2092 3614
526 271 679 309 COMM.
704 272 758 309 IN
781 271 924 309 VEEG.
950 271 1062 308 AEN.
1087 272 1173 309 VIII
1201 277 1399 310 136—147.
1720 272 1805 314 221

93 383 207 423 ante
237 381 329 423 tibi
346 379 480 424 ane
498 381 792 425 Atlantides
817 381 1184 425 abscondantur
1208 386 1246 424 et
1267 383 1415 424 multi
1445 386 1558 425 ante
1588 396 1809 425 occasum

92 452 265 495 Maiae
301 466 512 506 coepere,
550 467 642 497 cum
678 454 793 497 vellet
819 468 899 508 per
929 454 1099 496 Maiam
1134 455 1259 496 etiam
1290 457 1439 497 ceteras
1469 455 1660 497 Atlantis
1695 454 1810 516 silias

98 524 286 578 intelleyi.

215 595 311 638 139.
362 589 605 639 crLLENAE
643 611 766 639 mons
803 600 863 639 est
898 596 1128 652 Arcadiae,
1171 596 1246 638 ubi
1284 595 1401 649 Maia
1437 595 1698 638 Mercurium
1745 598 1810 638 est

93 667 230 710 enixa.
351 679 496 710 FVDIT
543 670 690 710 autem
730 683 817 711 non
861 668 1067 711 iniuriose
1105 668 1267 711 dictum
1309 670 1392 724 est,
1436 669 1484 709 ut
1521 667 1568 708 in
1605 667 1808 709 Pisonem
1835 677 1856 709 5

92 753 220 794 quae
252 741 300 781 te
333 739 534 781 beluam
561 754 617 781 ex
644 741 810 795 utero,
842 754 942 782 non
967 740 1223 782 hominem
1254 739 1410 794 fudit,
1443 739 1519 781 sed
1544 739 1809 781 celeritatem

93 810 300 865 parientis
339 810 549 865 ostendit,
588 810 701 866 quod
741 810 981 853 infantibus
1019 811 1175 853 dicitur
1214 825 1340 853 omen
1371 810 1596 853 felicitatis
1630 810 1810 853 adferre.

93 884 260 936 spectat
292 882 420 923 etiam
454 882 506 924 ad
539 882 755 924 rationem
787 882 1031 937 physicam:
1070 898 1173 925 nam
1206 883 1320 925 celer
1352 885 1418 924 est
1450 882 1611 937 ubique
1643 881 1808 924 Mercu-

93 953 200 1008 rius,
242 956 290 994 ut
314 953 506 995 diximus
537 967 667 1007 supra
699 952 791 1008 <IV
823 953 959 1009 239>,
998 957 1043 996 et
1073 953 1170 996 ideo
1204 954 1309 996 dicit
1340 968 1436 996 eum
1469 953 1599 996 etiam
1632 953 1677 995 in
1710 956 1807 996 ortu

92 1023 227 1066 fuisse
259 1024 462 1066 velocem.
1838 1036 1879 1067 10

215 1096 309 1137 142.
359 1113 488 1138 omes
517 1113 710 1139 ammam
737 1100 813 1138 aut
836 1111 971 1139 meum
995 1100 1033 1139 et
1057 1100 1184 1149 tuum,
1210 1100 1285 1139 aut
1312 1097 1590 1139 Troianorum
1616 1101 1653 1139 et
1677 1082 1830 1140 Arcas

91 1167 200 1208 dum.
256 1181 348 1221 eryo
381 1165 638 1209 ‘amborum'
667 1171 797 1221 potest
828 1167 1133 1222 ‘utrorumque'
1167 1169 1308 1222 accipi.

214 1238 309 1281 144.
361 1250 715 1280 TEMPTAMENTA
755 1251 836 1281 TVI
874 1251 1029 1282 PEPIGI
1075 1255 1171 1282 cum
1211 1240 1331 1282 nullo
1372 1243 1470 1282 ante
1508 1243 1661 1296 pactus
1701 1256 1809 1297 sum,

91 1313 139 1351 ut
170 1311 212 1352 te
246 1312 323 1352 aut
354 1324 430 1364 per
463 1313 600 1352 artem
628 1311 837 1366 aliquam,
870 1314 945 1357 aut
977 1327 1053 1366 per
1084 1312 1255 1367 legatos
1289 1312 1533 1367 probarem,
1567 1312 1640 1354 sed
1675 1313 1809 1354 intre-

92 1380 240 1436 pidum
273 1395 341 1423 me
373 1381 455 1423 tibi
491 1382 700 1424 commisi.
757 1381 1095 1438 ‘temptamenta
1126 1383 1294 1439 pepigi'
1328 1384 1623 1439 experimenta
1654 1387 1807 1440 pactus
1838 1395 1880 1426 15

92 1467 206 1495 sum:
245 1467 347 1494 nam
387 1453 583 1509 geminus
624 1446 690 1495 est
721 1455 748 1507 †
768 1453 838 1496 hic
876 1454 1138 1508 praeteritus
1178 1455 1232 1496 ab
1266 1469 1315 1496 eo
1349 1455 1464 1510 quod
1496 1459 1562 1498 est
1594 1457 1807 1512 paciscor:

90 1523 197 1566 facit
229 1524 342 1566 enim
374 1526 418 1566 et
450 1524 640 1580 ‘pepigi'
675 1528 717 1566 et
750 1524 923 1580 ‘pactus
958 1524 1087 1580 sum',
1131 1526 1242 1568 sicut
1274 1525 1467 1581 ‘placeo'
1502 1530 1544 1569 et
1581 1528 1727 1583 placui
1767 1531 1810 1570 et

91 1595 277 1650 placitus
310 1610 420 1638 sum.
475 1595 623 1652 ‘pago'
658 1597 790 1652 enim,
823 1597 933 1639 unde
965 1597 1092 1639 multi
1125 1598 1277 1640 volunt
1308 1598 1452 1640 venire
1485 1598 1678 1656 ‘pepigi',
1709 1615 1808 1642 nus—

92 1682 222 1722 quam
255 1670 322 1710 est
356 1668 527 1710 lectum.
589 1671 626 1710 et
655 1668 787 1710 altera
819 1672 877 1710 est
906 1669 1125 1723 expositio:
1159 1683 1244 1711 non
1275 1671 1468 1723 temptavi
1500 1673 1535 1712 te
1564 1671 1809 1724 quibusdam

84 1739 364 1795 pactionibus,
400 1740 546 1793 quibus
582 1741 782 1782 crederem
820 1744 904 1782 tuto
936 1742 993 1782 ad
1023 1744 1058 1783 te
1088 1744 1326 1783 venturum:
1363 1744 1411 1783 ut
1446 1741 1543 1783 haec
1577 1742 1707 1795 suerit
1737 1757 1808 1786 ars
1833 1752 1879 1783 20

92 1812 338 1863 temptantis.
399 1815 474 1853 aut
504 1811 608 1853 ‘non
641 1811 809 1866 legatos'
851 1812 929 1854 talc
966 1815 1041 1866 est,
1077 1813 1417 1866 quemadmodum
1455 1814 1498 1855 in
1538 1815 1722 1856 oratione
1758 1816 1810 1857 ab

95 1881 180 1922 alio
204 1882 250 1923 in
275 1882 394 1924 aliud
417 1883 586 1925 initium
612 1884 832 1937 transitur,
863 1886 911 1925 ut
935 1883 1027 1938 <IX
1048 1884 1166 1938 425>
1192 1898 1261 1926 me
1285 1898 1353 1926 me
1377 1885 1548 1927 adsum
1578 1886 1662 1939 qui
1690 1887 1809 1942 feci,

91 1955 129 1994 et
163 1966 247 1994 non
284 1955 548 2008 respondetur
577 1955 814 2009 propositis.
875 1969 966 2009 erqo
1004 1956 1112 1998 illud
1146 1955 1322 2008 refertur
1360 1955 1464 1998 ‘non
1496 1957 1646 2011 leyatos
1662 1958 1808 2014 *misiss

91 2027 166 2066 aut
196 2026 276 2067 tale
305 2026 482 2080 aliquid,
513 2027 622 2079 quod
649 2027 892 2068 sententiam
924 2027 1131 2080 compleat.

215 2097 311 2139 146.
361 2108 481 2139 GENS
502 2109 664 2139 EADEM
685 2109 807 2148 QVAE
828 2110 886 2139 TE
919 2098 980 2140 sic
1007 2098 1114 2155 agit,
1148 2102 1196 2141 ut
1223 2101 1265 2140 et
1291 2099 1382 2154 ipse
1415 2102 1634 2154 praestare
1664 2101 1806 2143 videa-
1833 2110 1878 2141 25

90 2169 180 2223 tur;
220 2183 319 2210 nam
358 2170 402 2210 et
440 2184 570 2224 supra
603 2170 665 2211 ait
698 2170 842 2224 <I20>
876 2168 1018 2212 ‘socia
1050 2185 1171 2212 arma
1203 2169 1443 2226 rogantes'.
1503 2174 1543 2213 et
1571 2176 1713 2226 aryute
1742 2173 1806 2214 in-

89 2239 219 2280 seruit
249 2237 443 2291 ‘eadem'‚
480 2254 551 2282 nec
581 2241 744 2283 addidit
773 2239 903 2282 (ποθ’.
1034 2252 1212 2283 DAVNIA
1243 2240 1423 2297 Rutula,
1464 2258 1489 2285 a
1520 2242 1688 2286 Dauno.

93 2320 296 2351 CRVDELI
329 2321 481 2352 BELLO
516 2325 645 2366 supra
678 2311 824 2366 <118>
858 2310 994 2354 ebello
1026 2312 1235 2368 profugos
1269 2326 1392 2368 egere
1425 2314 1647 2370 superbo'.

213 2381 309 2423 147.
359 2393 492 2423 NIHIL
524 2393 679 2425 AFORE
717 2382 800 2425 sibi
833 2383 1066 2425 offuturum
1097 2383 1206 2425 nihil
1240 2384 1519 2427 arbitrantur.

163 2534 351 2617 lgssgnff]l
375 2546 501 2581 georg.
528 2534 545 2569 I
569 2539 635 2571 221
676 2536 688 2581 ΙΙ
731 2535 859 2582 multi]
895 2547 1020 2583 georg.
1047 2536 1063 2571 I
1088 2541 1157 2573 225
1200 2539 1212 2583 ΙΙ
1231 2578 1234 2583 ,
1255 2542 1276 2573 5
1301 2538 1340 2573 in
1366 2538 1555 2585 Pisonem]
1595 2539 1729 2585 fragm.
1756 2539 1806 2575 VI

96 2593 132 2627 p.
315 2593 337 2617 a
354 2594 401 2618 m.

187 2728 207 2758 2
235 2724 349 2759 etiam
376 2725 519 2759 ceteras
546 2725 656 2759 etiam
686 2725 849 2761 amantis
875 2726 971 2762 filias
999 2727 1038 2762 F
1062 2729 1074 2773 ΙΙ
1105 2732 1126 2763 6
1154 2729 1302 2765 beluam
1328 2729 1412 2764 LF
1447 2731 1587 2766 bellam
1614 2731 1659 2765 H
1692 2730 1804 2766 belua

93 2771 265 2807 ASRM
283 2772 294 2817 ΙΙ
327 2776 345 2807 7
373 2772 433 2807 om
455 2772 676 2808 felicitatem
702 2774 739 2808 R
757 2775 770 2818 ΙΙ
802 2777 822 2808 8
849 2775 979 2822 etiam]
1008 2775 1105 2810 enim
1134 2777 1182 2811 M
1198 2779 1210 2822 ΙΙ
1239 2782 1259 2812 9
1286 2779 1325 2813 et
1349 2778 1400 2813 R:
1430 2778 1494 2813 sed
1519 2778 1709 2822 ASLM,
1735 2790 1801 2814 om.

67 2860 78 2871 ·
93 2819 137 2853 H
141 2819 208 2864 Fu
227 2819 342 2854 etiam
368 2819 460 2854 dicit
484 2830 569 2854 eum
596 2820 636 2854 F
651 2823 663 2866 ΙΙ
686 2825 726 2855 11
754 2822 804 2856 ad
829 2834 941 2857 ounvs
966 2834 999 2858 A.
1026 2834 1124 2869 supr.
1151 2835 1239 2860 rurs.
1267 2827 1334 2860 aut
1359 2825 1515 2861 dardani
1539 2827 1607 2861 aut
1630 2826 1803 2861 mercurii

94 2866 162 2904 aut
185 2878 308 2901 meum
335 2869 402 2902 aut
425 2868 532 2901 tuum
558 2870 624 2902 aut
650 2869 823 2903 arcadum
851 2872 917 2904 aut
940 2870 1169 2906 troianorum
1199 2872 1232 2906 'l'
1248 2874 1260 2917 Η
1288 2875 1327 2908 et
1351 2875 1457 2907 tuum
1485 2874 1709 2908 Masvicius:
1737 2876 1803 2909 aut

92 2916 198 2949 tuum
224 2913 265 2948 F
297 2915 310 2960 ΙΙ
349 2918 390 2950 13
417 2915 519 2959 ante]
555 2915 681 2950 autem
708 2916 758 2950 M
791 2917 803 2963 ΙΙ
843 2921 885 2951 16
917 2928 1003 2952 nam
1037 2918 1208 2964 geminus
1240 2922 1298 2955 est
1327 2920 1389 2955 hic
1419 2920 1612 2966 praeteriti
1638 2933 1727 2956 usus
1754 2921 1800 2956 F.

95 2961 305 2997 Schoellius.
330 2964 416 3005 fort.
442 2974 477 2998 n.
498 2962 669 3007 geminus
690 2973 720 2999 e.
746 2964 808 2999 hic
833 2965 1039 3009 praeteriti,
1065 2970 1107 3002 ut
1132 2967 1303 3012 geminus
1327 2969 1594 3004 substantivum
1618 2970 1677 3004 sit.
1715 2980 1802 3004 nam

94 3009 283 3053 geminum
309 3010 367 3045 est
391 3010 452 3044 hic
478 3010 722 3055 praeteritum
748 3010 956 3056 Stephanus
974 3014 986 3059 ΙΙ
1008 3017 1049 3048 17
1078 3015 1116 3049 et
1139 3014 1267 3060 pepigi
1291 3026 1358 3051 om.
1377 3015 1417 3050 F
1432 3017 1451 3061 ss¹
1468 3020 1509 3051 18
1535 3017 1651 3062 pago]
1678 3028 1801 3062 pango

95 3056 231 3091 ΑΒΜ.
269 3058 314 3101 cf.
344 3057 463 3092 Prisc.
490 3057 506 3092 I
525 3069 565 3102 p.
593 3061 674 3103 523,
700 3062 744 3093 23
766 3059 816 3094 Η.
836 3060 848 3104 ΙΙ
882 3063 923 3095 19
948 3060 1087 3096 lectum
1115 3063 1171 3097 eet
1195 3062 1289 3097 ΕΜ
1302 3064 1313 3108 ΙΙ
1338 3075 1412 3099 non
1437 3062 1624 3109 temptavi
1651 3092 1657 3098 .
1679 3090 1686 3098 .
1709 3091 1716 3099 .
1743 3075 1823 3098 ares.

95 3103 314 3148 temptantis
339 3105 421 3140 hab.
451 3105 484 3138 Τ
512 3105 524 3151 11
560 3106 650 3151 non]
677 3117 723 3140 ne
750 3106 783 3142 G
814 3107 825 3152 ΙΙ
862 3110 907 3142 20
934 3109 1059 3144 malim
1084 3109 1272 3144 crederem
1298 3121 1358 3146 me
1389 3112 1401 3157 ΙΙ
1438 3114 1482 3146 21
1510 3111 1591 3157 aut]
1617 3112 1700 3154 fort.
1729 3111 1767 3144 et
1790 3110 1802 3156 Η
1846 3146 1852 3151 ,

96 3152 140 3184 22
167 3162 224 3186 me
244 3151 329 3198 me]¹
345 3163 453 3187 mene
474 3152 507 3187 G
526 3154 538 3198 ΙΙ
557 3156 602 3187 25
629 3153 724 3200 agit]
752 3153 807 3189 ait
825 3154 956 3189 LHF
971 3157 983 3202 ΙΙ
1008 3160 1053 3191 28
1075 3168 1186 3201 supra
1205 3157 1304 3192 bello
1324 3169 1391 3193 om.
1407 3158 1448 3193 F
1463 3159 1475 3205 ΙΙ
1500 3162 1544 3193 29
1571 3170 1685 3192 ,worm
1704 3156 1800 3192 LF:

96 3208 235 3232 Annona
255 3198 328 3233 AS
335 3199 374 3233 H
411 3212 548 3234 AFFORE
567 3200 662 3235 ΕΜ
679 3202 690 3247 ΙΙ
709 3201 925 3237 abfuturum
947 3203 996 3237 M
1013 3205 1025 3250 ss
1043 3215 1074 3239 v.
1093 3207 1160 3238 148
1180 3205 1229 3239 ad
1248 3217 1331 3244 ovm
1350 3217 1451 3250 supr.
1472 3217 1558 3241 vers.
1580 3208 1622 3239 ut
1641 3216 1726 3248 non,
1752 3205 1802 3240 acl

100 3254 219 3278 ouum
243 3255 342 3289 supr.
369 3257 458 3281 vers.
484 3248 577 3282 bene
604 3258 751 3283 omnem
777 3260 823 3284 ne
849 3249 971 3285 solum
998 3251 1202 3286 euandrum
1228 3254 1464 3289 contemnere
1491 3252 1706 3287 uiderentur
1734 3251 1768 3285 Τ
