<?xml version="1.0" encoding="UTF-8"?>
<!DOCTYPE html PUBLIC "-//W3C//DTD XHTML 1.0 Transitional//EN"
    "http://www.w3.org/TR/xhtml1/DTD/xhtml1-transitional.dtd">
<html xmlns="http://www.w3.org/1999/xhtml" xml:lang="en" lang="en">
 <head>
  <title>
</title>
<meta http-equiv="Content-Type" content="text/html;charset=utf-8" />
  <meta name='ocr-system' content='tesseract 3.04.00' />
  <meta name='ocr-capabilities' content='ocr_page ocr_carea ocr_par ocr_line ocrx_word'/>
</head>
<body>
  <div class='ocr_page' id='page_1' title='image "./invergiliicarmin02servuoft_0456.png"; bbox 0 0 2092 3614; ppageno 0'>
   <div class='ocr_carea' id='block_1_1' title="bbox 258 685 278 715">
    <p class='ocr_par' dir='ltr' id='par_1_1' title="bbox 258 685 278 715">
     <span class='ocr_line' id='line_1_1' title="bbox 258 685 278 715; baseline 0 0"><span class='ocrx_word' id='word_1_1' title='bbox 258 685 278 715; x_wconf 87' lang='lat'>5</span> 
     </span>
    </p>
   </div>
   <div class='ocr_carea' id='block_1_2' title="bbox 238 1043 280 1073">
    <p class='ocr_par' dir='ltr' id='par_1_2' title="bbox 238 1043 280 1073">
     <span class='ocr_line' id='line_1_2' title="bbox 238 1043 280 1073; baseline 0.024 -1"><span class='ocrx_word' id='word_1_2' title='bbox 238 1043 280 1073; x_wconf 93' lang='lat'><em>10</em></span> 
     </span>
    </p>
   </div>
   <div class='ocr_carea' id='block_1_3' title="bbox 239 1399 282 1431">
    <p class='ocr_par' dir='ltr' id='par_1_3' title="bbox 239 1399 282 1431">
     <span class='ocr_line' id='line_1_3' title="bbox 239 1399 282 1431; baseline -0.023 0"><span class='ocrx_word' id='word_1_3' title='bbox 239 1399 282 1431; x_wconf 88' lang='lat'><em>15</em></span> 
     </span>
    </p>
   </div>
   <div class='ocr_carea' id='block_1_4' title="bbox 238 1757 283 1789">
    <p class='ocr_par' dir='ltr' id='par_1_4' title="bbox 238 1757 283 1789">
     <span class='ocr_line' id='line_1_4' title="bbox 238 1757 283 1789; baseline -0.022 0"><span class='ocrx_word' id='word_1_4' title='bbox 238 1757 283 1789; x_wconf 81' lang='lat'><em>20</em></span> 
     </span>
    </p>
   </div>
   <div class='ocr_carea' id='block_1_5' title="bbox 304 279 1239 321">
    <p class='ocr_par' dir='ltr' id='par_1_5' title="bbox 304 279 1239 321">
     <span class='ocr_line' id='line_1_5' title="bbox 304 279 1239 321; baseline -0.007 0"><span class='ocrx_word' id='word_1_5' title='bbox 304 279 391 321; x_wconf 86' lang='grc'><strong>442</strong></span> <span class='ocrx_word' id='word_1_6' title='bbox 1078 279 1239 315; x_wconf 78' lang='lat' dir='ltr'><strong>SERVH</strong></span> 
     </span>
    </p>
   </div>
   <div class='ocr_carea' id='block_1_6' title="bbox 424 378 2089 445">
    <p class='ocr_par' dir='ltr' id='par_1_6' title="bbox 424 378 2089 445">
     <span class='ocr_line' id='line_1_6' title="bbox 424 378 2089 445; baseline 0.002 -14"><span class='ocrx_word' id='word_1_7' title='bbox 424 390 523 431; x_wconf 82' lang='lat'>487.</span> <span class='ocrx_word' id='word_1_8' title='bbox 573 401 846 440; x_wconf 72' lang='lat' dir='ltr'><em>ANfflvsovE</em></span> <span class='ocrx_word' id='word_1_9' title='bbox 873 401 1150 440; x_wconf 76' lang='lat' dir='ltr'><strong>SEQVVNTVR</strong></span> <span class='ocrx_word' id='word_1_10' title='bbox 1182 388 1379 432; x_wconf 76' lang='lat' dir='ltr'><em>‘animus&#39;</em></span> <span class='ocrx_word' id='word_1_11' title='bbox 1411 405 1489 445; x_wconf 89' lang='lat' dir='ltr'><em>pro</em></span> <span class='ocrx_word' id='word_1_12' title='bbox 1517 391 1679 433; x_wconf 85' lang='lat' dir='ltr'><em>anima:</em></span> <span class='ocrx_word' id='word_1_13' title='bbox 1710 407 1811 434; x_wconf 84' lang='lat' dir='ltr'><em>nam</em></span> <span class='ocrx_word' id='word_1_14' title='bbox 1844 393 2012 435; x_wconf 86' lang='lat' dir='ltr'><em>animus</em></span> <span class='ocrx_word' id='word_1_15' title='bbox 2087 378 2089 381; x_wconf 30' lang='lat'>⁵</span> 
     </span>
    </p>
   </div>
   <div class='ocr_carea' id='block_1_7' title="bbox 297 461 2024 2017">
    <p class='ocr_par' dir='ltr' id='par_1_7' title="bbox 297 461 2015 789">
     <span class='ocr_line' id='line_1_7' title="bbox 306 461 2013 518; baseline 0.002 -16"><span class='ocrx_word' id='word_1_16' title='bbox 306 461 473 503; x_wconf 83' lang='lat' dir='ltr'><em>consilii</em></span> <span class='ocrx_word' id='word_1_17' title='bbox 513 463 596 512; x_wconf 88' lang='lat' dir='ltr'><em>est,</em></span> <span class='ocrx_word' id='word_1_18' title='bbox 635 461 780 502; x_wconf 87' lang='lat' dir='ltr'><em>anima</em></span> <span class='ocrx_word' id='word_1_19' title='bbox 819 461 946 503; x_wconf 86' lang='lat' dir='ltr'><em>vitae.</em></span> <span class='ocrx_word' id='word_1_20' title='bbox 1007 461 1177 514; x_wconf 74' lang='lat' dir='ltr'><em>quidam</em></span> <span class='ocrx_word' id='word_1_21' title='bbox 1208 462 1428 503; x_wconf 84' lang='lat' dir='ltr'><em>secundum</em></span> <span class='ocrx_word' id='word_1_22' title='bbox 1459 462 1683 515; x_wconf 76' lang='lat' dir='ltr'><em>Epicureos</em></span> <span class='ocrx_word' id='word_1_23' title='bbox 1718 465 1906 506; x_wconf 81' lang='lat' dir='ltr'><em>animam</em></span> <span class='ocrx_word' id='word_1_24' title='bbox 1935 478 2013 518; x_wconf 74' lang='lat' dir='ltr'><em>per</em></span> 
     </span>
     <span class='ocr_line' id='line_1_8' title="bbox 307 533 2014 589; baseline 0.002 -15"><span class='ocrx_word' id='word_1_25' title='bbox 307 536 433 574; x_wconf 77' lang='lat' dir='ltr'><em>totum</em></span> <span class='ocrx_word' id='word_1_26' title='bbox 458 546 604 585; x_wconf 77' lang='lat' dir='ltr'><em>corpus</em></span> <span class='ocrx_word' id='word_1_27' title='bbox 627 533 805 574; x_wconf 80' lang='lat' dir='ltr'><em>divisam</em></span> <span class='ocrx_word' id='word_1_28' title='bbox 829 545 912 575; x_wconf 85' lang='lat' dir='ltr'><em>esse</em></span> <span class='ocrx_word' id='word_1_29' title='bbox 935 533 1092 587; x_wconf 79' lang='lat' dir='ltr'><em>volunt,</em></span> <span class='ocrx_word' id='word_1_30' title='bbox 1124 536 1162 574; x_wconf 78' lang='lat' dir='ltr'><em>et</em></span> <span class='ocrx_word' id='word_1_31' title='bbox 1186 533 1332 574; x_wconf 79' lang='lat' dir='ltr'><em>exinde</em></span> <span class='ocrx_word' id='word_1_32' title='bbox 1352 546 1474 586; x_wconf 75' lang='lat' dir='ltr'><em>posse</em></span> <span class='ocrx_word' id='word_1_33' title='bbox 1496 534 1589 587; x_wconf 67' lang='lat' dir='ltr'><em>fieri</em></span> <span class='ocrx_word' id='word_1_34' title='bbox 1613 537 1660 576; x_wconf 77' lang='lat' dir='ltr'><em>ul</em></span> <span class='ocrx_word' id='word_1_35' title='bbox 1682 535 1775 588; x_wconf 77' lang='lat' dir='ltr'><em>quis</em></span> <span class='ocrx_word' id='word_1_36' title='bbox 1798 539 2014 589; x_wconf 76' lang='lat' dir='ltr'><em>amputata</em></span> 
     </span>
     <span class='ocr_line' id='line_1_9' title="bbox 297 599 2015 661; baseline 0.002 -15"><span class='ocrx_word' id='word_1_37' title='bbox 297 607 421 658; x_wconf 75' lang='lat' dir='ltr'><em>parte</em></span> <span class='ocrx_word' id='word_1_38' title='bbox 456 604 636 657; x_wconf 76' lang='lat' dir='ltr'><em>corporis</em></span> <span class='ocrx_word' id='word_1_39' title='bbox 672 604 806 646; x_wconf 76' lang='lat' dir='ltr'><em>vivat:</em></span> <span class='ocrx_word' id='word_1_40' title='bbox 846 604 1036 646; x_wconf 82' lang='lat' dir='ltr'><em>animum</em></span> <span class='ocrx_word' id='word_1_41' title='bbox 1072 618 1164 646; x_wconf 87' lang='lat' dir='ltr'><em>vero</em></span> <span class='ocrx_word' id='word_1_42' title='bbox 1203 617 1284 646; x_wconf 87' lang='lat' dir='ltr'><em>esse</em></span> <span class='ocrx_word' id='word_1_43' title='bbox 1314 600 1363 645; x_wconf 84' lang='grc' dir='ltr'><em>τὸ</em></span> <span class='ocrx_word' id='word_1_44' title='bbox 1397 599 1669 658; x_wconf 75' lang='grc' dir='ltr'><em>ἡγεμονικὸν</em></span> <span class='ocrx_word' id='word_1_45' title='bbox 1705 606 1888 661; x_wconf 84' lang='lat' dir='ltr'><em>animae,</em></span> <span class='ocrx_word' id='word_1_46' title='bbox 1926 607 2015 649; x_wconf 87' lang='lat' dir='ltr'><em>sine</em></span> 
     </span>
     <span class='ocr_line' id='line_1_10' title="bbox 304 676 2014 734; baseline 0.002 -17"><span class='ocrx_word' id='word_1_47' title='bbox 304 690 383 729; x_wconf 77' lang='lat' dir='ltr'><em>quo</em></span> <span class='ocrx_word' id='word_1_48' title='bbox 419 676 550 717; x_wconf 83' lang='lat' dir='ltr'><em>vivere</em></span> <span class='ocrx_word' id='word_1_49' title='bbox 585 689 669 717; x_wconf 85' lang='lat' dir='ltr'><em>non</em></span> <span class='ocrx_word' id='word_1_50' title='bbox 708 688 949 729; x_wconf 80' lang='lat' dir='ltr'><em>possumus:</em></span> <span class='ocrx_word' id='word_1_51' title='bbox 993 689 1084 730; x_wconf 76' lang='lat' dir='ltr'><em>cryc</em></span> <span class='ocrx_word' id='word_1_52' title='bbox 1121 676 1342 718; x_wconf 82' lang='lat' dir='ltr'><em>secundum</em></span> <span class='ocrx_word' id='word_1_53' title='bbox 1378 679 1526 719; x_wconf 82' lang='lat' dir='ltr'><em>sectam</em></span> <span class='ocrx_word' id='word_1_54' title='bbox 1562 677 1818 734; x_wconf 36' lang='lat' dir='ltr'><em>sibi-nolam</em></span> <span class='ocrx_word' id='word_1_55' title='bbox 1850 681 2014 732; x_wconf 75' lang='lat' dir='ltr'><em>poetam</em></span> 
     </span>
     <span class='ocr_line' id='line_1_11' title="bbox 306 735 1686 789; baseline 0 0"><span class='ocrx_word' id='word_1_56' title='bbox 306 748 494 789; x_wconf 80' lang='lat' dir='ltr'><em>locutum.</em></span> <span class='ocrx_word' id='word_1_57' title='bbox 1683 735 1686 738; x_wconf 37' lang='lat'><em>¹</em></span> 
     </span>
    </p>

    <p class='ocr_par' dir='ltr' id='par_1_8' title="bbox 304 815 2011 947">
     <span class='ocr_line' id='line_1_12' title="bbox 423 815 2011 875; baseline 0.001 -15"><span class='ocrx_word' id='word_1_58' title='bbox 423 819 524 860; x_wconf 85' lang='lat'>488.</span> <span class='ocrx_word' id='word_1_59' title='bbox 574 835 747 861; x_wconf 71' lang='lat' dir='ltr'><em>somrru</em></span> <span class='ocrx_word' id='word_1_60' title='bbox 772 835 896 861; x_wconf 77' lang='lat' dir='ltr'><em>SVPER</em></span> <span class='ocrx_word' id='word_1_61' title='bbox 924 835 1032 860; x_wconf 78' lang='lat' dir='ltr'><em>ARMA</em></span> <span class='ocrx_word' id='word_1_62' title='bbox 1062 835 1220 861; x_wconf 76' lang='lat' dir='ltr'><em>DEBERE</em></span> <span class='ocrx_word' id='word_1_63' title='bbox 1252 818 1428 861; x_wconf 77' lang='lat' dir='ltr'><em>Homeri</em></span> <span class='ocrx_word' id='word_1_64' title='bbox 1464 823 1521 862; x_wconf 69' lang='lat' dir='ltr'><em>est</em></span> <span class='ocrx_word' id='word_1_65' title='bbox 1557 815 1754 875; x_wconf 77' lang='grc' dir='ltr'><em>ἀράβησε</em></span> <span class='ocrx_word' id='word_1_66' title='bbox 1793 818 1842 862; x_wconf 74' lang='grc' dir='ltr'><em>δὲ</em></span> <span class='ocrx_word' id='word_1_67' title='bbox 1873 816 2011 874; x_wconf 81' lang='grc' dir='ltr'><strong><em>τεύχε’</em></strong></span> 
     </span>
     <span class='ocr_line' id='line_1_13' title="bbox 304 885 1205 947; baseline 0.001 -16"><span class='ocrx_word' id='word_1_68' title='bbox 304 886 371 932; x_wconf 80' lang='grc' dir='ltr'><em>ἐπ’</em></span> <span class='ocrx_word' id='word_1_69' title='bbox 407 885 537 947; x_wconf 77' lang='grc' dir='ltr'><strong>αὐτῷ.</strong></span> <span class='ocrx_word' id='word_1_70' title='bbox 1202 898 1205 901; x_wconf 69' lang='grc'><strong>“</strong></span> 
     </span>
    </p>

    <p class='ocr_par' dir='ltr' id='par_1_9' title="bbox 307 961 2016 1087">
     <span class='ocr_line' id='line_1_14' title="bbox 425 961 2016 1018; baseline 0.001 -15"><span class='ocrx_word' id='word_1_71' title='bbox 425 961 524 1004; x_wconf 84' lang='grc'><strong>491.</strong></span> <span class='ocrx_word' id='word_1_72' title='bbox 573 972 786 1002; x_wconf 75' lang='lat' dir='ltr'><em>REFERTE</em></span> <span class='ocrx_word' id='word_1_73' title='bbox 808 962 1034 1003; x_wconf 80' lang='lat' dir='ltr'><strong>EVANDRO</strong></span> <span class='ocrx_word' id='word_1_74' title='bbox 1062 963 1208 1015; x_wconf 88' lang='lat' dir='ltr'><em>potest</em></span> <span class='ocrx_word' id='word_1_75' title='bbox 1233 963 1276 1003; x_wconf 85' lang='lat' dir='ltr'><em>et</em></span> <span class='ocrx_word' id='word_1_76' title='bbox 1301 961 1371 1004; x_wconf 87' lang='grc'><strong>1110</strong></span> <span class='ocrx_word' id='word_1_77' title='bbox 1398 961 1621 1018; x_wconf 72' lang='lat' dir='ltr'>distingui,</span> <span class='ocrx_word' id='word_1_78' title='bbox 1646 964 1791 1018; x_wconf 88' lang='lat' dir='ltr'><em>potest</em></span> <span class='ocrx_word' id='word_1_79' title='bbox 1817 965 1860 1005; x_wconf 90' lang='lat' dir='ltr'><em>et</em></span> <span class='ocrx_word' id='word_1_80' title='bbox 1886 978 2016 1018; x_wconf 78' lang='lat' dir='ltr'><em>supra</em></span> 
     </span>
     <span class='ocr_line' id='line_1_15' title="bbox 307 1031 1726 1087; baseline 0.001 -12"><span class='ocrx_word' id='word_1_81' title='bbox 307 1032 506 1087; x_wconf 75' lang='lat' dir='ltr'><em>‘referte&#39;,</em></span> <span class='ocrx_word' id='word_1_82' title='bbox 539 1034 587 1074; x_wconf 88' lang='lat' dir='ltr'><em>ut</em></span> <span class='ocrx_word' id='word_1_83' title='bbox 619 1032 675 1074; x_wconf 91' lang='lat' dir='ltr'><em>sit</em></span> <span class='ocrx_word' id='word_1_84' title='bbox 707 1031 927 1075; x_wconf 74' lang='lat' dir='ltr'><em>‘Euandro</em></span> <span class='ocrx_word' id='word_1_85' title='bbox 961 1032 1135 1074; x_wconf 84' lang='lat' dir='ltr'><em>remitto</em></span> <span class='ocrx_word' id='word_1_86' title='bbox 1170 1033 1342 1087; x_wconf 87' lang='lat' dir='ltr'><em>qualem</em></span> <span class='ocrx_word' id='word_1_87' title='bbox 1374 1034 1531 1075; x_wconf 87' lang='lat' dir='ltr'><em>meruit</em></span> <span class='ocrx_word' id='word_1_88' title='bbox 1562 1033 1726 1077; x_wconf 86' lang='lat' dir='ltr'><em>filium&#39;.</em></span> 
     </span>
    </p>

    <p class='ocr_par' dir='ltr' id='par_1_10' title="bbox 305 1102 2018 1303">
     <span class='ocr_line' id='line_1_16' title="bbox 425 1102 2014 1159; baseline 0.001 -13"><span class='ocrx_word' id='word_1_89' title='bbox 425 1104 525 1146; x_wconf 86' lang='lat'>493.</span> <span class='ocrx_word' id='word_1_90' title='bbox 576 1120 764 1151; x_wconf 63' lang='lat' dir='ltr'><em>ormam&gt;</em></span> <span class='ocrx_word' id='word_1_91' title='bbox 791 1118 872 1157; x_wconf 75' lang='lat' dir='ltr'><em>pro</em></span> <span class='ocrx_word' id='word_1_92' title='bbox 903 1102 1243 1157; x_wconf 75' lang='lat' dir='ltr'><em>‘quodcumque’:</em></span> <span class='ocrx_word' id='word_1_93' title='bbox 1281 1104 1461 1147; x_wconf 75' lang='lat' dir='ltr'><em>Plautus</em></span> <span class='ocrx_word' id='word_1_94' title='bbox 1493 1105 1537 1147; x_wconf 88' lang='lat' dir='ltr'><em>in</em></span> <span class='ocrx_word' id='word_1_95' title='bbox 1567 1105 1845 1148; x_wconf 75' lang='lat' dir='ltr'><em>Bacchidibus</em></span> <span class='ocrx_word' id='word_1_96' title='bbox 1875 1107 2014 1159; x_wconf 78' lang='lat' dir='ltr'><em>quid-</em></span> 
     </span>
     <span class='ocr_line' id='line_1_17' title="bbox 305 1175 2018 1230; baseline 0.001 -12"><span class='ocrx_word' id='word_1_97' title='bbox 305 1177 425 1230; x_wconf 77' lang='lat' dir='ltr'><em>quid</em></span> <span class='ocrx_word' id='word_1_98' title='bbox 458 1179 527 1218; x_wconf 75' lang='lat' dir='ltr'><em>cst</em></span> <span class='ocrx_word' id='word_1_99' title='bbox 563 1189 733 1218; x_wconf 81' lang='lat' dir='ltr'><em>nomen</em></span> <span class='ocrx_word' id='word_1_100' title='bbox 767 1175 876 1217; x_wconf 82' lang='lat' dir='ltr'><em>sibi.</em></span> <span class='ocrx_word' id='word_1_101' title='bbox 999 1186 1216 1217; x_wconf 75' lang='lat' dir='ltr'>SOLAMEN</span> <span class='ocrx_word' id='word_1_102' title='bbox 1249 1187 1469 1218; x_wconf 81' lang='lat' dir='ltr'><strong>HVMANDI</strong></span> <span class='ocrx_word' id='word_1_103' title='bbox 1500 1188 1585 1219; x_wconf 75' lang='lat' dir='ltr'><em>Es&#39;r</em></span> <span class='ocrx_word' id='word_1_104' title='bbox 1616 1177 1816 1219; x_wconf 83' lang='lat' dir='ltr'><em>solacium</em></span> <span class='ocrx_word' id='word_1_105' title='bbox 1846 1177 2018 1220; x_wconf 84' lang='lat' dir='ltr'><em>dolentis</em></span> 
     </span>
     <span class='ocr_line' id='line_1_18' title="bbox 305 1246 2017 1303; baseline 0.001 -13"><span class='ocrx_word' id='word_1_106' title='bbox 305 1248 455 1290; x_wconf 74' lang='lat' dir='ltr'><em>scilieet</em></span> <span class='ocrx_word' id='word_1_107' title='bbox 477 1247 641 1301; x_wconf 77' lang='lat' dir='ltr'><em>patris:</em></span> <span class='ocrx_word' id='word_1_108' title='bbox 682 1246 783 1302; x_wconf 88' lang='lat' dir='ltr'><em>quia</em></span> <span class='ocrx_word' id='word_1_109' title='bbox 820 1246 895 1288; x_wconf 77' lang='lat' dir='ltr'><em>hoc</em></span> <span class='ocrx_word' id='word_1_110' title='bbox 934 1246 1143 1288; x_wconf 83' lang='lat' dir='ltr'><em>solacium</em></span> <span class='ocrx_word' id='word_1_111' title='bbox 1176 1249 1241 1289; x_wconf 89' lang='lat' dir='ltr'><em>est</em></span> <span class='ocrx_word' id='word_1_112' title='bbox 1271 1247 1527 1303; x_wconf 87' lang='lat' dir='ltr'><em>viventium,</em></span> <span class='ocrx_word' id='word_1_113' title='bbox 1564 1247 1743 1291; x_wconf 86' lang='lat' dir='ltr'><em>humare</em></span> <span class='ocrx_word' id='word_1_114' title='bbox 1782 1248 2017 1291; x_wconf 82' lang='lat' dir='ltr'><em>defunctos.</em></span> 
     </span>
    </p>

    <p class='ocr_par' dir='ltr' id='par_1_11' title="bbox 310 1317 2018 1446">
     <span class='ocr_line' id='line_1_19' title="bbox 424 1317 2018 1375; baseline 0.001 -14"><span class='ocrx_word' id='word_1_115' title='bbox 424 1319 524 1361; x_wconf 83' lang='lat'>494.</span> <span class='ocrx_word' id='word_1_116' title='bbox 575 1330 787 1361; x_wconf 80' lang='lat' dir='ltr'>STABVNT</span> <span class='ocrx_word' id='word_1_117' title='bbox 820 1317 1091 1360; x_wconf 82' lang='lat' dir='ltr'><em>constabunt.</em></span> <span class='ocrx_word' id='word_1_118' title='bbox 1152 1318 1345 1373; x_wconf 75' lang='lat' dir='ltr'><em>hoceryo</em></span> <span class='ocrx_word' id='word_1_119' title='bbox 1377 1319 1497 1361; x_wconf 76' lang='lat' dir='ltr'><em>dicit:</em></span> <span class='ocrx_word' id='word_1_120' title='bbox 1535 1333 1620 1362; x_wconf 90' lang='lat' dir='ltr'><em>non</em></span> <span class='ocrx_word' id='word_1_121' title='bbox 1651 1319 1717 1362; x_wconf 88' lang='lat' dir='ltr'><em>illi</em></span> <span class='ocrx_word' id='word_1_122' title='bbox 1746 1334 1899 1375; x_wconf 80' lang='lat' dir='ltr'><em>parvo,</em></span> <span class='ocrx_word' id='word_1_123' title='bbox 1930 1335 2018 1362; x_wconf 90' lang='lat' dir='ltr'><em>non</em></span> 
     </span>
     <span class='ocr_line' id='line_1_20' title="bbox 310 1389 2018 1446; baseline 0.001 -14"><span class='ocrx_word' id='word_1_124' title='bbox 310 1405 444 1446; x_wconf 80' lang='lat' dir='ltr'><em>parvo</em></span> <span class='ocrx_word' id='word_1_125' title='bbox 477 1390 688 1445; x_wconf 83' lang='lat' dir='ltr'><em>periculo,</em></span> <span class='ocrx_word' id='word_1_126' title='bbox 720 1389 961 1432; x_wconf 77' lang='lat' dir='ltr'><em>constabunt</em></span> <span class='ocrx_word' id='word_1_127' title='bbox 984 1390 1148 1432; x_wconf 84' lang='lat' dir='ltr'><em>Aeneae</em></span> <span class='ocrx_word' id='word_1_128' title='bbox 1177 1389 1367 1444; x_wconf 76' lang='lat' dir='ltr'><em>hospitia.</em></span> <span class='ocrx_word' id='word_1_129' title='bbox 1417 1394 1456 1432; x_wconf 77' lang='lat' dir='ltr'><em>et</em></span> <span class='ocrx_word' id='word_1_130' title='bbox 1485 1394 1543 1433; x_wconf 72' lang='lat' dir='ltr'><em>est</em></span> <span class='ocrx_word' id='word_1_131' title='bbox 1564 1391 1837 1444; x_wconf 71' lang='lat' dir='ltr'><em>proverbialis</em></span> <span class='ocrx_word' id='word_1_132' title='bbox 1866 1405 2018 1434; x_wconf 86' lang='lat' dir='ltr'><em>sensus.</em></span> 
     </span>
    </p>

    <p class='ocr_par' dir='ltr' id='par_1_12' title="bbox 307 1461 2019 1802">
     <span class='ocr_line' id='line_1_21' title="bbox 425 1461 2017 1518; baseline 0 -14"><span class='ocrx_word' id='word_1_133' title='bbox 425 1462 525 1504; x_wconf 78' lang='lat'>496.</span> <span class='ocrx_word' id='word_1_134' title='bbox 573 1473 747 1503; x_wconf 79' lang='lat' dir='ltr'><strong>BALTEI</strong></span> <span class='ocrx_word' id='word_1_135' title='bbox 780 1463 925 1516; x_wconf 83' lang='lat' dir='ltr'><em>potest</em></span> <span class='ocrx_word' id='word_1_136' title='bbox 952 1463 994 1503; x_wconf 90' lang='lat' dir='ltr'><em>et</em></span> <span class='ocrx_word' id='word_1_137' title='bbox 1020 1461 1260 1516; x_wconf 83' lang='lat' dir='ltr'><em>synaeresis</em></span> <span class='ocrx_word' id='word_1_138' title='bbox 1287 1475 1381 1503; x_wconf 88' lang='lat' dir='ltr'><em>esse</em></span> <span class='ocrx_word' id='word_1_139' title='bbox 1407 1461 1587 1517; x_wconf 73' lang='lat' dir='ltr'><em>‘baltei&#39;,</em></span> <span class='ocrx_word' id='word_1_140' title='bbox 1618 1464 1764 1517; x_wconf 87' lang='lat' dir='ltr'><em>potest</em></span> <span class='ocrx_word' id='word_1_141' title='bbox 1795 1464 1839 1504; x_wconf 88' lang='lat' dir='ltr'><em>et</em></span> <span class='ocrx_word' id='word_1_142' title='bbox 1862 1463 2017 1518; x_wconf 88' lang='lat' dir='ltr'><em>hyper-</em></span> 
     </span>
     <span class='ocr_line' id='line_1_22' title="bbox 308 1532 2019 1588; baseline 0.001 -14"><span class='ocrx_word' id='word_1_143' title='bbox 308 1535 470 1575; x_wconf 84' lang='lat' dir='ltr'><em>metrus</em></span> <span class='ocrx_word' id='word_1_144' title='bbox 514 1547 680 1588; x_wconf 82' lang='lat' dir='ltr'><em>versus3</em></span> <span class='ocrx_word' id='word_1_145' title='bbox 724 1547 826 1574; x_wconf 88' lang='lat' dir='ltr'><em>nam</em></span> <span class='ocrx_word' id='word_1_146' title='bbox 872 1547 1054 1587; x_wconf 87' lang='lat' dir='ltr'><em>sequens</em></span> <span class='ocrx_word' id='word_1_147' title='bbox 1100 1547 1125 1574; x_wconf 89' lang='lat' dir='ltr'><em>a</em></span> <span class='ocrx_word' id='word_1_148' title='bbox 1163 1532 1300 1574; x_wconf 81' lang='lat' dir='ltr'><em>vocali</em></span> <span class='ocrx_word' id='word_1_149' title='bbox 1345 1533 1529 1575; x_wconf 82' lang='lat' dir='ltr'><em>inchoat.</em></span> <span class='ocrx_word' id='word_1_150' title='bbox 1592 1534 1763 1575; x_wconf 83' lang='lat' dir='ltr'><em>balteus</em></span> <span class='ocrx_word' id='word_1_151' title='bbox 1809 1536 1954 1576; x_wconf 87' lang='lat' dir='ltr'><em>autem</em></span> <span class='ocrx_word' id='word_1_152' title='bbox 1994 1550 2019 1576; x_wconf 86' lang='lat' dir='ltr'><em>a</em></span> 
     </span>
     <span class='ocr_line' id='line_1_23' title="bbox 307 1603 2017 1660; baseline 0.001 -14"><span class='ocrx_word' id='word_1_153' title='bbox 307 1619 488 1646; x_wconf 74' lang='lat' dir='ltr'><em>numero</em></span> <span class='ocrx_word' id='word_1_154' title='bbox 521 1604 734 1660; x_wconf 85' lang='lat' dir='ltr'><em>singulari</em></span> <span class='ocrx_word' id='word_1_155' title='bbox 767 1603 995 1646; x_wconf 88' lang='lat' dir='ltr'><em>masculini</em></span> <span class='ocrx_word' id='word_1_156' title='bbox 1008 1606 1093 1651; x_wconf 16' lang='lat' dir='ltr'><em>⁴*est</em></span> <span class='ocrx_word' id='word_1_157' title='bbox 1118 1605 1290 1646; x_wconf 83' lang='lat' dir='ltr'><em>tantum</em></span> <span class='ocrx_word' id='word_1_158' title='bbox 1323 1604 1511 1659; x_wconf 86' lang='lat' dir='ltr'><em>generis:</em></span> <span class='ocrx_word' id='word_1_159' title='bbox 1544 1604 1760 1646; x_wconf 84' lang='lat' dir='ltr'><em>Iuvenalis</em></span> <span class='ocrx_word' id='word_1_160' title='bbox 1788 1604 1881 1659; x_wconf 85' lang='lat' dir='ltr'><em>&lt;VI</em></span> <span class='ocrx_word' id='word_1_161' title='bbox 1901 1604 2017 1660; x_wconf 79' lang='lat'>256&gt;</span> 
     </span>
     <span class='ocr_line' id='line_1_24' title="bbox 309 1665 2018 1731; baseline 0 -13"><span class='ocrx_word' id='word_1_162' title='bbox 309 1676 521 1718; x_wconf 74' lang='lat' dir='ltr'><em>balteus·</em></span> <span class='ocrx_word' id='word_1_163' title='bbox 551 1677 601 1718; x_wconf 86' lang='lat' dir='ltr'><em>et</em></span> <span class='ocrx_word' id='word_1_164' title='bbox 632 1676 838 1717; x_wconf 84' lang='lat' dir='ltr'><em>tunicae</em></span> <span class='ocrx_word' id='word_1_165' title='bbox 871 1677 920 1716; x_wconf 86' lang='lat' dir='ltr'><em>et</em></span> <span class='ocrx_word' id='word_1_166' title='bbox 951 1665 1160 1717; x_wconf 66' lang='lat' dir='ltr'><em>cristae:</em></span> <span class='ocrx_word' id='word_1_167' title='bbox 1194 1675 1238 1716; x_wconf 88' lang='lat' dir='ltr'><em>in</em></span> <span class='ocrx_word' id='word_1_168' title='bbox 1263 1690 1443 1717; x_wconf 85' lang='lat' dir='ltr'><em>numero</em></span> <span class='ocrx_word' id='word_1_169' title='bbox 1470 1690 1570 1718; x_wconf 88' lang='lat' dir='ltr'><em>vero</em></span> <span class='ocrx_word' id='word_1_170' title='bbox 1603 1676 1762 1731; x_wconf 86' lang='lat' dir='ltr'>plurali</span> <span class='ocrx_word' id='word_1_171' title='bbox 1789 1679 1832 1718; x_wconf 89' lang='lat' dir='ltr'><em>et</em></span> <span class='ocrx_word' id='word_1_172' title='bbox 1857 1676 2018 1718; x_wconf 88' lang='lat' dir='ltr'><em>neutri:</em></span> 
     </span>
     <span class='ocr_line' id='line_1_25' title="bbox 310 1745 2019 1802; baseline 0 -13"><span class='ocrx_word' id='word_1_173' title='bbox 310 1747 425 1790; x_wconf 88' lang='lat' dir='ltr'><em>idem</em></span> <span class='ocrx_word' id='word_1_174' title='bbox 440 1746 658 1789; x_wconf 82' lang='lat' dir='ltr'><em>Iuvenalis</em></span> <span class='ocrx_word' id='word_1_175' title='bbox 673 1745 895 1802; x_wconf 86' lang='lat' dir='ltr'>&lt;IX111&gt;</span> <span class='ocrx_word' id='word_1_176' title='bbox 911 1747 1150 1802; x_wconf 85' lang='lat' dir='ltr'><em>quotiens</em></span> <span class='ocrx_word' id='word_1_177' title='bbox 1170 1747 1465 1789; x_wconf 82' lang='lat' dir='ltr'><em>rumoribus</em></span> <span class='ocrx_word' id='word_1_178' title='bbox 1486 1747 1812 1790; x_wconf 85' lang='lat' dir='ltr'><em>ulciscuntur</em></span> <span class='ocrx_word' id='word_1_179' title='bbox 1831 1747 2019 1790; x_wconf 84' lang='lat' dir='ltr'><em>baltea.</em></span> 
     </span>
    </p>

    <p class='ocr_par' dir='ltr' id='par_1_13' title="bbox 310 1818 2024 2017">
     <span class='ocr_line' id='line_1_26' title="bbox 427 1818 2020 1874; baseline 0 -13"><span class='ocrx_word' id='word_1_180' title='bbox 427 1819 529 1861; x_wconf 86' lang='lat'>497.</span> <span class='ocrx_word' id='word_1_181' title='bbox 578 1829 937 1869; x_wconf 76' lang='lat' dir='ltr'><strong>INPRESSVMQVE</strong></span> <span class='ocrx_word' id='word_1_182' title='bbox 974 1829 1122 1861; x_wconf 76' lang='lat' dir='ltr'>NEFAS</span> <span class='ocrx_word' id='word_1_183' title='bbox 1163 1818 1427 1874; x_wconf 83' lang='lat' dir='ltr'><em>insculptum</em></span> <span class='ocrx_word' id='word_1_184' title='bbox 1464 1818 1708 1861; x_wconf 87' lang='lat' dir='ltr'><em>Danaidum</em></span> <span class='ocrx_word' id='word_1_185' title='bbox 1747 1818 1882 1861; x_wconf 85' lang='lat' dir='ltr'><em>nefas.</em></span> <span class='ocrx_word' id='word_1_186' title='bbox 1932 1818 2020 1862; x_wconf 93' lang='lat' dir='ltr'><em>Do-</em></span> 
     </span>
     <span class='ocr_line' id='line_1_27' title="bbox 310 1889 2021 1945; baseline -0.001 -12"><span class='ocrx_word' id='word_1_187' title='bbox 310 1893 439 1933; x_wconf 87' lang='lat' dir='ltr'><em>natus</em></span> <span class='ocrx_word' id='word_1_188' title='bbox 465 1893 614 1932; x_wconf 81' lang='lat' dir='ltr'><em>tamen</em></span> <span class='ocrx_word' id='word_1_189' title='bbox 641 1889 916 1945; x_wconf 79' lang='lat' dir='ltr'><em>‘inpressum&#39;</em></span> <span class='ocrx_word' id='word_1_190' title='bbox 943 1889 1048 1932; x_wconf 77' lang='lat' dir='ltr'><em>dicit</em></span> <span class='ocrx_word' id='word_1_191' title='bbox 1072 1892 1288 1945; x_wconf 82' lang='lat' dir='ltr'><em>coactum,</em></span> <span class='ocrx_word' id='word_1_192' title='bbox 1321 1889 1432 1945; x_wconf 84' lang='lat' dir='ltr'><em>quod</em></span> <span class='ocrx_word' id='word_1_193' title='bbox 1461 1905 1486 1931; x_wconf 84' lang='lat' dir='ltr'><em>a</em></span> <span class='ocrx_word' id='word_1_194' title='bbox 1511 1893 1634 1945; x_wconf 85' lang='lat' dir='ltr'><em>patre</em></span> <span class='ocrx_word' id='word_1_195' title='bbox 1661 1891 1892 1945; x_wconf 86' lang='lat' dir='ltr'><em>conpulsae</em></span> <span class='ocrx_word' id='word_1_196' title='bbox 1918 1892 2021 1932; x_wconf 86' lang='lat' dir='ltr'><em>sunt</em></span> 
     </span>
     <span class='ocr_line' id='line_1_28' title="bbox 310 1962 2024 2017; baseline -0.001 -12"><span class='ocrx_word' id='word_1_197' title='bbox 310 1964 464 2006; x_wconf 83' lang='lat' dir='ltr'><em>facere.</em></span> <span class='ocrx_word' id='word_1_198' title='bbox 518 1976 618 2005; x_wconf 88' lang='lat' dir='ltr'><em>sane</em></span> <span class='ocrx_word' id='word_1_199' title='bbox 645 1962 793 2016; x_wconf 86' lang='lat' dir='ltr'><em>fabula</em></span> <span class='ocrx_word' id='word_1_200' title='bbox 824 1962 922 2005; x_wconf 81' lang='lat' dir='ltr'><em>talis</em></span> <span class='ocrx_word' id='word_1_201' title='bbox 953 1965 1021 2005; x_wconf 75' lang='lat' dir='ltr'><em>est.</em></span> <span class='ocrx_word' id='word_1_202' title='bbox 1075 1962 1285 2017; x_wconf 69' lang='lat' dir='ltr'><em>Aeyypbus</em></span> <span class='ocrx_word' id='word_1_203' title='bbox 1316 1965 1354 2004; x_wconf 77' lang='lat' dir='ltr'><em>el</em></span> <span class='ocrx_word' id='word_1_204' title='bbox 1382 1962 1564 2005; x_wconf 90' lang='lat' dir='ltr'><em>Danaus</em></span> <span class='ocrx_word' id='word_1_205' title='bbox 1591 1962 1745 2015; x_wconf 75' lang='lat' dir='ltr'><em>fratres</em></span> <span class='ocrx_word' id='word_1_206' title='bbox 1772 1962 1898 2015; x_wconf 82' lang='lat' dir='ltr'><em>fuere.</em></span> <span class='ocrx_word' id='word_1_207' title='bbox 1952 1962 2024 2004; x_wconf 80' lang='lat' dir='ltr'><em>sed</em></span> 
     </span>
    </p>
   </div>
   <div class='ocr_carea' id='block_1_8' title="bbox 310 2046 596 2053">
    <p class='ocr_par' dir='ltr' id='par_1_14' title="bbox 310 2046 596 2053">
     <span class='ocr_line' id='line_1_29' title="bbox 310 2046 596 2053; baseline 0 1561"><span class='ocrx_word' id='word_1_208' title='bbox 310 2046 596 2053; x_wconf 95' lang='lat' dir='ltr'><em> </em></span> 
     </span>
    </p>
   </div>
   <div class='ocr_carea' id='block_1_9' title="bbox 315 2089 2019 2186">
    <p class='ocr_par' dir='ltr' id='par_1_15' title="bbox 315 2089 2019 2186">
     <span class='ocr_line' id='line_1_30' title="bbox 409 2089 2019 2138; baseline 0.001 -12"><span class='ocrx_word' id='word_1_209' title='bbox 409 2097 427 2127; x_wconf 90' lang='lat'>1</span> <span class='ocrx_word' id='word_1_210' title='bbox 455 2103 543 2127; x_wconf 84' lang='lat' dir='ltr'><em>nam</em></span> <span class='ocrx_word' id='word_1_211' title='bbox 571 2119 578 2126; x_wconf 94' lang='lat'>.</span> <span class='ocrx_word' id='word_1_212' title='bbox 601 2120 608 2127; x_wconf 95' lang='lat'>.</span> <span class='ocrx_word' id='word_1_213' title='bbox 630 2120 638 2127; x_wconf 94' lang='lat'>.</span> <span class='ocrx_word' id='word_1_214' title='bbox 664 2090 782 2138; x_wconf 86' lang='lat' dir='ltr'><em>vitae]</em></span> <span class='ocrx_word' id='word_1_215' title='bbox 816 2102 929 2128; x_wconf 84' lang='lat' dir='ltr'><em>exscr.</em></span> <span class='ocrx_word' id='word_1_216' title='bbox 957 2091 1042 2128; x_wconf 88' lang='lat' dir='ltr'><em>Isid.</em></span> <span class='ocrx_word' id='word_1_217' title='bbox 1071 2102 1122 2126; x_wconf 87' lang='lat' dir='ltr'><em>or.</em></span> <span class='ocrx_word' id='word_1_218' title='bbox 1149 2090 1201 2126; x_wconf 90' lang='lat' dir='ltr'><em>XI</em></span> <span class='ocrx_word' id='word_1_219' title='bbox 1229 2095 1260 2135; x_wconf 94' lang='lat'><em>1,</em></span> <span class='ocrx_word' id='word_1_220' title='bbox 1288 2095 1350 2136; x_wconf 71' lang='lat'><em>113</em></span> <span class='ocrx_word' id='word_1_221' title='bbox 1376 2090 1454 2128; x_wconf 86' lang='lat' dir='ltr'><em>diff.</em></span> <span class='ocrx_word' id='word_1_222' title='bbox 1482 2092 1582 2128; x_wconf 82' lang='lat' dir='ltr'>verb.</span> <span class='ocrx_word' id='word_1_223' title='bbox 1610 2095 1654 2127; x_wconf 83' lang='lat'><em>37</em></span> <span class='ocrx_word' id='word_1_224' title='bbox 1685 2092 1698 2136; x_wconf 86' lang='grc' dir='ltr'><em>ΙΙ</em></span> <span class='ocrx_word' id='word_1_225' title='bbox 1735 2095 1754 2126; x_wconf 84' lang='grc'><em>’7</em></span> <span class='ocrx_word' id='word_1_226' title='bbox 1782 2090 1951 2137; x_wconf 79' lang='lat' dir='ltr'><em>Homeri]</em></span> <span class='ocrx_word' id='word_1_227' title='bbox 1978 2089 2019 2127; x_wconf 92' lang='grc'><em>11.</em></span> 
     </span>
     <span class='ocr_line' id='line_1_31' title="bbox 315 2138 1429 2186; baseline 0 -11"><span class='ocrx_word' id='word_1_228' title='bbox 315 2140 363 2175; x_wconf 89' lang='lat' dir='ltr'><em>1V</em></span> <span class='ocrx_word' id='word_1_229' title='bbox 390 2143 460 2176; x_wconf 87' lang='grc'><em>504</em></span> <span class='ocrx_word' id='word_1_230' title='bbox 488 2140 500 2186; x_wconf 76' lang='grc' dir='ltr'><em>ΙΙ</em></span> <span class='ocrx_word' id='word_1_231' title='bbox 535 2142 577 2174; x_wconf 90' lang='grc'><em>11</em></span> <span class='ocrx_word' id='word_1_232' title='bbox 605 2138 761 2174; x_wconf 81' lang='lat' dir='ltr'><em>Plautus</em></span> <span class='ocrx_word' id='word_1_233' title='bbox 787 2138 827 2174; x_wconf 91' lang='lat' dir='ltr'><em>in</em></span> <span class='ocrx_word' id='word_1_234' title='bbox 853 2138 1121 2186; x_wconf 80' lang='lat' dir='ltr'><em>Bacchidibus]</em></span> <span class='ocrx_word' id='word_1_235' title='bbox 1146 2151 1179 2174; x_wconf 87' lang='lat' dir='ltr'><em>v.</em></span> <span class='ocrx_word' id='word_1_236' title='bbox 1203 2143 1245 2174; x_wconf 88' lang='lat'><em>19</em></span> <span class='ocrx_word' id='word_1_237' title='bbox 1272 2139 1429 2175; x_wconf 84' lang='lat' dir='ltr'><em>Ritschl.</em></span> 
     </span>
    </p>
   </div>
   <div class='ocr_carea' id='block_1_10' title="bbox 312 2214 596 2219">
    <p class='ocr_par' dir='ltr' id='par_1_16' title="bbox 312 2214 596 2219">
     <span class='ocr_line' id='line_1_32' title="bbox 312 2214 596 2219; baseline 0 0"><span class='ocrx_word' id='word_1_238' title='bbox 312 2214 596 2219; x_wconf 95' lang='lat' dir='ltr'><em> </em></span> 
     </span>
    </p>
   </div>
   <div class='ocr_carea' id='block_1_11' title="bbox 313 2257 2069 3302">
    <p class='ocr_par' dir='ltr' id='par_1_17' title="bbox 313 2257 2024 2447">
     <span class='ocr_line' id='line_1_33' title="bbox 411 2257 2023 2306; baseline -0.001 -12"><span class='ocrx_word' id='word_1_239' title='bbox 411 2264 429 2295; x_wconf 89' lang='lat'>1</span> <span class='ocrx_word' id='word_1_240' title='bbox 458 2271 639 2294; x_wconf 72' lang='lat' dir='ltr'><em>sncvnrvn</em></span> <span class='ocrx_word' id='word_1_241' title='bbox 663 2257 748 2293; x_wconf 89' lang='lat' dir='ltr'><em>LF</em></span> <span class='ocrx_word' id='word_1_242' title='bbox 763 2259 775 2304; x_wconf 78' lang='grc' dir='ltr'><em>ΙΙ</em></span> <span class='ocrx_word' id='word_1_243' title='bbox 805 2262 826 2294; x_wconf 97' lang='grc'><strong>2</strong></span> <span class='ocrx_word' id='word_1_244' title='bbox 853 2257 1007 2304; x_wconf 82' lang='lat' dir='ltr'><em>quidam</em></span> <span class='ocrx_word' id='word_1_245' title='bbox 1034 2287 1041 2294; x_wconf 92' lang='lat'>.</span> <span class='ocrx_word' id='word_1_246' title='bbox 1064 2286 1071 2294; x_wconf 95' lang='lat'>.</span> <span class='ocrx_word' id='word_1_247' title='bbox 1094 2286 1100 2293; x_wconf 97' lang='lat'>.</span> <span class='ocrx_word' id='word_1_248' title='bbox 1127 2258 1241 2304; x_wconf 87' lang='lat' dir='ltr'><em>poeta</em></span> <span class='ocrx_word' id='word_1_249' title='bbox 1266 2257 1433 2303; x_wconf 84' lang='lat' dir='ltr'><em>loquitur</em></span> <span class='ocrx_word' id='word_1_250' title='bbox 1457 2258 1537 2303; x_wconf 84' lang='lat' dir='ltr'><em>(sie)</em></span> <span class='ocrx_word' id='word_1_251' title='bbox 1561 2259 1642 2295; x_wconf 61' lang='lat' dir='ltr'><em>habss</em></span> <span class='ocrx_word' id='word_1_252' title='bbox 1674 2258 1706 2293; x_wconf 87' lang='lat' dir='ltr'><em>T</em></span> <span class='ocrx_word' id='word_1_253' title='bbox 1722 2260 1734 2305; x_wconf 89' lang='grc' dir='ltr'><em>ΙΙ</em></span> <span class='ocrx_word' id='word_1_254' title='bbox 1762 2262 1783 2293; x_wconf 86' lang='lat'><strong>3</strong></span> <span class='ocrx_word' id='word_1_255' title='bbox 1808 2258 1927 2293; x_wconf 86' lang='lat' dir='ltr'><em>totam</em></span> <span class='ocrx_word' id='word_1_256' title='bbox 1956 2257 1989 2292; x_wconf 95' lang='lat' dir='ltr'><em>T</em></span> <span class='ocrx_word' id='word_1_257' title='bbox 2011 2257 2023 2306; x_wconf 73' lang='grc' dir='ltr'>Η</span> 
     </span>
     <span class='ocr_line' id='line_1_34' title="bbox 313 2303 2022 2352; baseline -0.002 -9"><span class='ocrx_word' id='word_1_258' title='bbox 313 2312 336 2343; x_wconf 90' lang='grc'><strong>4</strong></span> <span class='ocrx_word' id='word_1_259' title='bbox 362 2304 403 2342; x_wconf 79' lang='grc' dir='ltr'><em>τὸ</em></span> <span class='ocrx_word' id='word_1_260' title='bbox 429 2303 660 2352; x_wconf 78' lang='grc' dir='ltr'><em>ἡγεμονικόν</em></span> <span class='ocrx_word' id='word_1_261' title='bbox 679 2306 836 2341; x_wconf 77' lang='lat' dir='ltr'><em>Daniel:</em></span> <span class='ocrx_word' id='word_1_262' title='bbox 863 2318 908 2341; x_wconf 67' lang='lat' dir='ltr'><em>&#39;ro</em></span> <span class='ocrx_word' id='word_1_263' title='bbox 929 2318 1121 2342; x_wconf 66' lang='grc' dir='ltr'><strong>110111011Κο11</strong></span> <span class='ocrx_word' id='word_1_264' title='bbox 1140 2305 1181 2340; x_wconf 94' lang='lat' dir='ltr'><strong><em>F</em></strong></span> <span class='ocrx_word' id='word_1_265' title='bbox 1216 2318 1260 2340; x_wconf 69' lang='lat' dir='ltr'><em>rro</em></span> <span class='ocrx_word' id='word_1_266' title='bbox 1286 2317 1490 2341; x_wconf 67' lang='lat' dir='ltr'><em>nouomxon</em></span> <span class='ocrx_word' id='word_1_267' title='bbox 1512 2306 1546 2341; x_wconf 95' lang='lat' dir='ltr'><em>T</em></span> <span class='ocrx_word' id='word_1_268' title='bbox 1568 2307 1610 2341; x_wconf 85' lang='lat' dir='ltr'><em>in</em></span> <span class='ocrx_word' id='word_1_269' title='bbox 1634 2317 1705 2342; x_wconf 89' lang='lat' dir='ltr'><em>ras.</em></span> <span class='ocrx_word' id='word_1_270' title='bbox 1726 2307 1738 2352; x_wconf 88' lang='grc' dir='ltr'><em>ΙΙ</em></span> <span class='ocrx_word' id='word_1_271' title='bbox 1758 2305 1836 2341; x_wconf 86' lang='lat' dir='ltr'><em>sine</em></span> <span class='ocrx_word' id='word_1_272' title='bbox 1862 2317 1936 2350; x_wconf 87' lang='lat' dir='ltr'><em>qua</em></span> <span class='ocrx_word' id='word_1_273' title='bbox 1955 2304 1996 2340; x_wconf 89' lang='lat' dir='ltr'><strong><em>F</em></strong></span> <span class='ocrx_word' id='word_1_274' title='bbox 2013 2307 2022 2350; x_wconf 63' lang='grc' dir='ltr'>Η</span> 
     </span>
     <span class='ocr_line' id='line_1_35' title="bbox 317 2352 2024 2400; baseline -0.001 -10"><span class='ocrx_word' id='word_1_275' title='bbox 317 2360 338 2391; x_wconf 83' lang='lat'>5</span> <span class='ocrx_word' id='word_1_276' title='bbox 365 2355 505 2390; x_wconf 81' lang='lat' dir='ltr'><em>sectam</em></span> <span class='ocrx_word' id='word_1_277' title='bbox 531 2365 597 2390; x_wconf 87' lang='lat' dir='ltr'><em>om.</em></span> <span class='ocrx_word' id='word_1_278' title='bbox 613 2353 654 2388; x_wconf 88' lang='lat' dir='ltr'><strong><em>F</em></strong></span> <span class='ocrx_word' id='word_1_279' title='bbox 669 2355 680 2400; x_wconf 82' lang='grc' dir='ltr'><em>ΙΙ</em></span> <span class='ocrx_word' id='word_1_280' title='bbox 699 2354 827 2389; x_wconf 84' lang='lat' dir='ltr'><em>notam</em></span> <span class='ocrx_word' id='word_1_281' title='bbox 849 2353 921 2388; x_wconf 84' lang='lat' dir='ltr'><em>sibi</em></span> <span class='ocrx_word' id='word_1_282' title='bbox 941 2353 982 2388; x_wconf 91' lang='lat' dir='ltr'><strong><em>F</em></strong></span> <span class='ocrx_word' id='word_1_283' title='bbox 997 2355 1009 2400; x_wconf 84' lang='grc' dir='ltr'><em>ΙΙ</em></span> <span class='ocrx_word' id='word_1_284' title='bbox 1027 2353 1142 2399; x_wconf 87' lang='lat' dir='ltr'><em>poeta</em></span> <span class='ocrx_word' id='word_1_285' title='bbox 1166 2353 1311 2388; x_wconf 83' lang='lat' dir='ltr'><em>locutus</em></span> <span class='ocrx_word' id='word_1_286' title='bbox 1329 2352 1468 2389; x_wconf 79' lang='lat' dir='ltr'><em>Daniel</em></span> <span class='ocrx_word' id='word_1_287' title='bbox 1486 2355 1498 2399; x_wconf 89' lang='grc' dir='ltr'><em>ΙΙ</em></span> <span class='ocrx_word' id='word_1_288' title='bbox 1517 2358 1538 2388; x_wconf 84' lang='grc'><strong>9</strong></span> <span class='ocrx_word' id='word_1_289' title='bbox 1559 2354 1597 2388; x_wconf 85' lang='lat' dir='ltr'><em>et</em></span> <span class='ocrx_word' id='word_1_290' title='bbox 1615 2353 1676 2388; x_wconf 84' lang='lat' dir='ltr'><em>hio</em></span> <span class='ocrx_word' id='word_1_291' title='bbox 1696 2353 1879 2399; x_wconf 75' lang='lat' dir='ltr'><em>distingui</em></span> <span class='ocrx_word' id='word_1_292' title='bbox 1897 2354 2024 2398; x_wconf 78' lang='lat' dir='ltr'><em>potest</em></span> 
     </span>
     <span class='ocr_line' id='line_1_36' title="bbox 316 2399 2022 2447; baseline -0.002 -8"><span class='ocrx_word' id='word_1_293' title='bbox 316 2406 354 2439; x_wconf 87' lang='lat' dir='ltr'><em>et</em></span> <span class='ocrx_word' id='word_1_294' title='bbox 379 2413 491 2447; x_wconf 86' lang='lat' dir='ltr'><em>supra</em></span> <span class='ocrx_word' id='word_1_295' title='bbox 509 2401 545 2437; x_wconf 83' lang='lat' dir='ltr'><em>R</em></span> <span class='ocrx_word' id='word_1_296' title='bbox 563 2402 576 2447; x_wconf 86' lang='grc' dir='ltr'><em>ΙΙ</em></span> <span class='ocrx_word' id='word_1_297' title='bbox 596 2399 707 2447; x_wconf 78' lang='lat' dir='ltr'><em>supra</em></span> <span class='ocrx_word' id='word_1_298' title='bbox 735 2401 921 2447; x_wconf 83' lang='lat' dir='ltr'><em>‘referte’]</em></span> <span class='ocrx_word' id='word_1_299' title='bbox 949 2401 998 2435; x_wconf 84' lang='lat' dir='ltr'><em>ad</em></span> <span class='ocrx_word' id='word_1_300' title='bbox 1023 2399 1215 2447; x_wconf 80' lang='lat' dir='ltr'><em>superiora</em></span> <span class='ocrx_word' id='word_1_301' title='bbox 1238 2400 1369 2436; x_wconf 86' lang='lat' dir='ltr'><em>referri</em></span> <span class='ocrx_word' id='word_1_302' title='bbox 1388 2401 1422 2436; x_wconf 89' lang='lat' dir='ltr'><em>L</em></span> <span class='ocrx_word' id='word_1_303' title='bbox 1460 2411 1635 2446; x_wconf 84' lang='lat' dir='ltr'><em>superare</em></span> <span class='ocrx_word' id='word_1_304' title='bbox 1660 2400 1754 2436; x_wconf 85' lang='lat' dir='ltr'><em>ferte</em></span> <span class='ocrx_word' id='word_1_305' title='bbox 1774 2401 1814 2435; x_wconf 89' lang='lat' dir='ltr'><em>H</em></span> <span class='ocrx_word' id='word_1_306' title='bbox 1832 2402 1844 2447; x_wconf 90' lang='grc' dir='ltr'><em>ΙΙ</em></span> <span class='ocrx_word' id='word_1_307' title='bbox 1866 2404 1910 2435; x_wconf 89' lang='grc'><em>10</em></span> <span class='ocrx_word' id='word_1_308' title='bbox 1934 2411 2022 2445; x_wconf 87' lang='lat' dir='ltr'><em>qua-</em></span> 
     </span>
    </p>

    <p class='ocr_par' dir='ltr' id='par_1_18' title="bbox 1487 2461 1823 2486">
     <span class='ocr_line' id='line_1_37' title="bbox 1487 2461 1823 2486; baseline 0 0"><span class='ocrx_word' id='word_1_309' title='bbox 1487 2477 1489 2480; x_wconf 26' lang='lat' dir='ltr'><em>r</em></span> <span class='ocrx_word' id='word_1_310' title='bbox 1802 2461 1823 2486; x_wconf 90' lang='lat' dir='ltr'><strong>h</strong></span> 
     </span>
    </p>

    <p class='ocr_par' dir='ltr' id='par_1_19' title="bbox 315 2494 2069 3302">
     <span class='ocr_line' id='line_1_38' title="bbox 315 2494 2024 2544; baseline -0.002 -11"><span class='ocrx_word' id='word_1_311' title='bbox 315 2498 390 2533; x_wconf 85' lang='lat' dir='ltr'><em>lem</em></span> <span class='ocrx_word' id='word_1_312' title='bbox 415 2495 552 2532; x_wconf 84' lang='lat' dir='ltr'><em>meruit</em></span> <span class='ocrx_word' id='word_1_313' title='bbox 575 2495 695 2531; x_wconf 92' lang='lat' dir='ltr'><em>filium</em></span> <span class='ocrx_word' id='word_1_314' title='bbox 720 2506 787 2531; x_wconf 86' lang='lat' dir='ltr'><em>om.</em></span> <span class='ocrx_word' id='word_1_315' title='bbox 808 2495 850 2531; x_wconf 87' lang='lat' dir='ltr'><strong><em>F</em></strong></span> <span class='ocrx_word' id='word_1_316' title='bbox 864 2497 876 2540; x_wconf 85' lang='grc' dir='ltr'><em>ΙΙ</em></span> <span class='ocrx_word' id='word_1_317' title='bbox 897 2499 939 2530; x_wconf 92' lang='grc'><em>11</em></span> <span class='ocrx_word' id='word_1_318' title='bbox 966 2507 1134 2535; x_wconf 75' lang='lat' dir='ltr'><em>vaovn)</em></span> <span class='ocrx_word' id='word_1_319' title='bbox 1155 2494 1189 2530; x_wconf 74' lang='lat' dir='ltr'><em>G</em></span> <span class='ocrx_word' id='word_1_320' title='bbox 1206 2496 1219 2540; x_wconf 90' lang='grc' dir='ltr'><em>ΙΙ</em></span> <span class='ocrx_word' id='word_1_321' title='bbox 1239 2494 1411 2542; x_wconf 86' lang='lat' dir='ltr'><em>Plautus]</em></span> <span class='ocrx_word' id='word_1_322' title='bbox 1437 2494 1609 2544; x_wconf 51' lang='lat' dir='ltr'><em>‘plabitus</em></span> <span class='ocrx_word' id='word_1_323' title='bbox 1628 2494 1668 2530; x_wconf 90' lang='lat' dir='ltr'><strong><em>F</em></strong></span> <span class='ocrx_word' id='word_1_324' title='bbox 1683 2496 1695 2540; x_wconf 89' lang='grc' dir='ltr'><em>ΙΙ</em></span> <span class='ocrx_word' id='word_1_325' title='bbox 1714 2494 1930 2531; x_wconf 84' lang='lat' dir='ltr'><em>haccidibus</em></span> <span class='ocrx_word' id='word_1_326' title='bbox 1953 2495 1987 2530; x_wconf 76' lang='lat' dir='ltr'><em>G</em></span> <span class='ocrx_word' id='word_1_327' title='bbox 2011 2494 2024 2542; x_wconf 81' lang='grc' dir='ltr'><em>ΙΙ</em></span> 
     </span>
     <span class='ocr_line' id='line_1_39' title="bbox 317 2542 2023 2590; baseline -0.001 -10"><span class='ocrx_word' id='word_1_328' title='bbox 317 2544 496 2590; x_wconf 85' lang='lat' dir='ltr'><em>quicquid</em></span> <span class='ocrx_word' id='word_1_329' title='bbox 522 2545 579 2579; x_wconf 89' lang='lat' dir='ltr'><em>est</em></span> <span class='ocrx_word' id='word_1_330' title='bbox 603 2553 740 2578; x_wconf 90' lang='lat' dir='ltr'><em>nomen</em></span> <span class='ocrx_word' id='word_1_331' title='bbox 765 2544 823 2578; x_wconf 84' lang='lat' dir='ltr'><em>est</em></span> <span class='ocrx_word' id='word_1_332' title='bbox 848 2542 920 2578; x_wconf 88' lang='lat' dir='ltr'><em>sibi</em></span> <span class='ocrx_word' id='word_1_333' title='bbox 945 2542 980 2578; x_wconf 76' lang='lat' dir='ltr'><strong><em>G</em></strong></span> <span class='ocrx_word' id='word_1_334' title='bbox 997 2543 1010 2587; x_wconf 83' lang='grc' dir='ltr'><em>ΙΙ</em></span> <span class='ocrx_word' id='word_1_335' title='bbox 1043 2546 1085 2576; x_wconf 89' lang='grc'><em>13</em></span> <span class='ocrx_word' id='word_1_336' title='bbox 1113 2542 1293 2577; x_wconf 84' lang='lat' dir='ltr'><em>solacium</em></span> <span class='ocrx_word' id='word_1_337' title='bbox 1318 2542 1414 2577; x_wconf 82' lang='lat' dir='ltr'><em>RF:</em></span> <span class='ocrx_word' id='word_1_338' title='bbox 1442 2542 1618 2578; x_wconf 83' lang='lat' dir='ltr'><em>solatium</em></span> <span class='ocrx_word' id='word_1_339' title='bbox 1642 2543 1775 2588; x_wconf 81' lang='lat' dir='ltr'><em>reliqui</em></span> <span class='ocrx_word' id='word_1_340' title='bbox 1793 2544 1805 2588; x_wconf 80' lang='lat' dir='ltr'>ss</span> <span class='ocrx_word' id='word_1_341' title='bbox 1838 2547 1882 2578; x_wconf 87' lang='grc'><em>14</em></span> <span class='ocrx_word' id='word_1_342' title='bbox 1906 2553 2023 2588; x_wconf 87' lang='lat' dir='ltr'><em>parvo</em></span> 
     </span>
     <span class='ocr_line' id='line_1_40' title="bbox 316 2589 2023 2638; baseline -0.002 -10"><span class='ocrx_word' id='word_1_343' title='bbox 316 2604 390 2628; x_wconf 90' lang='lat' dir='ltr'><em>non</em></span> <span class='ocrx_word' id='word_1_344' title='bbox 414 2602 532 2638; x_wconf 84' lang='lat' dir='ltr'><em>parvo</em></span> <span class='ocrx_word' id='word_1_345' title='bbox 556 2590 723 2636; x_wconf 85' lang='lat' dir='ltr'><em>periculo</em></span> <span class='ocrx_word' id='word_1_346' title='bbox 749 2601 815 2625; x_wconf 86' lang='lat' dir='ltr'><em>om.</em></span> <span class='ocrx_word' id='word_1_347' title='bbox 835 2590 922 2624; x_wconf 88' lang='lat' dir='ltr'><em>LH</em></span> <span class='ocrx_word' id='word_1_348' title='bbox 928 2590 977 2624; x_wconf 86' lang='lat' dir='ltr'><em>M</em></span> <span class='ocrx_word' id='word_1_349' title='bbox 1000 2590 1099 2635; x_wconf 78' lang='lat' dir='ltr'><em>(add.</em></span> <span class='ocrx_word' id='word_1_350' title='bbox 1120 2590 1157 2634; x_wconf 91' lang='lat' dir='ltr'><em>l).</em></span> <span class='ocrx_word' id='word_1_351' title='bbox 1194 2593 1346 2625; x_wconf 80' lang='lat' dir='ltr'><em>ceterum</em></span> <span class='ocrx_word' id='word_1_352' title='bbox 1371 2602 1484 2625; x_wconf 68' lang='lat' dir='ltr'><em>PARvo</em></span> <span class='ocrx_word' id='word_1_353' title='bbox 1503 2590 1575 2625; x_wconf 81' lang='lat' dir='ltr'><em>AS</em></span> <span class='ocrx_word' id='word_1_354' title='bbox 1582 2590 1618 2624; x_wconf 83' lang='lat' dir='ltr'><em>R</em></span> <span class='ocrx_word' id='word_1_355' title='bbox 1637 2591 1648 2637; x_wconf 84' lang='grc' dir='ltr'><em>ΙΙ</em></span> <span class='ocrx_word' id='word_1_356' title='bbox 1670 2594 1712 2625; x_wconf 86' lang='lat'><em>15</em></span> <span class='ocrx_word' id='word_1_357' title='bbox 1732 2590 1936 2635; x_wconf 86' lang='lat' dir='ltr'><em>hospitium</em></span> <span class='ocrx_word' id='word_1_358' title='bbox 1956 2589 1997 2625; x_wconf 88' lang='lat' dir='ltr'><strong><em>F</em></strong></span> <span class='ocrx_word' id='word_1_359' title='bbox 2013 2590 2023 2634; x_wconf 74' lang='grc' dir='ltr'>Η</span> 
     </span>
     <span class='ocr_line' id='line_1_41' title="bbox 318 2636 2023 2684; baseline -0.001 -9"><span class='ocrx_word' id='word_1_360' title='bbox 318 2645 363 2676; x_wconf 87' lang='grc'><em>16</em></span> <span class='ocrx_word' id='word_1_361' title='bbox 388 2651 543 2674; x_wconf 62' lang='lat' dir='ltr'><em>murum</em></span> <span class='ocrx_word' id='word_1_362' title='bbox 561 2637 643 2673; x_wconf 86' lang='lat' dir='ltr'><em>LF</em></span> <span class='ocrx_word' id='word_1_363' title='bbox 659 2638 671 2684; x_wconf 79' lang='grc' dir='ltr'><em>ΙΙ</em></span> <span class='ocrx_word' id='word_1_364' title='bbox 690 2636 890 2673; x_wconf 87' lang='lat' dir='ltr'><em>sinheresis</em></span> <span class='ocrx_word' id='word_1_365' title='bbox 909 2636 983 2672; x_wconf 79' lang='lat' dir='ltr'><em>AS</em></span> <span class='ocrx_word' id='word_1_366' title='bbox 1008 2637 1179 2672; x_wconf 85' lang='lat' dir='ltr'><em>sineresis</em></span> <span class='ocrx_word' id='word_1_367' title='bbox 1199 2637 1279 2673; x_wconf 82' lang='lat' dir='ltr'><em>RL</em></span> <span class='ocrx_word' id='word_1_368' title='bbox 1305 2637 1489 2682; x_wconf 83' lang='lat' dir='ltr'><em>syneresis</em></span> <span class='ocrx_word' id='word_1_369' title='bbox 1509 2637 1606 2673; x_wconf 87' lang='lat' dir='ltr'><em>HM</em></span> <span class='ocrx_word' id='word_1_370' title='bbox 1619 2639 1632 2684; x_wconf 80' lang='grc' dir='ltr'><em>ΙΙ</em></span> <span class='ocrx_word' id='word_1_371' title='bbox 1650 2637 1782 2684; x_wconf 83' lang='lat' dir='ltr'><em>baltei]</em></span> <span class='ocrx_word' id='word_1_372' title='bbox 1806 2649 1872 2673; x_wconf 88' lang='lat' dir='ltr'><em>om.</em></span> <span class='ocrx_word' id='word_1_373' title='bbox 1885 2637 1960 2674; x_wconf 77' lang='lat' dir='ltr'><em>AS</em></span> <span class='ocrx_word' id='word_1_374' title='bbox 1967 2637 2023 2681; x_wconf 84' lang='lat' dir='ltr'><em>M,</em></span> 
     </span>
     <span class='ocr_line' id='line_1_42' title="bbox 316 2684 2021 2732; baseline -0.002 -9"><span class='ocrx_word' id='word_1_375' title='bbox 316 2687 461 2723; x_wconf 84' lang='lat' dir='ltr'><em>balthei</em></span> <span class='ocrx_word' id='word_1_376' title='bbox 488 2685 528 2721; x_wconf 91' lang='lat' dir='ltr'><strong><em>F</em></strong></span> <span class='ocrx_word' id='word_1_377' title='bbox 549 2687 562 2732; x_wconf 86' lang='grc' dir='ltr'><em>ΙΙ</em></span> <span class='ocrx_word' id='word_1_378' title='bbox 591 2689 634 2721; x_wconf 83' lang='grc'><em>17</em></span> <span class='ocrx_word' id='word_1_379' title='bbox 661 2696 818 2731; x_wconf 88' lang='lat' dir='ltr'><em>sequens</em></span> <span class='ocrx_word' id='word_1_380' title='bbox 937 2684 1118 2730; x_wconf 78' lang='lat' dir='ltr'><em>singulari</em></span> <span class='ocrx_word' id='word_1_381' title='bbox 1143 2695 1209 2720; x_wconf 87' lang='lat' dir='ltr'><em>om.</em></span> <span class='ocrx_word' id='word_1_382' title='bbox 1236 2685 1323 2720; x_wconf 71' lang='grc' dir='ltr'><em>,ΕΗ</em></span> <span class='ocrx_word' id='word_1_383' title='bbox 1345 2686 1444 2730; x_wconf 82' lang='lat' dir='ltr'><em>(adol.</em></span> <span class='ocrx_word' id='word_1_384' title='bbox 1471 2686 1498 2731; x_wconf 88' lang='lat' dir='ltr'><em>l)</em></span> <span class='ocrx_word' id='word_1_385' title='bbox 1517 2687 1528 2732; x_wconf 90' lang='grc' dir='ltr'><em>ΙΙ</em></span> <span class='ocrx_word' id='word_1_386' title='bbox 1556 2686 1683 2721; x_wconf 84' lang='lat' dir='ltr'><em>incoat</em></span> <span class='ocrx_word' id='word_1_387' title='bbox 1708 2684 1749 2720; x_wconf 92' lang='lat' dir='ltr'><strong><em>F</em></strong></span> <span class='ocrx_word' id='word_1_388' title='bbox 1764 2686 1776 2732; x_wconf 87' lang='grc' dir='ltr'><em>ΙΙ</em></span> <span class='ocrx_word' id='word_1_389' title='bbox 1803 2686 1928 2721; x_wconf 86' lang='lat' dir='ltr'><em>autem</em></span> <span class='ocrx_word' id='word_1_390' title='bbox 1955 2712 1964 2720; x_wconf 95' lang='lat'>.</span> <span class='ocrx_word' id='word_1_391' title='bbox 1985 2712 1992 2720; x_wconf 89' lang='lat'>.</span> <span class='ocrx_word' id='word_1_392' title='bbox 2013 2712 2021 2719; x_wconf 95' lang='lat'>.</span> 
     </span>
     <span class='ocr_line' id='line_1_43' title="bbox 317 2730 2022 2779; baseline -0.001 -9"><span class='ocrx_word' id='word_1_393' title='bbox 317 2734 504 2771; x_wconf 86' lang='lat' dir='ltr'><em>luvenalis</em></span> <span class='ocrx_word' id='word_1_394' title='bbox 535 2732 683 2770; x_wconf 83' lang='lat' dir='ltr'><em>balteus</em></span> <span class='ocrx_word' id='word_1_395' title='bbox 715 2743 781 2768; x_wconf 88' lang='lat' dir='ltr'><em>om.</em></span> <span class='ocrx_word' id='word_1_396' title='bbox 809 2731 850 2767; x_wconf 95' lang='lat' dir='ltr'><strong><em>F</em></strong></span> <span class='ocrx_word' id='word_1_397' title='bbox 883 2732 895 2779; x_wconf 88' lang='grc' dir='ltr'><em>ΙΙ</em></span> <span class='ocrx_word' id='word_1_398' title='bbox 931 2743 955 2767; x_wconf 84' lang='lat' dir='ltr'><em>a</em></span> <span class='ocrx_word' id='word_1_399' title='bbox 985 2743 1139 2767; x_wconf 83' lang='lat' dir='ltr'><em>numero</em></span> <span class='ocrx_word' id='word_1_400' title='bbox 1164 2732 1239 2768; x_wconf 81' lang='lat' dir='ltr'><em>AS</em></span> <span class='ocrx_word' id='word_1_401' title='bbox 1246 2733 1296 2767; x_wconf 86' lang='lat' dir='ltr'><em>M</em></span> <span class='ocrx_word' id='word_1_402' title='bbox 1302 2734 1329 2768; x_wconf 85' lang='lat' dir='ltr'><em>l:</em></span> <span class='ocrx_word' id='word_1_403' title='bbox 1362 2744 1516 2768; x_wconf 90' lang='lat' dir='ltr'><em>numero</em></span> <span class='ocrx_word' id='word_1_404' title='bbox 1542 2733 1578 2768; x_wconf 80' lang='lat' dir='ltr'><em>R</em></span> <span class='ocrx_word' id='word_1_405' title='bbox 1620 2733 1660 2768; x_wconf 88' lang='lat' dir='ltr'><em>in</em></span> <span class='ocrx_word' id='word_1_406' title='bbox 1690 2743 1844 2769; x_wconf 85' lang='lat' dir='ltr'><em>numero</em></span> <span class='ocrx_word' id='word_1_407' title='bbox 1874 2734 1981 2778; x_wconf 73' lang='lat' dir='ltr'><em>vulyo</em></span> <span class='ocrx_word' id='word_1_408' title='bbox 2012 2730 2022 2777; x_wconf 83' lang='grc' dir='ltr'>Η</span> 
     </span>
     <span class='ocr_line' id='line_1_44' title="bbox 320 2778 2023 2827; baseline -0.002 -9"><span class='ocrx_word' id='word_1_409' title='bbox 320 2787 362 2818; x_wconf 85' lang='grc'><em>19</em></span> <span class='ocrx_word' id='word_1_410' title='bbox 389 2781 564 2818; x_wconf 82' lang='lat' dir='ltr'><em>baltheus</em></span> <span class='ocrx_word' id='word_1_411' title='bbox 583 2780 618 2815; x_wconf 87' lang='lat' dir='ltr'><strong><em>L</em></strong></span> <span class='ocrx_word' id='word_1_412' title='bbox 636 2782 649 2827; x_wconf 82' lang='grc' dir='ltr'><em>ΙΙ</em></span> <span class='ocrx_word' id='word_1_413' title='bbox 666 2779 836 2816; x_wconf 84' lang='lat' dir='ltr'><em>manicae</em></span> <span class='ocrx_word' id='word_1_414' title='bbox 856 2780 1047 2815; x_wconf 86' lang='lat' dir='ltr'><em>Iuvenalis</em></span> <span class='ocrx_word' id='word_1_415' title='bbox 1066 2781 1078 2825; x_wconf 83' lang='grc' dir='ltr'><em>ΙΙ</em></span> <span class='ocrx_word' id='word_1_416' title='bbox 1098 2781 1136 2814; x_wconf 86' lang='lat' dir='ltr'><em>et</em></span> <span class='ocrx_word' id='word_1_417' title='bbox 1154 2779 1278 2815; x_wconf 89' lang='lat' dir='ltr'><em>neutri</em></span> <span class='ocrx_word' id='word_1_418' title='bbox 1297 2781 1355 2816; x_wconf 84' lang='lat' dir='ltr'><em>est</em></span> <span class='ocrx_word' id='word_1_419' title='bbox 1375 2781 1443 2816; x_wconf 90' lang='lat' dir='ltr'><em>Ml</em></span> <span class='ocrx_word' id='word_1_420' title='bbox 1461 2781 1473 2827; x_wconf 79' lang='lat' dir='ltr'><em>{l</em></span> <span class='ocrx_word' id='word_1_421' title='bbox 1492 2784 1537 2816; x_wconf 92' lang='grc'><strong>20</strong></span> <span class='ocrx_word' id='word_1_422' title='bbox 1556 2781 1598 2815; x_wconf 90' lang='lat' dir='ltr'><em>ut</em></span> <span class='ocrx_word' id='word_1_423' title='bbox 1616 2779 1716 2815; x_wconf 90' lang='lat' dir='ltr'><em>idem</em></span> <span class='ocrx_word' id='word_1_424' title='bbox 1735 2779 1776 2815; x_wconf 94' lang='lat' dir='ltr'><strong><em>F</em></strong></span> <span class='ocrx_word' id='word_1_425' title='bbox 1790 2782 1802 2825; x_wconf 85' lang='grc' dir='ltr'><em>ΙΙ</em></span> <span class='ocrx_word' id='word_1_426' title='bbox 1821 2780 1967 2825; x_wconf 89' lang='lat' dir='ltr'><em>quoties</em></span> <span class='ocrx_word' id='word_1_427' title='bbox 1986 2778 2023 2813; x_wconf 81' lang='lat' dir='ltr'><em>R</em></span> 
     </span>
     <span class='ocr_line' id='line_1_45' title="bbox 318 2826 2022 2875; baseline -0.002 -10"><span class='ocrx_word' id='word_1_428' title='bbox 318 2829 496 2875; x_wconf 83' lang='lat' dir='ltr'><em>quociens</em></span> <span class='ocrx_word' id='word_1_429' title='bbox 521 2828 555 2862; x_wconf 88' lang='lat' dir='ltr'><em>L</em></span> <span class='ocrx_word' id='word_1_430' title='bbox 573 2830 586 2873; x_wconf 83' lang='grc' dir='ltr'><em>ΙΙ</em></span> <span class='ocrx_word' id='word_1_431' title='bbox 610 2827 769 2863; x_wconf 85' lang='lat' dir='ltr'><em>rumoris</em></span> <span class='ocrx_word' id='word_1_432' title='bbox 795 2827 867 2863; x_wconf 79' lang='lat' dir='ltr'><em>AS</em></span> <span class='ocrx_word' id='word_1_433' title='bbox 884 2828 896 2873; x_wconf 88' lang='grc' dir='ltr'><em>ΙΙ</em></span> <span class='ocrx_word' id='word_1_434' title='bbox 919 2826 1077 2862; x_wconf 86' lang='lat' dir='ltr'><em>balthea</em></span> <span class='ocrx_word' id='word_1_435' title='bbox 1103 2827 1144 2862; x_wconf 89' lang='lat' dir='ltr'><strong><em>F</em></strong></span> <span class='ocrx_word' id='word_1_436' title='bbox 1158 2829 1171 2872; x_wconf 81' lang='grc' dir='ltr'><em>ΙΙ</em></span> <span class='ocrx_word' id='word_1_437' title='bbox 1197 2828 1246 2863; x_wconf 84' lang='lat' dir='ltr'><em>ad</em></span> <span class='ocrx_word' id='word_1_438' title='bbox 1270 2839 1397 2863; x_wconf 69' lang='lat' dir='ltr'><em>mmm</em></span> <span class='ocrx_word' id='word_1_439' title='bbox 1422 2839 1514 2873; x_wconf 79' lang='lat' dir='ltr'><em>quae</em></span> <span class='ocrx_word' id='word_1_440' title='bbox 1539 2828 1711 2863; x_wconf 79' lang='lat' dir='ltr'><em>Isidorus</em></span> <span class='ocrx_word' id='word_1_441' title='bbox 1736 2838 1787 2863; x_wconf 91' lang='lat' dir='ltr'><em>or.</em></span> <span class='ocrx_word' id='word_1_442' title='bbox 1814 2826 1899 2862; x_wconf 91' lang='lat' dir='ltr'><em>XIX</em></span> <span class='ocrx_word' id='word_1_443' title='bbox 1923 2831 1980 2870; x_wconf 88' lang='lat'><em>33,</em></span> <span class='ocrx_word' id='word_1_444' title='bbox 2001 2830 2022 2860; x_wconf 83' lang='lat'>2</span> 
     </span>
     <span class='ocr_line' id='line_1_46' title="bbox 321 2873 2024 2921; baseline -0.002 -9"><span class='ocrx_word' id='word_1_445' title='bbox 321 2879 364 2912; x_wconf 87' lang='lat' dir='ltr'><em>de</em></span> <span class='ocrx_word' id='word_1_446' title='bbox 389 2877 505 2912; x_wconf 86' lang='lat' dir='ltr'><em>balteo</em></span> <span class='ocrx_word' id='word_1_447' title='bbox 530 2876 679 2921; x_wconf 74' lang='lat' dir='ltr'><em>exponit</em></span> <span class='ocrx_word' id='word_1_448' title='bbox 705 2874 888 2921; x_wconf 87' lang='lat' dir='ltr'><em>(balteum</em></span> <span class='ocrx_word' id='word_1_449' title='bbox 908 2903 915 2910; x_wconf 97' lang='lat'>.</span> <span class='ocrx_word' id='word_1_450' title='bbox 932 2902 939 2910; x_wconf 92' lang='lat'>.</span> <span class='ocrx_word' id='word_1_451' title='bbox 956 2902 964 2909; x_wconf 94' lang='lat'>.</span> <span class='ocrx_word' id='word_1_452' title='bbox 985 2874 1210 2921; x_wconf 85' lang='lat' dir='ltr'><em>dependent)</em></span> <span class='ocrx_word' id='word_1_453' title='bbox 1236 2876 1278 2910; x_wconf 85' lang='lat' dir='ltr'><em>in</em></span> <span class='ocrx_word' id='word_1_454' title='bbox 1302 2886 1416 2921; x_wconf 75' lang='lat' dir='ltr'><em>mary.</em></span> <span class='ocrx_word' id='word_1_455' title='bbox 1440 2875 1665 2911; x_wconf 75' lang='lat' dir='ltr'><em>Turonensis</em></span> <span class='ocrx_word' id='word_1_456' title='bbox 1688 2875 1877 2919; x_wconf 83' lang='lat' dir='ltr'><em>adscripta</em></span> <span class='ocrx_word' id='word_1_457' title='bbox 1900 2877 1987 2910; x_wconf 79' lang='lat' dir='ltr'><em>sunt</em></span> <span class='ocrx_word' id='word_1_458' title='bbox 2011 2873 2024 2920; x_wconf 82' lang='grc' dir='ltr'><em>ΙΙ</em></span> 
     </span>
     <span class='ocr_line' id='line_1_47' title="bbox 319 2920 2028 2968; baseline -0.001 -9"><span class='ocrx_word' id='word_1_459' title='bbox 319 2928 363 2959; x_wconf 88' lang='grc'><em>21</em></span> <span class='ocrx_word' id='word_1_460' title='bbox 389 2923 564 2959; x_wconf 82' lang='lat' dir='ltr'><em>scholium</em></span> <span class='ocrx_word' id='word_1_461' title='bbox 589 2923 639 2958; x_wconf 83' lang='lat' dir='ltr'><em>ad</em></span> <span class='ocrx_word' id='word_1_462' title='bbox 662 2934 694 2959; x_wconf 85' lang='lat' dir='ltr'><em>v.</em></span> <span class='ocrx_word' id='word_1_463' title='bbox 721 2926 790 2957; x_wconf 82' lang='lat'><em>497</em></span> <span class='ocrx_word' id='word_1_464' title='bbox 815 2922 896 2958; x_wconf 82' lang='lat' dir='ltr'><em>hab.</em></span> <span class='ocrx_word' id='word_1_465' title='bbox 926 2922 959 2956; x_wconf 88' lang='grc' dir='ltr'><strong><em>Τ</em></strong></span> <span class='ocrx_word' id='word_1_466' title='bbox 974 2922 987 2966; x_wconf 89' lang='grc' dir='ltr'><em>ΙΙ</em></span> <span class='ocrx_word' id='word_1_467' title='bbox 1006 2922 1250 2968; x_wconf 82' lang='lat' dir='ltr'><em>insculptum]</em></span> <span class='ocrx_word' id='word_1_468' title='bbox 1277 2922 1481 2958; x_wconf 86' lang='lat' dir='ltr'><em>inscultum</em></span> <span class='ocrx_word' id='word_1_469' title='bbox 1505 2922 1540 2957; x_wconf 91' lang='lat' dir='ltr'><strong><em>L</em></strong></span> <span class='ocrx_word' id='word_1_470' title='bbox 1566 2923 1674 2968; x_wconf 89' lang='lat' dir='ltr'><em>(corr.</em></span> <span class='ocrx_word' id='word_1_471' title='bbox 1701 2922 1727 2966; x_wconf 87' lang='lat' dir='ltr'><em>l)</em></span> <span class='ocrx_word' id='word_1_472' title='bbox 1765 2920 1962 2956; x_wconf 87' lang='lat' dir='ltr'><em>instultum</em></span> <span class='ocrx_word' id='word_1_473' title='bbox 1982 2922 2028 2957; x_wconf 89' lang='lat' dir='ltr'><em>H</em></span> 
     </span>
     <span class='ocr_line' id='line_1_48' title="bbox 320 2968 2024 3017; baseline -0.001 -10"><span class='ocrx_word' id='word_1_474' title='bbox 320 2971 579 3017; x_wconf 83' lang='lat' dir='ltr'><em>sculptumque</em></span> <span class='ocrx_word' id='word_1_475' title='bbox 604 2970 686 3004; x_wconf 90' lang='lat' dir='ltr'><em>FT</em></span> <span class='ocrx_word' id='word_1_476' title='bbox 708 2972 720 3015; x_wconf 80' lang='lat' dir='ltr'>ss</span> <span class='ocrx_word' id='word_1_477' title='bbox 751 2973 796 3005; x_wconf 88' lang='grc'><em>22</em></span> <span class='ocrx_word' id='word_1_478' title='bbox 823 2968 993 3015; x_wconf 83' lang='lat' dir='ltr'><em>conpulsi</em></span> <span class='ocrx_word' id='word_1_479' title='bbox 1018 2969 1063 3003; x_wconf 85' lang='lat' dir='ltr'><em>H</em></span> <span class='ocrx_word' id='word_1_480' title='bbox 1082 2970 1094 3015; x_wconf 85' lang='grc' dir='ltr'><em>ΙΙ</em></span> <span class='ocrx_word' id='word_1_481' title='bbox 1126 2968 1201 3005; x_wconf 84' lang='lat' dir='ltr'><em>sint</em></span> <span class='ocrx_word' id='word_1_482' title='bbox 1227 2970 1440 3015; x_wconf 82' lang='lat' dir='ltr'><em>compulsae</em></span> <span class='ocrx_word' id='word_1_483' title='bbox 1469 2970 1502 3004; x_wconf 92' lang='grc' dir='ltr'><em>Τ</em></span> <span class='ocrx_word' id='word_1_484' title='bbox 1524 2971 1536 3016; x_wconf 79' lang='grc' dir='ltr'><em>ΙΙ</em></span> <span class='ocrx_word' id='word_1_485' title='bbox 1564 2970 1613 3005; x_wconf 83' lang='lat' dir='ltr'><em>ad</em></span> <span class='ocrx_word' id='word_1_486' title='bbox 1637 2968 1847 3004; x_wconf 81' lang='lat' dir='ltr'><em>Danaidum</em></span> <span class='ocrx_word' id='word_1_487' title='bbox 1871 2969 1958 3004; x_wconf 81' lang='lat' dir='ltr'><em>haec</em></span> <span class='ocrx_word' id='word_1_488' title='bbox 1981 2970 2024 3005; x_wconf 87' lang='lat' dir='ltr'><em>in</em></span> 
     </span>
     <span class='ocr_line' id='line_1_49' title="bbox 319 3015 2025 3064; baseline -0.001 -10"><span class='ocrx_word' id='word_1_489' title='bbox 319 3029 432 3064; x_wconf 74' lang='lat' dir='ltr'><em>mary.</em></span> <span class='ocrx_word' id='word_1_490' title='bbox 465 3018 663 3062; x_wconf 79' lang='lat' dir='ltr'><em>adscripsit</em></span> <span class='ocrx_word' id='word_1_491' title='bbox 688 3018 700 3052; x_wconf 87' lang='lat' dir='ltr'><em>l</em></span> <span class='ocrx_word' id='word_1_492' title='bbox 731 3028 886 3063; x_wconf 88' lang='lat' dir='ltr'><em>quorum</em></span> <span class='ocrx_word' id='word_1_493' title='bbox 919 3017 1001 3061; x_wconf 88' lang='lat' dir='ltr'><em>(sie)</em></span> <span class='ocrx_word' id='word_1_494' title='bbox 1032 3015 1162 3052; x_wconf 84' lang='lat' dir='ltr'><em>fabula</em></span> <span class='ocrx_word' id='word_1_495' title='bbox 1191 3017 1280 3053; x_wconf 83' lang='lat' dir='ltr'><em>talis</em></span> <span class='ocrx_word' id='word_1_496' title='bbox 1311 3019 1378 3053; x_wconf 86' lang='lat' dir='ltr'><em>est.</em></span> <span class='ocrx_word' id='word_1_497' title='bbox 1429 3017 1569 3052; x_wconf 84' lang='lat' dir='ltr'><em>danaus</em></span> <span class='ocrx_word' id='word_1_498' title='bbox 1604 3017 1642 3052; x_wconf 88' lang='lat' dir='ltr'><em>et</em></span> <span class='ocrx_word' id='word_1_499' title='bbox 1676 3015 1815 3061; x_wconf 76' lang='lat' dir='ltr'><em>egistus</em></span> <span class='ocrx_word' id='word_1_500' title='bbox 1849 3015 1926 3051; x_wconf 88' lang='lat' dir='ltr'><em>beli</em></span> <span class='ocrx_word' id='word_1_501' title='bbox 1955 3016 2025 3052; x_wconf 88' lang='lat' dir='ltr'><em>filii</em></span> 
     </span>
     <span class='ocr_line' id='line_1_50' title="bbox 319 3062 2022 3110; baseline -0.001 -10"><span class='ocrx_word' id='word_1_502' title='bbox 319 3066 481 3102; x_wconf 82' lang='lat' dir='ltr'><em>fuerunt.</em></span> <span class='ocrx_word' id='word_1_503' title='bbox 520 3075 564 3100; x_wconf 84' lang='lat' dir='ltr'><em>ex</em></span> <span class='ocrx_word' id='word_1_504' title='bbox 588 3065 648 3100; x_wconf 88' lang='grc'><strong>1110</strong></span> <span class='ocrx_word' id='word_1_505' title='bbox 674 3064 815 3101; x_wconf 85' lang='lat' dir='ltr'><em>danaus</em></span> <span class='ocrx_word' id='word_1_506' title='bbox 839 3078 870 3100; x_wconf 85' lang='lat' dir='ltr'><em>L.</em></span> <span class='ocrx_word' id='word_1_507' title='bbox 896 3063 993 3099; x_wconf 80' lang='lat' dir='ltr'><em>filias</em></span> <span class='ocrx_word' id='word_1_508' title='bbox 1019 3063 1152 3099; x_wconf 89' lang='lat' dir='ltr'><em>habuit</em></span> <span class='ocrx_word' id='word_1_509' title='bbox 1172 3067 1210 3099; x_wconf 84' lang='lat' dir='ltr'><em>et</em></span> <span class='ocrx_word' id='word_1_510' title='bbox 1229 3064 1370 3110; x_wconf 78' lang='lat' dir='ltr'><em>egistus</em></span> <span class='ocrx_word' id='word_1_511' title='bbox 1389 3064 1547 3099; x_wconf 88' lang='lat' dir='ltr'><em>totidem</em></span> <span class='ocrx_word' id='word_1_512' title='bbox 1567 3062 1672 3099; x_wconf 90' lang='lat' dir='ltr'><em>filios.</em></span> <span class='ocrx_word' id='word_1_513' title='bbox 1712 3063 1852 3099; x_wconf 86' lang='lat' dir='ltr'><em>danaus</em></span> <span class='ocrx_word' id='word_1_514' title='bbox 1873 3065 2022 3099; x_wconf 85' lang='lat' dir='ltr'><em>coactus</em></span> 
     </span>
     <span class='ocr_line' id='line_1_51' title="bbox 320 3110 2024 3156; baseline -0.002 -7"><span class='ocrx_word' id='word_1_515' title='bbox 320 3125 343 3149; x_wconf 86' lang='lat' dir='ltr'><em>a</em></span> <span class='ocrx_word' id='word_1_516' title='bbox 367 3113 481 3149; x_wconf 84' lang='lat' dir='ltr'><em>fratre</em></span> <span class='ocrx_word' id='word_1_517' title='bbox 506 3112 550 3147; x_wconf 82' lang='lat' dir='ltr'><em>ut</em></span> <span class='ocrx_word' id='word_1_518' title='bbox 573 3112 671 3147; x_wconf 83' lang='lat' dir='ltr'><em>filias</em></span> <span class='ocrx_word' id='word_1_519' title='bbox 697 3124 781 3147; x_wconf 84' lang='lat' dir='ltr'><em>suas</em></span> <span class='ocrx_word' id='word_1_520' title='bbox 810 3112 889 3148; x_wconf 88' lang='lat' dir='ltr'><em>eius</em></span> <span class='ocrx_word' id='word_1_521' title='bbox 920 3111 1115 3147; x_wconf 89' lang='lat' dir='ltr'><em>iuuenibus</em></span> <span class='ocrx_word' id='word_1_522' title='bbox 1141 3112 1248 3148; x_wconf 87' lang='lat' dir='ltr'><em>daret</em></span> <span class='ocrx_word' id='word_1_523' title='bbox 1271 3113 1311 3148; x_wconf 87' lang='lat' dir='ltr'><em>in</em></span> <span class='ocrx_word' id='word_1_524' title='bbox 1335 3111 1613 3148; x_wconf 72' lang='lat' dir='ltr'><em>matrimonium</em></span> <span class='ocrx_word' id='word_1_525' title='bbox 1637 3111 1677 3146; x_wconf 90' lang='lat' dir='ltr'><em>in</em></span> <span class='ocrx_word' id='word_1_526' title='bbox 1702 3110 1783 3155; x_wconf 84' lang='lat' dir='ltr'><em>ipso</em></span> <span class='ocrx_word' id='word_1_527' title='bbox 1808 3111 2024 3156; x_wconf 74' lang='lat' dir='ltr'><em>nuptiarum</em></span> 
     </span>
     <span class='ocr_line' id='line_1_52' title="bbox 320 3158 2069 3207; baseline -0.001 -11"><span class='ocrx_word' id='word_1_528' title='bbox 320 3161 380 3197; x_wconf 86' lang='lat' dir='ltr'><em>die</em></span> <span class='ocrx_word' id='word_1_529' title='bbox 405 3158 552 3207; x_wconf 81' lang='lat' dir='ltr'><em>gladios</em></span> <span class='ocrx_word' id='word_1_530' title='bbox 576 3158 785 3204; x_wconf 85' lang='lat' dir='ltr'><em>uirginibus</em></span> <span class='ocrx_word' id='word_1_531' title='bbox 812 3159 916 3195; x_wconf 87' lang='lat' dir='ltr'><em>dedit</em></span> <span class='ocrx_word' id='word_1_532' title='bbox 940 3158 1074 3204; x_wconf 87' lang='lat' dir='ltr'><em>quibus</em></span> <span class='ocrx_word' id='word_1_533' title='bbox 1094 3158 1185 3195; x_wconf 87' lang='lat' dir='ltr'><em>illae</em></span> <span class='ocrx_word' id='word_1_534' title='bbox 1206 3171 1250 3195; x_wconf 87' lang='lat' dir='ltr'><em>ex</em></span> <span class='ocrx_word' id='word_1_535' title='bbox 1268 3160 1468 3205; x_wconf 84' lang='lat' dir='ltr'><em>praecepto</em></span> <span class='ocrx_word' id='word_1_536' title='bbox 1493 3158 1612 3204; x_wconf 84' lang='lat' dir='ltr'><em>patris</em></span> <span class='ocrx_word' id='word_1_537' title='bbox 1632 3169 1788 3203; x_wconf 88' lang='lat' dir='ltr'><em>sponsos</em></span> <span class='ocrx_word' id='word_1_538' title='bbox 1807 3169 1893 3194; x_wconf 85' lang='lat' dir='ltr'><em>suos</em></span> <span class='ocrx_word' id='word_1_539' title='bbox 1910 3158 2022 3194; x_wconf 87' lang='lat' dir='ltr'><em>inter·</em></span> <span class='ocrx_word' id='word_1_540' title='bbox 2066 3183 2069 3185; x_wconf 97' lang='lat'>-</span> 
     </span>
     <span class='ocr_line' id='line_1_53' title="bbox 321 3205 2025 3253; baseline -0.001 -10"><span class='ocrx_word' id='word_1_541' title='bbox 321 3208 490 3244; x_wconf 85' lang='lat' dir='ltr'><em>fecerunt</em></span> <span class='ocrx_word' id='word_1_542' title='bbox 519 3208 676 3252; x_wconf 86' lang='lat' dir='ltr'><em>excepta</em></span> <span class='ocrx_word' id='word_1_543' title='bbox 706 3218 781 3242; x_wconf 85' lang='lat' dir='ltr'><em>una</em></span> <span class='ocrx_word' id='word_1_544' title='bbox 811 3206 981 3252; x_wconf 81' lang='lat' dir='ltr'><em>(excepta</em></span> <span class='ocrx_word' id='word_1_545' title='bbox 1010 3206 1278 3251; x_wconf 83' lang='lat' dir='ltr'><em>Hypermestra</em></span> <span class='ocrx_word' id='word_1_546' title='bbox 1307 3218 1403 3252; x_wconf 80' lang='lat' dir='ltr'><em>quae</em></span> <span class='ocrx_word' id='word_1_547' title='bbox 1434 3206 1620 3251; x_wconf 84' lang='lat' dir='ltr'><em>Lynceum</em></span> <span class='ocrx_word' id='word_1_548' title='bbox 1653 3205 1815 3241; x_wconf 82' lang='lat' dir='ltr'><em>servavit</em></span> <span class='ocrx_word' id='word_1_549' title='bbox 1845 3206 1965 3253; x_wconf 77' lang='lat' dir='ltr'><em>steph.</em></span> <span class='ocrx_word' id='word_1_550' title='bbox 1991 3209 2025 3242; x_wconf 75' lang='lat' dir='ltr'><em>et</em></span> 
     </span>
     <span class='ocr_line' id='line_1_54' title="bbox 323 3252 1774 3302; baseline -0.002 -11"><span class='ocrx_word' id='word_1_551' title='bbox 323 3256 475 3301; x_wconf 85' lang='lat' dir='ltr'><em>Fabr.):</em></span> <span class='ocrx_word' id='word_1_552' title='bbox 500 3266 592 3302; x_wconf 74' lang='lat' dir='ltr'><em>quae</em></span> <span class='ocrx_word' id='word_1_553' title='bbox 610 3258 696 3300; x_wconf 77' lang='lat' dir='ltr'><em>post</em></span> <span class='ocrx_word' id='word_1_554' title='bbox 721 3254 842 3290; x_wconf 84' lang='lat' dir='ltr'><em>facere</em></span> <span class='ocrx_word' id='word_1_555' title='bbox 868 3254 1041 3290; x_wconf 83' lang='lat' dir='ltr'><em>collocata</em></span> <span class='ocrx_word' id='word_1_556' title='bbox 1067 3254 1258 3290; x_wconf 78' lang='lat' dir='ltr'><em>ediderunt</em></span> <span class='ocrx_word' id='word_1_557' title='bbox 1283 3254 1490 3299; x_wconf 77' lang='lat' dir='ltr'><em>Stephanus</em></span> <span class='ocrx_word' id='word_1_558' title='bbox 1514 3257 1547 3289; x_wconf 76' lang='lat' dir='ltr'><em>et</em></span> <span class='ocrx_word' id='word_1_559' title='bbox 1572 3252 1774 3289; x_wconf 85' lang='lat' dir='ltr'><em>Fabricius</em></span> 
     </span>
    </p>
   </div>
  </div>
 </body>
</html>
