2092 3614
514 262 664 299 COMM.
692 263 744 299 IN
770 262 913 300 VERG.
940 263 1050 298 AEN.
1080 263 1164 298 VIII
1189 263 1389 299 28'8—291.
1709 262 1795 304 239

82 371 192 413 enim
230 371 317 413 eius
353 373 487 425 operto
524 372 657 425 capite
692 375 759 414 cst.
822 375 979 415 constat
1018 374 1153 414 tamen
1193 374 1288 412 ante
1323 372 1543 414 adventum
1578 372 1625 414 in
1662 371 1796 414 Italia

82 441 248 485 Aeneae
271 455 394 485 aram
417 442 595 485 Herculi
619 446 911 499 consecratam,
941 442 993 485 ab
1017 442 1160 484 Aenea
1189 455 1281 483 vero
1308 455 1461 484 rnorem
1486 444 1796 497 operiendorurn

45 503 49 507 ’
82 513 265 567 capitum
289 514 519 569 inductum,
549 515 656 557 sicut
680 516 743 557 ait
767 514 863 570 <ΙΙΙ
883 514 999 570 405>
1022 526 1275 568 purpureo
1306 514 1570 567 adopertus
1600 515 1795 557 amictu.

170 596 314 631 PRIMA
351 597 600 629 NOVERCAE
637 598 854 629 MONSTRA
897 586 1007 628 bene
1045 583 1249 640 ‘prima'3
1292 599 1394 626 nam
1436 587 1479 627 et
1520 585 1606 627 alia
1648 587 1797 628 omnia

82 655 261 699 Iunonis
293 656 463 699 insidiis
495 657 687 713 pertulit.
748 657 898 699 fabula
930 659 1074 699 autem
1105 657 1189 699 hoe
1219 656 1365 698 habet.
1425 655 1633 698 Hercules
1665 659 1794 698 natus

82 730 148 770 est
179 742 275 770 eum
307 728 492 785 Iphiclo,
525 728 859 785 Amphitryonis
891 729 997 772 filio.
1054 728 1128 771 sed
1161 742 1258 770 cum
1288 726 1399 770 Iuno
1431 727 1537 770 duos
1572 731 1794 783 serpentes

81 799 321 842 inmisisset
351 799 551 855 Herculi,
587 800 778 856 Iphiclus
812 798 863 842 de
897 800 1017 842 cunis
1054 802 1220 842 terrore
1253 799 1401 854 lapsus
1434 814 1513 841 suo
1544 799 1695 855 vagitu
1727 814 1795 841 ex-

82 870 233 913 citavit
264 874 477 926 parentes.
522 872 595 927 qui
627 887 724 914 cum
752 872 1058 925 surrexissent,
1089 870 1287 914 viderunt
1309 869 1541 912 Herculem
1567 873 1795 927 augentem

81 941 281 984 manibus
313 956 478 999 angues
510 943 717 985 inmissos
750 944 790 985 ei
820 942 1121 985 novercalibus
1154 941 1276 984 odiis.

200 1012 299 1055 289.
347 1025 566 1057 ELISERIT
605 1014 939 1070 praefocaverit·
993 1017 1033 1057 et
1067 1013 1175 1056 hunc
1204 1027 1366 1056 versum
1396 1013 1540 1068 iun-qe:
1577 1027 1709 1055 unum
1739 1016 1797 1056 est

82 1083 191 1125 enini
223 1082 450 1152 ‘monstra'
483 1089 521 1128 et
550 1084 758 1140 ‘anyucs'.

200 1155 299 1198 291..
350 1169 622 1209 TROIAMQVE
667 1160 716 1199 ut
754 1172 884 1213 supra
923 1156 1125 1212 diximus,
1171 1155 1348 1198 Troiam
1386 1154 1595 1198 Hercules
1639 1157 1796 1199 evertit

82 1228 260 1281 propter
290 1230 472 1283 negatos
506 1228 589 1271 sibi
621 1243 646 1270 a
677 1227 971 1271 Laomedonte
1004 1242 1135 1283 equos
1169 1227 1315 1269 divino
1348 1227 1512 1269 semine
1543 1230 1794 1282 procreatos

81 1299 126 1338 et
149 1296 367 1340 Hesionae
393 1300 585 1355 nuptias,
618 1315 745 1355 quam
782 1315 807 1341 a
832 1301 927 1342 ceto
959 1299 1236 1353 liberaverat,
1266 1301 1406 1340 necato
1430 1302 1554 1352 patre
1577 1299 1666 1342 eius
1684 1299 1794 1342 Lao-

79 1369 270 1412 medonte.
334 1384 435 1412 sane
467 1371 606 1414 critici
637 1371 803 1414 frustra
835 1371 1014 1426 culpant
1045 1369 1309 1426 Vergilium,
1346 1370 1460 1425 quod
1490 1371 1794 1425 praesentibus

79 1440 278 1484 Troianis
312 1441 466 1484 Troiae
503 1442 671 1485 laudari
711 1442 952 1485 introduxit
989 1441 1219 1497 excidium,
1256 1456 1345 1484 non
1381 1441 1660 1496 respicientes
1694 1443 1796 1497 quia

80 1512 161 1555 hoc
186 1513 299 1555 ratio
325 1513 430 1563 fecit
455 1513 734 1570 hymnorum,
760 1514 915 1570 quibus
943 1513 1106 1569 aliquid
1133 1512 1386 1555 subtrahere
1413 1512 1690 1572 sacrilegium
1717 1517 1794 1556 est.

79 1584 157 1626 alii
187 1585 322 1639 mayis
345 1585 418 1627 hoc
441 1586 488 1627 in
512 1586 711 1628 solacium
735 1586 899 1629 Aeneae
923 1587 1135 1628 cantatum
1157 1597 1278 1638 posse
1307 1584 1439 1638 accipi
1470 1585 1664 1627 tradunt:
1695 1599 1795 1628 nam

79 1657 188 1709 quod
210 1657 386 1699 Herculi
410 1658 552 1709 datur,
585 1656 757 1700 Graecis
786 1655 987 1710 aufertur.
1030 1659 1069 1699 et
1090 1658 1224 1710 potest
1252 1655 1504 1698 oblitteratas
1528 1656 1644 1698 dolor
1666 1658 1796 1699 videri

81 1728 378 1783 [praeteritus],
415 1730 580 1783 quando
611 1730 668 1772 acl
693 1729 866 1783 fatalem
897 1731 1051 1771 terram
1079 1730 1322 1782 perventum
1351 1730 1426 1782 est,
1463 1728 1571 1770 sicut
1599 1728 1703 1770 alibi
1732 1729 1796 1770 ait

79 1798 244 1842 Aeneas
282 1799 332 1855 <I
364 1800 480 1855 206>
518 1801 630 1843 illic
669 1800 751 1853 fas
793 1814 945 1855 reyna
986 1813 1242 1854 resuryere
1280 1799 1476 1854 Troiae,
1518 1802 1566 1841 ut
1605 1800 1666 1842 ibi
1706 1801 1794 1843 iam

79 1870 243 1913 dixerat
272 1870 386 1925 <VII
422 1871 534 1925 120>
565 1872 698 1914 salve
725 1872 852 1925 fatis
881 1870 1004 1914 milii
1033 1870 1197 1914 debita
1229 1870 1395 1923 tellus,
1435 1871 1535 1925 quia
1565 1874 1795 1924 expectatus

79 1945 245 1984 venerat
284 1943 368 1985 solo
410 1943 614 1985 Laurenti
655 1943 845 1997 arvisque
886 1943 1066 1985 Latinis.
1189 1953 1557 1993 OECHALIAMQVE
1601 1941 1794 1986 Oechalia

79 2014 224 2057 civitas
259 2014 306 2056 in
336 2013 505 2057 Euboea
541 2014 681 2062 insula
715 2014 816 2067 fuit,
858 2015 975 2057 cuius
1005 2014 1200 2069 Eurytus
1238 2028 1315 2056 rex
1346 2013 1469 2056 Iolen
1501 2013 1636 2056 filiam
1668 2014 1793 2056 dene—

81 2085 203 2140 gavit
245 2084 442 2138 Herculi,
484 2086 628 2129 victori
669 2086 888 2128 certamine
929 2086 1179 2140 saqittarurn
1222 2087 1323 2127 ante
1367 2085 1649 2140 promissam,
1695 2086 1791 2128 ideo

82 2156 195 2211 quod
228 2170 325 2198 eum
362 2156 503 2199 fuerat
539 2157 652 2200 filius
691 2157 963 2212 dehortatus,
1005 2156 1151 2199 dicens
1190 2156 1244 2198 ab
1277 2155 1463 2198 Hercule
1496 2157 1539 2198 et
1569 2156 1793 2212 Megaram

81 2241 259 2270 uxorem
303 2230 347 2270 et
390 2242 440 2270 ex
484 2242 532 2270 ea
572 2228 684 2271 filios
725 2228 1029 2284 interemptos,
1074 2213 1187 2283 quod
1227 2226 1391 2269 factum
1434 2226 1578 2269 fuerat
1617 2227 1793 2271 Iunonis

81 2298 303 2342 instinctu.
364 2299 476 2341 unde
525 2299 662 2342 iratus
706 2298 913 2342 Hercules
964 2300 1142 2354 propter
1190 2299 1367 2355 nuptias
1417 2298 1502 2341 sibi
1546 2298 1795 2355 denegatas,

179 2468 200 2500 ὅ
226 2464 405 2500 Hercules
432 2492 440 2500 .
462 2494 469 2501 .
492 2490 500 2499 .
527 2462 640 2510 odiis]
667 2475 781 2500 exscr.
807 2463 993 2510 mythogr.
1021 2463 1037 2498 Ι
1064 2466 1109 2499 50
1127 2464 1140 2509 ss
1173 2467 1217 2498 10
1243 2475 1404 2498 nmsnmr
1430 2463 1721 2510 praefocaverit]
1748 2463 1792 2498 cf.

84 2511 179 2548 Non.
206 2524 241 2557 p.
269 2515 351 2557 291,
376 2516 420 2547 33
441 2512 490 2548 M.
511 2513 522 2558 ΙΙ
549 2516 596 2548 24
621 2511 784 2557 Eurytus
810 2523 875 2547 rex
900 2523 930 2547 e.
958 2523 992 2557 q.
1021 2511 1066 2558 s.]
1095 2521 1209 2548 exscr.
1236 2512 1421 2557 mythogr.
1449 2511 1484 2546 II
1513 2514 1579 2546 159

182 2670 199 2700 1
227 2665 372 2711 tamen]
408 2666 535 2701 autem
559 2666 699 2701 Daniel
733 2667 747 2711 ΙΙ
782 2666 820 2701 in
854 2665 985 2701 italiae
1017 2675 1130 2701 eneae
1157 2665 1210 2700 F:
1243 2664 1391 2701 Aeneae
1416 2665 1456 2700 in
1480 2665 1630 2701 Italiam
1655 2665 1796 2700 Daniel

86 2712 234 2748 Aeneae
269 2712 307 2747 in
340 2713 451 2748 Italia
475 2713 618 2749 Gavius
642 2713 782 2749 Bassus
808 2714 910 2758 apud
936 2713 1171 2748 Macrobium
1208 2714 1220 2759 ΙΙ
1256 2717 1279 2748 4
1308 2714 1416 2749 schol.
1443 2714 1493 2749 ad
1522 2726 1629 2748 PRIMA
1662 2726 1793 2748 sovmt-

85 2772 152 2795 cm
187 2771 345 2796 nousrm
379 2771 446 2796 om.
479 2760 519 2795 F
551 2762 563 2806 ΙΙ
601 2765 621 2796 6
656 2761 746 2796 ifido
778 2761 857 2796 AR
893 2759 1005 2796 ificho
1037 2761 1082 2795 H
1113 2761 1125 2814 ΙΙ
1170 2765 1188 2796 7
1226 2761 1309 2795 idus
1340 2761 1377 2795 A
1413 2760 1536 2806 (ifidus
1568 2762 1605 2806 a)
1648 2760 1794 2796 inficlus

85 2808 130 2842 H
156 2809 168 2853 ΙΙ
205 2811 226 2842 8
258 2808 447 2843 herculem
483 2819 624 2854 angues
662 2809 851 2844 tenentem
888 2807 1060 2843 manibus
1093 2807 1250 2853 Singulis
1281 2807 1455 2843 inmissos
1486 2808 1560 2844 AS
1588 2808 1793 2854 nzythoyra-

79 2856 195 2900 plius,
231 2856 307 2891 nisi
343 2856 439 2901 quod
468 2856 532 2891 hic>
561 2854 718 2900 singulis
749 2857 882 2891 omittit
912 2857 924 2902 ΙΙ
955 2856 1169 2902 augentem]
1208 2856 1399 2891 tenentem
1424 2855 1461 2890 R
1490 2857 1502 2900 ΙΙ
1536 2860 1579 2891 10
1605 2855 1794 2901 praefoca-

85 2902 181 2938 verit
205 2902 290 2938 LH
298 2903 346 2938 M
352 2903 437 2939 Fa:
468 2914 537 2948 pro
562 2902 746 2939 focauerit
770 2903 843 2938 AS
879 2913 946 2949 pro
973 2901 1211 2939 suffocauerit
1235 2903 1272 2939 R
1303 2904 1315 2949 ΙΙ
1348 2907 1392 2938 12
1419 2903 1611 2938 euertendi
1637 2902 1678 2938 F
1706 2904 1717 2949 ΙΙ
1752 2906 1794 2937 15

88 2951 181 2985 creti
206 2950 280 2986 AS
316 2950 444 2986 cretici
469 2950 548 2986 RL
584 2949 700 2985 tritici
726 2950 771 2985 H
803 2950 905 2996 greci
933 2950 982 2985 M
1005 2950 1140 2996 (critici
1165 2951 1213 2996 m)
1232 2952 1244 2997 ΙΙ
1269 2949 1471 2995 uergilium
1497 2950 1537 2985 F
1552 2952 1565 2996 ΙΙ
1596 2954 1639 2986 16
1665 2950 1793 2986 Troia-

85 2997 142 3031 nis
168 3008 233 3033 om.
260 2997 296 3032 R
324 2998 337 3042 ΙΙ
367 2997 529 3044 laudari]
556 3009 621 3033 om.
648 2997 809 3042 ASMZ,
835 2997 988 3033 laudare
1014 2997 1054 3032 F
1076 2999 1088 3044 ΙΙ
1125 2997 1230 3044 quia]
1259 2997 1359 3042 quod
1384 2998 1418 3032 L
1447 2999 1460 3042 ΙΙ
1499 3001 1541 3033 19
1568 2999 1719 3033 hercula
1746 2996 1794 3039 F,

87 3054 178 3080 corr.
194 3045 331 3080 Daniel
349 3046 361 3091 ΙΙ
380 3045 598 3081 obliteratus
626 3044 666 3080 F
700 3044 928 3091 oblyteratys
955 3044 1083 3091 61120
1110 3045 1333 3091 praeteritus
1358 3046 1488 3081 seclusi
1506 3046 1518 3091 ΙΙ
1537 3049 1581 3081 22
1607 3046 1704 3080 telus
1731 3044 1793 3078 de-

86 3090 167 3126 bita
190 3091 239 3134 F,
265 3093 304 3127 et
328 3093 390 3129 cet
413 3094 499 3129 add.
520 3093 554 3128 G
581 3094 593 3139 ss
623 3097 669 3128 23
696 3093 861 3129 oethalia
885 3093 925 3128 F
946 3094 959 3138 ΙΙ
989 3096 1035 3128 24
1061 3092 1202 3128 euritus
1228 3091 1398 3133 (euritius
1424 3093 1488 3138 M)
1514 3104 1577 3128 rex
1604 3091 1793 3127 oechaliae

89 3137 268 3182 (oecaliae
293 3140 341 3184 L)
368 3140 455 3176 libri
480 3140 652 3176 Serviani
670 3142 681 3187 ΙΙ
708 3140 822 3175 iolem
848 3139 1001 3176 ASFl:
1027 3140 1151 3176 ionem
1177 3138 1305 3174 RLH
1312 3140 1360 3174 M
1377 3141 1389 3186 ΙΙ
1421 3143 1466 3175 25
1492 3139 1635 3175 herculi
1660 3137 1794 3173 uictori

90 3185 292 3222 certamine
317 3187 540 3232 sagittarum
567 3187 772 3233 denegauit
796 3188 837 3223 F
858 3189 870 3235 ΙΙ
895 3187 981 3223 ideo
1007 3191 1040 3224 et
1063 3188 1187 3223 fuerat
1211 3197 1278 3222 om.
1304 3186 1341 3222 R
1365 3188 1378 3233 ΙΙ
1399 3191 1454 3223 26
1480 3198 1668 3232 megel-am
1694 3186 1793 3230 libri,

88 3233 230 3268 correxi
258 3234 271 3278 u
301 3237 347 3268 28
371 3234 555 3270 instructu
579 3235 614 3269 L
639 3235 833 3280 (instinctu
858 3238 884 3281 l)

1821 666 1842 696 5

1825 1022 1867 1053 10

1823 1358 1865 1410 15

1819 1736 1865 1768 20

1818 2093 1864 2124 25
