2092 3614
511 239 662 275 COMM.
691 240 742 275 IN
770 239 912 276 VERG.
938 240 1048 275 AEN.
1077 240 1164 275 VIII
1191 244 1390 278 696-711.
1705 241 1791 284 303

80 348 188 391 illud
228 349 402 403 tetiqisse
449 349 674 403 Veryilium
716 349 872 403 volunt,
915 350 1024 402 quod
1063 348 1236 391 Plinius
1278 349 1488 392 Secundus
1531 351 1576 392 in
1616 349 1793 393 historia

79 420 268 462 naturali
299 419 391 474 <IX
418 420 485 475 79,
516 419 685 462 XXXII
711 420 769 475 2>
802 421 917 476 dicit,
947 421 1056 475 quod
1077 420 1257 463 Antonii
1286 435 1432 463 navem
1456 423 1587 475 piscis
1616 422 1793 465 echeneis

79 491 311 546 retinuerit,
342 492 414 545 qui
436 492 566 545 piscis
597 492 724 535 latine
754 506 916 535 remora
947 492 1111 535 dicitur.

202 564 298 606 701.
350 574 591 606 CAELATVS
636 575 791 607 FERRO
843 566 918 606 aut
959 564 1003 606 in
1046 564 1179 606 armis
1223 563 1411 606 locatus:
1462 567 1539 606 aut
1582 564 1632 606 de
1676 565 1792 608 ferro

81 635 296 690 sculptus,
328 634 493 677 scilicet
525 635 703 677 metallo
737 635 821 677 sibi
853 649 1063 692 congruo:
1101 633 1177 677 aut
1207 634 1355 677 ‘saevit
1381 634 1527 688 ferro'.
1648 648 1791 678 DIRAR
1818 645 1839 676 5

82 706 211 748 Dirae
237 706 412 762 proprie
438 708 538 748 sunt
564 706 740 748 ultrices
766 706 881 749 deae.
933 709 977 749 et
1004 707 1113 749 bene
1139 706 1219 748 has
1245 706 1456 748 interesse
1482 707 1791 762 dicitpmelio,

79 781 155 819 aut
183 792 211 819 a
242 777 339 819 Iove
368 777 518 819 missas
548 779 606 820 ad
635 781 829 820 terrorem
859 777 1075 832 Aeyyptiis
1105 778 1384 833 inferendum,
1422 781 1497 820 aut
1528 777 1581 819 ad
1612 778 1792 834 punien-

80 849 181 891 dum
215 848 475 903 Antonium,
507 849 581 904 qui
611 849 878 892 matrimonii
910 850 1099 892 laeserat
1129 849 1291 892 foedus

200 920 297 962 702.
348 936 473 962 SCISSA
506 931 762 962 DISCORDIA
793 932 946 964 PALLA
983 924 1124 963 utrum
1156 921 1305 963 ‘scissa
1327 921 1451 975 palla
1477 920 1694 975 9audens',
1735 935 1793 962 an

80 990 229 1034 ‘scissa
252 992 374 1045 palla
398 990 532 1033 vadit'
565 995 603 1033 et
625 1005 807 1034 seorsum
833 991 1087 1046 ‘qaudens'ss
1119 991 1216 1035 ideo
1243 995 1380 1035 autem
1409 992 1657 1047 Discordia,
1690 993 1791 1048 quia
1820 1000 1863 1032 10

80 1063 207 1105 unius
234 1063 422 1105 civitatis
448 1066 487 1105 ct
510 1064 613 1105 cives
630 1051 841 1118 principes
867 1066 1001 1106 erant.
1046 1066 1090 1105 et
1114 1064 1223 1106 bene
1249 1063 1379 1106 Diras
1399 1063 1627 1106 Discordia
1652 1064 1791 1119 sequi-

79 1137 162 1191 tur,
190 1150 319 1190 quam
340 1134 524 1177 Bellona
549 1135 797 1177 comitatur.
822 1150 924 1177 nam
950 1150 1027 1191 per
1046 1135 1320 1178 Discordiam
1340 1136 1511 1178 venitur
1538 1136 1591 1177 ad
1619 1135 1792 1190 bellum,

77 1207 124 1248 in
154 1220 231 1260 quo
262 1220 415 1249 necesse
447 1210 504 1249 est
531 1208 775 1262 sanquinem
802 1207 946 1263 fundi,
976 1208 1064 1250 ideo
1095 1206 1200 1250 ait
1208 1208 1434 1261 sanyuineo
1465 1205 1792 1262 11119611οῆΗο-

79 1278 214 1319 ratius
246 1278 323 1319 ira
354 1280 527 1320 truces
559 1279 877 1321 inimicitias
911 1281 962 1321 et
992 1278 1209 1321 funebre
1240 1279 1447 1321 bellum.

199 1349 295 1392 704.
346 1360 511 1392 ACTIVS
548 1361 674 1392 HAEC
713 1360 924 1392 CERNENS
970 1364 1096 1405 quem
1136 1351 1290 1405 postea
1328 1348 1504 1392 Actium
1547 1349 1792 1392 nominavit
1819 1359 1862 1390 15

79 1419 844 1476 Augustus..

199 1493 297 1535 706.
346 1504 627 1535 VERTEBANT
647 1503 804 1535 TERGA
825 1503 989 1535 SABAEI
1017 1507 1166 1536 omnes
1192 1492 1266 1535 isti
1292 1493 1442 1548 populi
1462 1491 1653 1535 Orientis
1678 1495 1790 1535 sunt.

200 1565 432 1607 707.11>S.4
473 1581 692 1608 VIDEBATVR
728 1582 864 1608 VENTIS
893 1565 1008 1619 apud
1023 1565 1167 1618 plures
1192 1562 1378 1622 (leyitur)
1398 1565 1661 1619 Cleopatram
1678 1565 1792 1619 prio-

77 1650 163 1678 rem
191 1636 363 1693 fuyisse,
390 1640 486 1692 post
515 1638 741 1683 insecutum
771 1636 1017 1679 Antonium.
1579 1652 1583 1655 ·

198 1708 296 1750 708.
344 1719 427 1750 IAM
459 1719 637 1758 IAMQVE
670 1719 926 1751 INMITTERE
959 1719 1000 1752 F.
1043 1707 1208 1750 scilicet
1247 1707 1454 1750 aviditate
1485 1707 1690 1764 fugiendi.
1752 1711 1792 1750 et
1817 1718 1862 1750 20

78 1779 173 1822 bene
204 1778 306 1822 ‘iam
335 1779 512 1834 iamque’
545 1780 722 1831 addidit,
753 1780 853 1833 quia
879 1782 1034 1833 tempu-s
1059 1780 1190 1834 operis
1214 1780 1261 1821 in
1284 1780 1454 1833 pictura
1478 1780 1684 1822 declarari
1707 1794 1792 1822 non

69 1855 243 1905 poterat.

199 1923 296 1966 709.
345 1935 489 1965 INTER
521 1934 700 1965 CAEDES
733 1923 847 1965 inter
879 1937 1054 1966 suorum
1088 1923 1307 1966 cadavera.
1408 1935 1570 1966 MORTE
1603 1935 1790 1967 FVTVRA

79 1994 220 2036 omine
253 1995 406 2037 mortis
438 1994 622 2037 futurae.

200 2066 297 2109 710.
343 2078 514 2110 IAPYGE
540 2077 680 2108 FERRI
706 2067 853 2121 vento,
885 2065 958 2121 qui
985 2066 1036 2108 de
1057 2065 1217 2121 Apulia
1241 2065 1350 2108 flans
1377 2067 1540 2121 optime
1567 2066 1621 2108 ad
1641 2066 1788 2108 Orien·
1817 2075 1861 2107 25

77 2139 166 2179 tem
193 2137 326 2193 ducit3
358 2138 539 2193 Iapyqia
562 2138 672 2180 enim
691 2137 853 2192 Apulia
877 2138 987 2180 dicta
1011 2140 1090 2180 est:
1122 2137 1332 2180 Horatius
1361 2138 1636 2180 obstrictis
1669 2137 1789 2179 aliis

77 2212 286 2265 praeter
316 2209 525 2266 Iapyga.
585 2224 703 2264 quem
742 2210 874 2253 Varro
904 2210 953 2252 de
983 2224 1058 2252 ora
1087 2211 1303 2252 maritima
1343 2212 1526 2264 aryesten
1562 2210 1678 2264 dicit,
1718 2209 1792 2262 qui

77 2282 125 2323 de
157 2280 367 2324 Occidente
396 2282 546 2323 aestivo
576 2281 664 2335 flat.
725 2281 791 2324 hic
821 2282 868 2324 in
898 2281 1060 2335 Apulia
1084 2281 1278 2335 pestilens
1308 2284 1375 2326 cst.

199 2353 296 2396 711.
345 2363 509 2395 MAGNO
537 2364 750 2397 CORPORE
782 2355 858 2394 aut
886 2352 948 2394 ita
978 2366 1088 2408 eum,
1120 2355 1332 2407 tamquam
1357 2353 1493 2407 deum,
1525 2366 1675 2407 mayno
1706 2366 1790 2394 cor—

176 2510 218 2542 13
245 2505 440 2552 Horatius]
466 2518 523 2552 ep.
550 2506 566 2541 I
594 2509 649 2551 19,
675 2506 753 2552 4911
781 2509 826 2541 26
851 2505 1047 2552 Horatius]
1074 2517 1186 2542 carm.
1215 2506 1230 2541 I
1256 2510 1289 2550 3,
1316 2510 1337 2541 4
1362 2507 1375 2551 ΙΙ
1403 2510 1447 2541 27
1474 2516 1585 2550 quem
1613 2534 1620 2541 .
1642 2533 1649 2541 .
1673 2533 1680 2541 .
1707 2505 1793 2552 flat]-

79 2553 124 2589 cf.
151 2554 238 2590 Isid.
264 2565 315 2590 or.
341 2553 429 2589 XIII
455 2557 512 2600 11,
538 2557 584 2589 10

179 2700 196 2731 1
224 2695 363 2742 tegisse
391 2696 431 2731 F
446 2698 458 2743 11
477 2696 675 2741 uergilium
702 2696 742 2731 F
757 2698 769 2743 ΙΙ
795 2700 817 2730 2
845 2695 1016 2731 echeneis
1045 2696 1269 2750 Masvicius:
1296 2697 1411 2732 eehen
1434 2696 1474 2731 F
1489 2698 1501 2742 ΙΙ
1529 2700 1550 2732 5
1577 2698 1729 2742 scuptus
1756 2696 1790 2730 L

82 2745 222 2781 scultus
247 2744 324 2778 H
295 2744 334 2779 1
362 2745 375 2789 ΙΙ
411 2756 520 2779 mvn:
546 2743 655 2779 diuae
682 2743 755 2779 AS
763 2744 807 2778 H
830 2744 843 2789 11
880 2745 967 2778 sunt
991 2743 1141 2798 proprie
1166 2744 1246 2779 RL
1283 2746 1295 2791 ΙΙ
1333 2749 1352 2780 7
1379 2745 1426 2780 311
1453 2748 1537 2779 ante
1561 2745 1791 2799 puniendum

81 2804 148 2830 om.
174 2792 215 2827 F
230 2793 243 2839 ΙΙ
274 2795 295 2827 8
321 2791 471 2838 foedus]
497 2791 608 2826 fidem
634 2790 675 2826 F
690 2792 702 2837 ΙΙ
733 2795 754 2826 9
780 2792 830 2827 ad
853 2801 885 2825 v.
914 2794 981 2826 702
1008 2789 1087 2827 siue
1113 2791 1229 2827 scissa
1252 2793 1354 2837 palla
1379 2793 1547 2838 gaudens
1573 2792 1652 2827 61116
1678 2792 1793 2827 scissa

82 2839 186 2885 palla
210 2840 317 2875 uadit
342 2839 483 2885 gaudet
507 2850 671 2874 seorsum
696 2840 727 2873 1
745 2840 757 2885 ΙΙ
779 2842 822 2874 10
841 2837 938 2873 uidit
957 2837 998 2873 F
1013 2839 1025 2885 ΙΙ
1045 2841 1087 2874 11
1110 2839 1209 2875 111136
1227 2839 1280 2875 R:
1307 2839 1389 2875 dira
1406 2839 1571 2875 ASLH
1605 2839 1724 2875 diram
1746 2840 1795 2874 M

83 2887 155 2923 diri
181 2887 221 2922 F
246 2888 258 2934 ΙΙ
292 2890 334 2921 15
361 2898 473 2922 anum
498 2886 571 2921 AS
596 2886 749 2932 (actium
776 2888 813 2930 a)
852 2884 1016 2921 antinum
1043 2886 1129 2922 LH
1153 2888 1165 2933 Η
1198 2891 1240 2922 16
1267 2899 1363 2933 auga:
1391 2887 1431 2922 F
1447 2889 1511 2934 ssa
1490 2888 1539 2923 ad
1563 2899 1682 2924 Ancvn
1709 2902 1730 2922 1
1759 2900 1791 2921 A.

82 2946 180 2981 supr.
213 2946 301 2971 vers.
336 2947 419 2970 cum
452 2934 544 2969 dicit
582 2933 801 2969 intendebat
838 2934 1055 2979 perpetuam
1094 2945 1247 2980 operam
1284 2935 1487 2989 pugnantis
1519 2935 1685 2970 ostendit
1719 2935 1752 2969 Τ
1781 2934 1792 2981 Η

86 2985 128 3017 18
153 2982 293 3028 legitur
319 2982 451 3018 addidi
468 2983 480 3027 ΙΙ
506 2985 551 3017 20
577 2982 627 3017 ad
651 2992 683 3016 v.
712 2984 779 3016 708
806 2981 847 3017 in
870 2991 985 3027 mary.
1012 2981 1097 3017 ideo
1124 2982 1215 3018 dicit
1239 2982 1315 3017 iam
1340 2983 1490 3027 iamque
1517 2982 1606 3027 quia
1633 3011 1640 3018 .
1663 3011 1670 3018 .
1728 2993 1792 3027 po-

82 3031 180 3065 terat
209 3031 240 3064 1
258 3031 270 3076 ΙΙ
289 3034 333 3065 21
361 3030 550 3065 declarare
577 3028 618 3063 F
633 3030 645 3075 ΙΙ
664 3032 709 3063 25
736 3028 800 3074 qui
826 3028 872 3063 de
897 3027 1049 3076 Apulia]
1078 3040 1145 3065 om.
1165 3030 1200 3063 L
1225 3030 1323 3074 (add.
1351 3031 1390 3074 l),
1416 3030 1515 3074 quod
1542 3011 1761 3076 6311011311
1778 3031 1792 3076 ῃ

84 3077 132 3111 ad
163 3077 343 3114 orientem
374 3077 483 3113 F:as
523 3077 571 3112 ad
601 3076 811 3112 horientem
836 3075 872 3111 L
915 3075 1158 3112 adherentem
1185 3077 1353 3112 ASRH
1392 3077 1441 3112 ad
1466 3079 1654 3118 talentum
1683 3077 1731 3111 Μ
1738 3078 1750 3110 l
1790 3077 1793 3123 1

83 3128 128 3158 26
155 3124 247 3160 dicit
271 3125 307 3160 R
326 3126 338 3171 ΙΙ
357 3124 543 3160 obstriciis
563 3124 730 3160 ASRH
746 3125 821 3170 1127
849 3133 911 3159 016
937 3123 977 3159 F
993 3126 1006 3170 ΙΙ
1025 3126 1212 3170 argestem
1233 3124 1273 3159 F
1288 3125 1300 3171 ss
1326 3127 1371 3159 28
1396 3125 1435 3160 in
1460 3125 1616 3160 Daniel·
1644 3137 1690 3159 an
1718 3123 1758 3158 F
1788 3124 1817 3170 Ι·

84 3175 129 3252 ΞΘ
162 3172 211 3206 ad
233 3184 361 3252 &Aeno
393 3185 428 3209 M.
455 3186 484 3208 c.
516 3183 617 3217 supr.
648 3183 737 3207 vers.
770 3182 907 3217 magno
940 3183 1092 3217 corpore
1125 3171 1162 3206 id
1194 3173 1252 3207 est
1283 3179 1477 3217 tamquam
1509 3172 1619 3208 deum
1645 3171 1790 3216 ingenti

101 3229 204 3254 orma
