2092 3614
519 264 670 301 COMM.
696 264 748 299 IN
774 262 917 299 VERG.
946 262 1056 298 AEN.
1084 261 1133 296 IX
1161 264 1358 297 765-803.
1707 258 1793 300 379

86 375 212 418 tium'
257 374 503 418 ‘locorum'z
549 377 623 416 aut
665 373 958 428 intellegimus
1003 374 1146 414 mente
1192 385 1289 412 eum
1332 372 1541 411 tractasse
1586 368 1700 424 quod
1744 368 1795 409 de

88 448 252 502 campis
278 448 437 489 milites
465 446 606 489 solent
633 446 684 488 ad
713 447 856 487 castra
881 444 1123 499 confugere,
1150 445 1194 485 et
1219 442 1279 484 sic
1299 442 1456 483 dixisse
1478 441 1576 496 ‘quo
1597 438 1796 482 deinde'?

89 519 268 574 scilicet,
300 519 351 561 de
383 518 538 560 castris
570 516 865 574 quo-fugietis
894 515 1104 558 ulterius?
1137 516 1178 556 et
1210 514 1293 556 hoc
1319 515 1386 554 est
1412 513 1583 568 melius3
1616 511 1728 554 unde
1754 513 1798 553 et

89 590 285 646 sequitur
322 590 452 646 ‘quos
485 590 594 632 alios
627 588 809 631 muros'.
872 590 915 630 et
953 587 1011 629 sic
1049 588 1116 629 est
1153 586 1315 628 dictum
1351 586 1451 639 post
1489 584 1797 640 cogitationem

88 661 187 717 ‘quo
226 662 430 705 deinde’?
475 662 586 704 sicut
623 660 851 703 Terentius
890 659 1000 701 dixit
1038 658 1159 714 quid
1197 656 1361 712 igitur
1398 655 1613 698 faciam?
1656 659 1715 698 est
1750 669 1798 697 ea

88 737 222 776 autem
252 749 402 776 amara
432 734 648 776 accusatio.

209 807 305 849 780.
355 817 474 848 VNVS
507 816 640 848 HOMO
677 819 726 847 ac
759 804 795 845 si
827 803 988 845 diceret
1021 799 1260 844 ‘mortalis'.
1324 802 1367 842 et
1397 799 1514 842 bona
1545 798 1798 853 attenuatio,

87 892 184 919 011111
217 893 347 933 supra
373 877 516 932 <725>
550 876 705 918 dixerit
737 875 962 917 ‘Rutulum
994 874 1039 916 in
1071 873 1212 916 medio
1244 887 1335 914 non
1367 871 1538 927 agmine
1570 869 1744 926 regem’.

209 949 304 991 783.
356 959 586 990 INFELICIS
619 958 818 989 PATRIAE
850 945 1024 1000 Troiae,
1061 945 1106 986 in
1144 959 1227 999 qua
1266 958 1381 985 nunc
1421 944 1533 984 sunt.
1654 953 1800 983 VETE-

88 1032 278 1071 RVMQVE
303 1031 498 1062 DEORVM
528 1018 713 1060 Penates
746 1017 981 1074 significat,
1013 1031 1120 1071 quos
1154 1029 1321 1070 semper
1353 1014 1520 1057 coluere
1551 1013 1741 1055 Troiani.

209 1092 304 1134 784.
354 1102 649 1141 MISERETQVE
676 1100 925 1140 PVDETQVE
957 1087 1020 1129 sic
1051 1087 1197 1129 Pallas
1230 1085 1300 1141 <X
1319 1085 1435 1141 368>
1467 1100 1599 1127 nunc
1629 1098 1797 1140 prece,

87 1177 218 1205 nunc
250 1162 406 1204 dictis
438 1162 683 1204 virtutem
716 1160 952 1203 accendit
983 1159 1183 1201 amaris.

209 1235 305 1277 788.
354 1251 496 1276 Acfflvs
521 1251 596 1276 Hoc
626 1251 674 1276 TE
682 1250 767 1276 vem
801 1246 893 1275 eum
923 1245 1015 1274 eum
1046 1231 1292 1273 decedentem
1322 1230 1511 1272 viderem.

209 1306 305 1348 789.
356 1317 446 1347 cnv
478 1317 663 1348 SAEVVM
695 1315 849 1347 TVRBA
882 1315 1074 1346 LEONEM
1113 1317 1263 1344 sensus
1300 1302 1370 1343 hic
1403 1303 1487 1343 est:
1524 1300 1639 1342 haud
1672 1299 1797 1341 aliter

90 1377 260 1419 Turnus
293 1379 407 1419 retro
441 1377 594 1419 cedens
632 1377 810 1432 petebat
847 1375 1043 1428 fluvium,
1082 1389 1131 1416 ac
1169 1374 1282 1416 solet
1318 1374 1406 1428 leo,
1443 1387 1614 1428 pressus
1653 1371 1797 1413 multi-

88 1449 252 1503 tudine,
294 1464 373 1491 nee
416 1451 540 1504 terga
584 1449 790 1503 praebere
832 1449 1009 1503 propter
1046 1446 1155 1488 iram
1194 1447 1237 1487 et
1275 1445 1500 1500 pudorem,
1542 1458 1620 1486 nec
1658 1457 1798 1499 posse,

89 1521 191 1563 licet
221 1522 386 1576 cupiat,
418 1520 464 1561 in
494 1522 702 1562 venantes
733 1519 946 1574 impetum
977 1505 1130 1559 facerej

209 1592 305 1634 793.
355 1609 447 1635 ILLE
477 1609 630 1639 QVIDEM
663 1590 931 1644 parenthesis.
1060 1605 1168 1631 Porss
1198 1605 1272 1631 EST
1313 1586 1424 1630 ‘ille'
1468 1587 1578 1629 enim
1621 1585 1800 1628 ‘tendere

89 1667 232 1706 contra
254 1665 369 1718 potis
399 1667 458 1706 est
479 1677 558 1718 per
589 1663 669 1705 tela
698 1660 917 1716 virosque'.
1438 1668 1440 1671 ’

210 1737 232 1778 7
238 1736 308 1779 96.
356 1753 400 1779 [Ν
409 1752 580 1778 VASERAT
614 1752 759 1777 Hosffs
800 1737 875 1776 aut
915 1734 1084 1788 speeiem
1120 1733 1337 1787 praeteriti
1381 1732 1571 1785 temporis
1613 1730 1799 1784 mutavit,

89 1811 164 1849 aut
194 1811 393 1861 tempora:
429 1821 529 1849 nam
561 1820 654 1848 cam
685 1807 854 1849 dimisset
884 1804 1142 1859 ‘invaserat',
1173 1805 1389 1847 subiunxit
1419 1802 1586 1845 “vertit'.

211 1879 306 1921 799.
357 1890 447 1921 NEC
493 1890 680 1921 CONTRA
723 1889 859 1920 vnms
906 1889 1061 1919 AVDET
1107 1888 1341 1919 SATVRNIA
1386 1886 1498 1917 1vno
1543 1886 1799 1917 svnmcum:

91 1950 210 2006 atqui
241 1950 413 1992 favente
445 1950 621 1992 numine
655 1949 804 1991 debuit
835 1949 965 1991 etiam
999 1950 1149 1990 contra
1181 1947 1500 1990 multitudinem
1539 1961 1686 2001 posse3
1727 1946 1801 1988 sed

89 2021 171 2064 hoc
201 2021 397 2076 Iuppiter
428 2021 577 2064 vetuit.
697 2037 914 2064 SVFFIOERE
941 2020 1265 2062 subministrare.

211 2093 309 2135 801.
359 2104 488 2135 HAVD
527 2104 706 2135 MOLLIA
745 2103 875 2135 IVSSA
913 2103 1169 2134 FERENTEM
1214 2090 1366 2132 melius
1410 2104 1540 2145 quam
1583 2087 1801 2131 Homerus

91 2165 204 2207 hunc
235 2165 373 2207 locum
410 2167 634 2207 exsecutus
668 2163 774 2206 estz'
793 2164 914 2206 salvo
954 2164 1069 2205 enim
1107 2178 1237 2205 sensu
1269 2162 1424 2205 vitavit
1455 2163 1498 2203 et
1528 2160 1729 2203 fabulosa
1760 2162 1803 2202 et

91 2236 212 2291 vilia3
243 2252 345 2278 nam
378 2236 451 2278 ille
482 2237 600 2291 ipsas
634 2236 774 2278 minas
806 2235 1066 2291 exsequitur.

211 2309 310 2351 803.
360 2319 481 2350 ERGO
515 2308 616 2363 quia
647 2307 837 2349 numinis
871 2309 938 2348 est
970 2306 1166 2349 desertus
1199 2305 1370 2349 auxilio.

191 2452 211 2483 5
237 2447 446 2494 Terentius]
474 2448 567 2484 Eun.
594 2449 609 2484 I
638 2452 669 2494 1,
698 2452 729 2485 1.
767 2447 812 2484 cf.
839 2448 932 2484 Don.
959 2448 1006 2484 ad
1033 2448 1068 2484 h.
1095 2460 1128 2484 v.

190 2583 221 2631 3·
239 2577 461 2632 confugietis
483 2579 532 2614 M
538 2580 550 2614 l
568 2580 580 2626 ΙΙ
609 2580 648 2615 et
671 2581 743 2615 hoc
769 2580 828 2615 est
853 2579 985 2615 melius
1013 2607 1019 2614 .
1042 2607 1049 2614 .
1073 2607 1079 2614 .
1107 2579 1197 2624 quid
1222 2579 1339 2625 igitur
1363 2579 1515 2618 faciam]
1543 2580 1595 2615 sic
1621 2579 1803 2615 terentius

95 2625 185 2671 quid
212 2626 328 2670 igitur
353 2625 499 2661 faciam.
538 2628 577 2662 et
600 2627 672 2662 hoc
698 2628 755 2662 est
779 2628 912 2663 melius
940 2655 947 2663 .
969 2654 976 2660 .
1000 2655 1006 2661 .
1035 2639 1126 2671 quos
1157 2627 1251 2663 alios
1283 2639 1408 2662 muros
1435 2627 1474 2661 F
1508 2629 1520 2674 ΙΙ
1558 2632 1577 2663 7
1604 2628 1698 2663 bene
1724 2627 1802 2662 RL

96 2674 210 2717 (bona
234 2674 259 2717 l)
298 2673 415 2708 benae
440 2674 490 2708 H.
527 2675 612 2717 fort.
639 2675 737 2710 bona
763 2677 821 2710 est
845 2676 856 2721 ΙΙ
887 2674 1080 2710 atenuatio
1106 2675 1178 2710 AS
1186 2675 1231 2709 H
1253 2677 1358 2720 (corr.
1387 2676 1425 2720 a)
1463 2675 1632 2710 tenuatio
1659 2675 1709 2709 M
1741 2687 1801 2710 ex-

95 2720 264 2756 tenuatio
287 2720 327 2755 F
361 2720 576 2755 extenuatio
602 2723 660 2756 est
683 2723 791 2768 vulyo
810 2723 822 2768 ΙΙ
841 2727 862 2757 8
889 2722 1034 2757 dixerat
1054 2722 1098 2756 H
1111 2723 1124 2767 ΙΙ
1146 2726 1187 2757 13
1214 2724 1263 2758 ad
1287 2734 1413 2757 Aciuvs
1438 2735 1472 2759 H.
1494 2737 1525 2758 T.
1546 2734 1572 2758 s.
1593 2734 1625 2758 v.
1650 2725 1804 2768 propter

94 2769 165 2804 hoc
192 2768 290 2812 quod
318 2767 471 2804 uolebat
495 2768 684 2804 discedere
709 2769 741 2803 T
755 2771 767 2815 ΙΙ
790 2773 831 2804 14
857 2781 986 2804 sensus
1013 2769 1098 2804 hinc
1124 2770 1182 2805 est
1207 2771 1273 2805 aut
1291 2770 1388 2805 alter
1408 2771 1539 2805 turnus
1557 2770 1597 2805 F
1612 2772 1624 2815 ΙΙ
1645 2774 1688 2805 15
1708 2771 1751 2805 ut
1770 2770 1804 2804 L

95 2817 154 2861 (ac
181 2817 207 2861 l)
245 2817 257 2862 ΙΙ
296 2819 338 2850 16
374 2817 412 2851 et
435 2816 616 2860 pudorem
641 2816 739 2851 RF:
772 2828 840 2852 1100
871 2817 1053 2862 pudorem
1079 2817 1201 2852 AS'H
1235 2817 1298 2852 uel
1323 2817 1503 2862 pudorem
1531 2818 1615 2861 Ml,
1641 2829 1707 2853 om.
1734 2818 1768 2852 L
1792 2817 1803 2863 ΙΙ

97 2868 141 2921 Γζ
167 2863 302 2909 facere]
338 2864 571 2922 comparatio
600 2866 723 2898 autem
757 2858 901 2921 Iibnmeri
926 2864 988 2909 (Π.
1017 2864 1047 2899 V
1077 2866 1157 2909 136)
1184 2862 1232 2910 δὴ
1258 2862 1340 2900 τότε
1369 2878 1432 2910 μιν
1458 2865 1536 2910 τρὶς
1561 2862 1692 2900 τόσσον
1721 2864 1803 2901 ἕλεν

97 2924 218 3011 ⁶:3⁹2}
235 2939 273 2994 'vl
295 2911 1109 3005 ·7&m{552212‘1332151vi1'35u322ta13ulaffi
1136 2913 1244 2995 ἷῖἐέ
1247 2923 1396 2995 Ἔζὲὲεέ·
1411 2912 1707 3005 114οέῗῖξὲἑὲθέξῦ
1717 2912 1805 2995 εἴη’]

98 3005 235 3041 sideret
254 3007 296 3041 ut
315 3006 426 3041 homo
441 3018 524 3042 eum
545 3006 646 3051 prior
661 3006 787 3040 uideat
800 3017 873 3041 non
893 3006 989 3051 fugit
1008 3008 1179 3051 quamuis
1199 3007 1342 3043 timeat.
1378 3006 1411 3042 si
1428 3019 1516 3043 uero
1536 3019 1609 3043 non
1629 3008 1804 3043 uideatur

97 3053 193 3097 fugit
220 3054 257 3087 et
282 3054 495 3089 summitate
522 3054 662 3089 caudae
688 3064 782 3098 quae
809 3053 1029 3098 longissima
1053 3057 1111 3090 est
1135 3054 1296 3100 uestigia.
1320 3066 1387 3090 sua.
1412 3055 1580 3100 cooperit
1606 3055 1638 3090 Τ
1652 3057 1664 3101 ll
1684 3060 1728 3090 20
1755 3055 1803 3090 ad

98 3112 231 3134 1111111100
258 3113 451 3136 INVASERAT
476 3115 509 3137 H.
536 3113 564 3136 s.
591 3113 622 3136 v.
649 3101 688 3136 id
714 3103 772 3136 est
803 3100 842 3136 in
877 3101 1018 3136 medios
1050 3102 1177 3137 hostes
1208 3103 1266 3137 bis
1297 3101 1481 3147 impetum
1506 3103 1606 3137 fecit.
1657 3107 1803 3147 tempus

97 3158 163 3192 pro
183 3149 349 3192 tempore
373 3149 405 3182 T
421 3150 434 3194 ΙΙ
452 3160 668 3184 ιΝνΑεεΕΒΑΤ
689 3149 722 3183 G
741 3150 753 3194 ΙΙ
772 3153 815 3183 21
842 3160 928 3183 nam
955 3160 1037 3184 cum
1058 3149 1213 3185 Daniel:
1240 3149 1487 3185 nam.d.cum
1508 3150 1548 3184 F
1570 3149 1802 3184 non.d.cum

99 3194 131 3229 G
151 3195 164 3239 ΙΙ
190 3198 235 3228 24
260 3196 309 3230 ad
334 3207 524 3231 svrmcnnn
550 3207 576 3232 s.
603 3208 634 3231 υ.
663 3196 944 3232 subministrare
976 3197 1016 3232 T.
1046 3200 1128 3241 post
1153 3196 1366 3242 exsequitur
1390 3197 1471 3232 hab.
1497 3198 1571 3232 hoc.
1597 3197 1703 3231 schol.
1731 3196 1770 3230 F
1793 3196 1802 3242 Η

99 3245 143 3276 27
171 3241 400 3288 exsequitur]
428 3244 479 3278 Il.
506 3243 591 3279 VIII
618 3247 686 3278 413
720 3243 770 3290 πῇ
797 3241 963 3290 μέματον
990 3272 997 3280 .
1020 3271 1055 3279 ..
1081 3240 1106 3278 ἅ
1132 3257 1198 3279 κεν
1224 3241 1412 3291 μάρπτῃσι
1437 3241 1620 3289 κεραυνός
1652 3244 1736 3280 add.
1764 3243 1802 3279 D

1828 1023 1871 1054 10

1826 1381 1869 1413 15

1825 1740 1870 1771 20

1826 2097 1872 2129 25
