2092 3614
248 1010 292 1055 rb

246 1381 289 1412 15

243 1739 289 1770 20

319 263 405 306 532
1091 263 1251 301 SERVII

321 388 426 415 sexu
457 388 544 416 non
575 375 733 429 potest,
765 372 917 415 laudat
948 387 999 415 ex
1030 376 1169 428 gente.
1221 377 1259 415 et
1286 375 1375 416 vult
1403 376 1605 417 ostendere
1635 376 1683 417 de
1712 376 1815 418 viris
1844 376 2025 430 amplius

317 445 578 499 sperandum,
608 445 646 487 si
677 447 715 486 et
740 445 900 497 femina
923 445 1156 490 dimicaret:
1189 448 1264 487 aut
1286 449 1334 487 ut
1356 445 1521 503 Dranci
1545 446 1813 500 exprobraret,
1837 447 2024 500 puellam

317 530 402 558 non
432 520 605 558 metuere
637 516 851 571 Troianos,
881 530 980 570 quos
1010 516 1229 559 Diomedes
1260 517 1417 558 timeret
1445 521 1483 559 ct
1511 517 1709 560 Drances.

436 588 535 630 434.
588 605 687 635 oron
719 604 760 630 sl
793 602 822 630 e.
860 602 896 641 q.
934 589 983 641 s.]
1028 589 1149 642 quasi
1188 589 1346 641 falsum
1385 589 1440 631 sit
1474 590 1582 642 quod
1616 589 1805 631 Drances
1840 590 2024 632 dixerat:

317 672 447 712 supra
478 660 586 701 enim
617 660 680 701 ait
710 658 855 714 (374)
888 659 1034 701 illum
1064 661 1228 714 aspice
1259 663 1440 702 contra.
1538 671 1665 711 QVOD
1699 671 1740 702 sl
1770 672 1835 702 ΜΕ
1869 672 2024 703 SOLVM

319 741 490 783 TEYORI
528 743 578 773 IN
617 742 887 773 CERTAMINA
920 742 1129 773 PoschT
1168 732 1267 786 quia
1304 731 1443 773 audiit
1481 730 1626 786 <374>
1665 731 1811 773 illum
1850 732 2023 786 aspice

318 803 499 844 contra
530 802 618 857 qui
650 804 809 845 vocat.
872 802 1003 844 etiam
1034 803 1173 844 utitur
1204 803 1351 844 ductu:
1391 817 1493 844 nam
1525 802 1698 857 oblique
1730 803 1948 857 promittit
1979 818 2024 845 se

318 872 530 929 singulari
567 873 801 916 certamine
839 873 1042 915 dimicare
1080 874 1210 929 velle,
1250 889 1347 916 cum
1384 874 1506 915 nolit.
1569 874 1769 916 similiter
1808 874 1940 916 etiam
1977 874 2023 916 in

317 943 569 986 duodecimo
591 945 695 1001 agit,
715 945 860 987 dicens
880 944 1081 986 inrisorie
1102 945 1218 1000 <15>
1240 944 1451 987 sedeant
1477 947 1817 1001 spectentque
1837 945 2024 988 Latini.

434 1016 535 1059 435.
583 1034 651 1064 [ορ
660 1034 706 1059 VE
735 1033 882 1059 praem
905 1015 1001 1057 hinc
1031 1020 1204 1070 apparet
1233 1030 1324 1058 eum
1355 1016 1461 1057 nolle
1483 1030 1695 1070 puynare:
1726 1017 1765 1059 si
1785 1017 1932 1072 placet,
1961 1018 2024 1059 in-

315 1088 421 1143 quit,
459 1088 571 1130 vobis
600 1088 672 1130 hoc
700 1087 793 1141 fieri
822 1088 931 1141 quod
958 1087 1085 1129 hostis
1107 1088 1302 1141 postulat.
1424 1099 1708 1137 TANTVMQVE
1741 1099 1879 1130 BONIS
1913 1099 2025 1131 con-

315 1170 520 1202 MVNIBVS
554 1171 703 1202 OBSTO
738 1160 782 1200 et
814 1158 860 1200 in
889 1161 1060 1201 tantum
1093 1159 1246 1201 obsum
1279 1159 1516 1201 commodis
1548 1159 1743 1214 publicis,
1774 1162 1824 1201 ut
1846 1159 1931 1201 nisi
1958 1173 2024 1202 so—

315 1230 382 1272 lus
419 1230 696 1285 dimicavero,
734 1230 933 1282 concidat
963 1231 1164 1273 universa
1194 1245 1262 1272 res
1294 1230 1479 1285 publica.
1540 1233 1578 1272 et
1606 1231 1785 1284 imputat
1815 1234 2025 1285 tamquam

314 1302 422 1355 †hoe
449 1302 593 1358 faciat,
624 1303 734 1356 quod
754 1316 835 1356 pro
866 1302 1055 1344 omnibus
1083 1302 1273 1354 facturus
1304 1305 1370 1343 est.

434 1365 533 1416 436.
582 1385 679 1416 NON
711 1385 838 1417 ADEO
875 1388 964 1416 non
1003 1373 1207 1415 multum:
1245 1387 1347 1414 nam
1385 1372 1621 1415 verecunde
1659 1372 1763 1414 dicit
1800 1373 2024 1416 adsuetam

315 1445 514 1487 manibus
552 1445 641 1487 suis
673 1459 766 1487 esse
797 1445 1036 1488 victoriam.
1157 1447 1195 1486 et
1224 1444 1318 1486 bene
1348 1460 1483 1487 MANVS
1505 1458 1583 1497 per
1612 1457 1715 1497 quas
1743 1445 1794 1498 fit
1822 1445 1915 1499 ipsa
1945 1445 2023 1487 vic-

315 1516 434 1558 toria.
495 1519 533 1558 et
561 1519 704 1559 contra
735 1516 901 1559 emanus
931 1515 1046 1558 dare'
1078 1516 1271 1558 dicuntur
1301 1516 1373 1569 qui
1403 1516 1556 1557 dedunt
1585 1528 1626 1557 se
1654 1516 1760 1557 victi.

433 1587 533 1630 437.
582 1599 738 1630 TANTA
762 1600 854 1630 PRO
881 1599 964 1630 SPE
998 1589 1048 1629 ut
1078 1587 1194 1629 solus
1226 1587 1346 1629 dicar
1378 1601 1573 1629 servasse
1605 1587 1933 1641 rempublicam:
1963 1588 2024 1630 vel

312 1671 383 1712 spe
412 1658 684 1700 matrimonii.
1314 1687 1336 1719 ‚

434 1729 534 1772 438.
583 1741 662 1772 1130
694 1741 851 1772 ANIMIS
879 1741 1063 1772 CONTRA
1096 1744 1143 1772 ac
1171 1730 1208 1771 si
1234 1729 1404 1784 diceret,
1438 1729 1476 1771 si
1502 1728 1656 1771 desunt
1681 1730 1872 1785 corporis
1898 1730 2025 1774 vires,

315 1802 570 1843 commendat
598 1804 735 1843 autem
761 1802 947 1855 qratiam
977 1801 1231 1860 certaminis,
1262 1815 1312 1842 ne
1342 1801 1497 1843 invitus
1526 1802 1714 1843 videatur
1743 1802 1904 1844 adduci.

315 1881 408 1915 vm,
442 1872 583 1915 etiam.
705 1884 908 1916 MAGNVM
938 1884 1178 1915 PRAESTET
1211 1883 1449 1914 ACH1LLEM
1489 1875 1532 1914 et
1564 1872 1760 1928 ‘praesto
1791 1871 1949 1927 illum',
1980 1873 2024 1915 id

316 1947 382 1987 est
412 1945 565 1987 melior
595 1944 671 1987 illo
704 1959 811 1999 sum,
843 1946 887 1986 et
918 1942 1107 1999 ‘praesto
1138 1942 1216 1985 illi’
1252 1943 1453 1986 dicimus:
1493 1942 1642 1987 Cicero
1674 1944 1718 1986 in
1751 1942 2022 1986 Caesarianis

314 2019 462 2059 tanto
505 2017 598 2059 ille
644 2016 940 2073 superiores
984 2016 1183 2059 vicerat
1220 2015 1408 2071 gloria,
1459 2017 1653 2071 quanto
1691 2018 1750 2057 tu
1788 2015 2024 2058 omnibus

314 2088 652 2144 praestitisti.

433 2160 534 2203 439.
575 2171 785 2203 VVLOANI
804 2171 1010 2202 MANIBvs
1031 2170 1174 2201 PARIA
1194 2170 1374 2201 INDVAT
1395 2170 1525 2201 ARMA
1544 2158 1651 2200 benc
1673 2157 1838 2200 addidit
1858 2157 2025 2214 ‘paria'‚

314 2248 416 2275 nam
443 2232 576 2274 etiam
595 2230 766 2274 Aeneas
792 2231 947 2274 habuit
973 2246 1093 2274 arma
1111 2229 1345 2273 Vulcania:
1376 2231 1478 2273 licet
1502 2230 1718 2284 possimus
1744 2229 1884 2271 dicere
1910 2229 2023 2284 quod

411 2342 456 2374 23
483 2338 612 2374 Cicero
637 2336 677 2372 in
702 2335 949 2383 Caesarianis]
978 2347 1046 2382 pro
1071 2335 1193 2371 Deiot.
1219 2335 1270 2371 IV
1298 2339 1340 2371 12

414 2437 432 2468 1
468 2444 514 2468 ex
538 2443 628 2467 sexu
653 2431 689 2467 R
725 2433 738 2477 ΙΙ
773 2432 823 2467 ad
847 2443 878 2467 v.
906 2435 975 2466 432
1001 2431 1085 2466 uult
1111 2431 1304 2466 ostendere
1330 2429 1490 2475 amplius
1517 2430 1561 2465 de
1586 2428 1678 2464 uiris
1703 2430 1926 2475 sperandum
1952 2456 1960 2465 .
1982 2457 1990 2465 .
2011 2456 2020 2465 .

240 2490 243 2493 ’
316 2480 505 2516 diomedes
531 2482 569 2515 et
594 2480 749 2514 drances
773 2479 959 2514 timebant
985 2477 1018 2512 T
1033 2479 1046 2523 ΙΙ
1078 2482 1097 2512 2
1123 2478 1370 2523 separandum
1397 2477 1430 2512 G
1448 2478 1460 2522 ΙΙ
1486 2477 1538 2512 sic
1564 2477 1604 2511 F
1620 2478 1631 2523 ΙΙ
1657 2477 1861 2512 demicaret
1884 2477 1925 2512 F
1960 2477 2020 2512 de-

315 2528 459 2563 nicaret
484 2527 518 2562 G
535 2527 548 2572 ΙΙ
567 2527 649 2573 aut]
677 2525 756 2561 siue
786 2526 818 2560 T
836 2527 847 2571 ΙΙ
867 2525 993 2560 dransi
1017 2525 1238 2569 exprobaret
1266 2524 1300 2559 G
1318 2526 1330 2569 ΙΙ
1359 2529 1379 2559 3
1405 2524 1495 2570 non]
1522 2535 1610 2559 nom
1638 2523 1684 2568 G,
1710 2535 1776 2561 om.
1800 2525 1834 2559 T
1849 2525 1863 2570 [j
1879 2524 2022 2560 metue-

315 2578 373 2611 ret
397 2575 437 2610 F
471 2575 635 2610 metui-et
659 2573 693 2608 G
729 2575 741 2619 ΙΙ
778 2573 879 2618 quod
903 2572 943 2607 F
976 2573 988 2617 ΙΙ
1026 2573 1074 2607 ad
1097 2584 1188 2607 AERE
1213 2574 1259 2617 (v.
1285 2573 1368 2615 433)
1395 2584 1461 2617 pro
1487 2571 1583 2607 ferro
1609 2571 1736 2617 posuit
1760 2571 1912 2617 antique
1941 2572 1977 2611 T
2007 2571 2020 2618 Η

316 2627 339 2657 4
363 2635 518 2658 Poscvm*
544 2621 678 2667 quodsi
702 2621 781 2666 (sic)
806 2620 942 2655 falsum
971 2648 978 2655 .
1000 2649 1007 2655 .
1031 2647 1038 2654 .
1065 2621 1194 2655 contra
1219 2619 1307 2664 quia
1333 2619 1453 2654 audiit
1472 2619 1512 2653 F
1536 2619 1684 2664 (quodsi
1703 2645 1710 2653 .
1734 2648 1741 2655 .
1763 2647 1770 2654 .
1792 2621 1922 2655 contra
1946 2629 2022 2654 non

316 2671 432 2706 edidit
455 2670 609 2715 Daniel)
629 2670 640 2715 ΙΙ
659 2668 767 2714 quasi
790 2668 952 2713 scripsiss
973 2670 993 2701 5
1019 2667 1074 2702 ait
1097 2668 1229 2712 scripsi
1237 2682 1245 2701 ι
1272 2669 1339 2702 aut
1364 2666 1404 2702 F
1418 2668 1431 2713 ΙΙ
1451 2670 1470 2702 7
1497 2665 1601 2702 dictu
1624 2667 1691 2711 Fss
1711 2671 1731 2703 8
1757 2666 1875 2702 uellet
1898 2665 1988 2701 HF
2010 2666 2020 2713 Η

317 2722 337 2753 9
363 2717 538 2754 inrisores
563 2716 600 2752 R
637 2714 803 2751 inrisoris
829 2714 918 2750 HF
950 2716 963 2760 ΙΙ
1002 2719 1046 2750 10
1070 2725 1098 2750 s,
1124 2726 1155 2750 v.
1183 2718 1252 2750 435
1277 2715 1339 2749 hic
1370 2714 1579 2750 ostenditur
1608 2713 1709 2749 nolle
1745 2725 1830 2749 eum
1853 2725 2019 2759 pugnare

318 2764 501 2811 singulari
526 2764 739 2801 certamine.
783 2762 814 2798 si
838 2761 965 2808 placet
989 2761 1112 2806 inquit
1136 2762 1206 2797 hoc
1232 2762 1331 2807 quod
1356 2762 1475 2798 hostis
1500 2762 1666 2807 postulat
1692 2761 1726 2796 T
1753 2763 1766 2806 ΙΙ
1798 2765 1841 2796 13
1867 2761 2019 2796 dimica-

316 2813 417 2848 ueris
443 2812 484 2848 F
498 2814 511 2858 ΙΙ
535 2823 594 2847 res
618 2811 771 2856 publica
796 2821 862 2845 om.
882 2809 923 2844 F
938 2811 950 2855 ΙΙ
981 2813 1024 2843 14
1049 2809 1134 2855 hoc]
1160 2811 1315 2854 fortasse
1339 2809 1450 2844 hosti.
1486 2812 1674 2854 praeterea
1700 2810 1738 2844 et
1762 2808 1926 2854 imputat
1951 2836 1959 2843 .
1980 2836 1988 2843 .
2010 2836 2019 2844 .

316 2860 481 2895 facturus
507 2861 565 2895 est
597 2870 679 2894 cum
709 2858 842 2894 scholio
875 2857 924 2892 ad
954 2869 1063 2896 IDQVE
1088 2871 1118 2892 Ρ.
1146 2858 1331 2902 adscripto
1362 2858 1616 2902 eoniunyenda
1647 2856 1816 2891 videntur
1850 2857 1863 2900 ΙΙ
1902 2858 1944 2890 16
1970 2856 2020 2891 ad

316 2919 432 2942 MANVS
456 2919 491 2942 v.
517 2920 548 2942 F.
574 2917 602 2942 s.
628 2917 659 2941 v.
685 2906 782 2940 bene
807 2904 901 2940 dicit
926 2915 1056 2939 manus
1083 2931 1090 2939 .
1112 2930 1119 2938 .
1142 2933 1150 2941 .
1178 2905 1242 2950 qui
1274 2905 1367 2940 uicti
1402 2905 1544 2940 dedunt
1568 2914 1607 2939 se
1632 2903 1803 2938 hostibus
1831 2902 1865 2937 T
1899 2903 1911 2948 ΙΙ
1947 2902 2019 2938 ria-

317 2966 387 2990 nus
413 2954 454 2989 F
474 2956 487 3000 u
516 2954 559 2988 fit
588 2954 635 2987 T:
662 2953 712 2988 sit
736 2952 777 2987 F
801 2953 814 2998 ΙΙ
846 2956 889 2988 17
916 2952 1013 2987 sicut
1038 2953 1190 2987 econtra
1218 2953 1251 2987 T
1275 2954 1364 2997 ΙΙ.18
1390 2952 1493 2987 dicar
1517 2951 1648 2986 RHa:
1675 2950 1776 2985 dicat
1799 2949 1873 2984 As
1881 2950 1930 2984 M
1964 2949 2019 2985 di-

318 3013 400 3038 cam
425 3001 466 3036 F
506 3001 652 3036 dicatur
677 3000 883 3045 Stephanus
917 3000 930 3045 ΙΙ
967 3009 1132 3035 servasse
1157 3011 1234 3035 rem
1261 3000 1313 3045 p.]
1348 3010 1415 3044 pro
1441 3010 1504 3044 spe
1531 2997 1680 3044 publica
1705 2997 1745 3031 F
1778 2999 1790 3041 ΙΙ
1826 2997 1887 3032 uel
1915 3007 2019 3042 spem

316 3048 483 3085 trimonii
512 3047 546 3083 G
564 3049 577 3094 ΙΙ
609 3052 654 3083 20
679 3047 711 3083 si
735 3052 820 3084 ante
844 3047 979 3083 desunt
1002 3057 1068 3082 om.
1096 3047 1221 3082 ΑΒΗ
1226 3048 1275 3082 Μ
1299 3048 1396 3092 (add.
1423 3047 1454 3091 s)
1473 3047 1485 3091 ΙΙ
1504 3046 1638 3081 derunt
1666 3043 1701 3079 G
1718 3046 1731 3089 ΙΙ
1762 3048 1806 3079 21
1835 3055 2019 3079 commen-

317 3097 382 3132 dat
406 3095 570 3142 gratiam
597 3122 604 3130 .
626 3123 633 3130 .
656 3123 664 3130 .
691 3095 826 3130 adduci
849 3095 930 3130 hab.
962 3093 996 3128 T
1009 3094 1021 3139 Η
1050 3097 1096 3128 24
1121 3094 1322 3139 superioris
1347 3093 1419 3129 AS
1436 3095 1448 3139 ΙΙ
1467 3093 1588 3138 gloria
1612 3092 1755 3127 uicerat
1782 3092 1831 3126 M
1846 3093 1859 3136 ΙΙ
1878 3093 2019 3136 quantu

317 3144 367 3188 F,
390 3146 434 3180 tu
458 3145 622 3179 omittens
652 3144 665 3188 ΙΙ
701 3147 746 3178 26
772 3142 880 3178 addit
904 3141 955 3177 M
979 3142 990 3187 ΙΙ
1027 3145 1071 3176 27
1099 3142 1213 3177 etiam
1238 3152 1304 3178 om.
1331 3141 1367 3176 R
1397 3142 1410 3187 ΙΙ
1446 3142 1495 3176 ad
1519 3152 1623 3175 PARIA
1647 3152 1671 3173 1.
1697 3152 1731 3174 A.
1756 3150 1786 3174 s.
1810 3150 1841 3175 v.
1868 3138 1957 3184 quia
1981 3139 2020 3174 et

317 3203 453 3227 aeneas
484 3189 618 3226 habuit
650 3201 755 3225 arma
785 3189 959 3225 uulcania
985 3188 1019 3223 T
1052 3189 1064 3234 ΙΙ
1101 3189 1252 3224 uulcani
1277 3189 1357 3234 (sic)
1384 3192 1422 3224 et
1446 3188 1539 3222 mire
1566 3214 1574 3222 .
1596 3213 1604 3221 .
1625 3214 1633 3223 .
1659 3186 1811 3222 uulcani
1835 3185 1925 3221 licet
1949 3213 1957 3221 .
1980 3213 1988 3221 .
2010 3213 2019 3221 .

318 3239 569 3285 conprobatur
587 3238 628 3273 F
644 3239 656 3284 ΙΙ
674 3249 868 3283 possumus
887 3236 956 3282 Fu
975 3236 1074 3281 quod
1093 3236 1165 3272 hoc
1185 3236 1348 3283 Turnus]
1370 3237 1544 3271 coturnus
1563 3234 1637 3271 AS
1659 3234 1774 3281 (quod
1793 3234 1966 3270 coturnus
1979 3235 2018 3280 a)
