2092 3614
545 260 694 298 COMM.
721 261 773 297 lN
798 261 942 300 VERG.
969 262 1080 299 AEN.
1106 262 1157 298 IX
1182 267 1381 300 450—480.
1737 263 1820 307 351

234 371 334 414 468.
385 383 574 414 TENENT
606 383 775 414 FOSSAS
807 374 1001 426 tuenizur,
1033 371 1280 415 defendunt.

234 442 334 484 470.
383 454 510 485 NOTA
543 454 671 485 NIMIS
703 455 886 486 MISERIS
925 443 1006 485 hoc
1043 443 1138 498 plus
1178 445 1582 487 commovebantur:
1621 446 1825 501 quoniam

117 513 248 555 eiiam
281 514 439 556 abscisi
470 515 616 557 vultus
647 515 829 557 necdum
862 515 1099 571 agnitionis
1133 515 1370 558 amiserant
1399 519 1540 559 notas.

233 585 334 628 471.
384 603 553 629 PINNATA
589 587 759 640 quidam
796 587 939 629 volunt
973 587 1060 629 ideo
1091 586 1158 628 hic
1186 587 1370 629 Famam
1393 588 1620 641 pinnatam
1651 603 1678 630 a
1704 593 1826 643 poeta

113 657 343 711 inductam,
375 658 474 711 quia
506 658 727 700 tumultum
757 661 797 701 et
823 672 889 700 res
919 658 1112 700 adversas
1142 659 1322 713 nuntiet,
1362 662 1410 700 ut
1439 659 1547 701 illud
1577 663 1739 714 tanyerc
1767 662 1825 703 vi·
1852 668 1873 699 5

114 728 291 782 deretur,
333 730 441 782 quod
473 730 546 783 qui
583 729 729 772 bellum
760 730 973 772 nuntiaret
1005 729 1206 783 pinnatae
1239 729 1396 771 litteras
1426 730 1623 772 diceretur
1653 732 1825 784 adferre.

233 800 331 842 473.
382 817 549 843 SVBITVS
575 817 749 844 MISERAE
771 804 903 855 potest
923 815 1004 854 pro
1037 799 1209 843 ‘subitus
1239 801 1411 843 miserae
1419 800 1444 856 ⁹,
1483 802 1543 844 vel
1566 816 1647 855 pro
1681 802 1825 845 ‘subito

113 870 324 922 miserae';
356 885 447 926 erqo
479 875 528 914 et.
540 873 748 926 yenetivus
771 875 906 926 potest
935 886 1028 915 esse.

231 942 331 985 474.
380 954 573 986 uxovsffl
610 954 814 986 MANlssvs
852 955 985 986 RADn
1022 944 1131 986 bene
1173 942 1398 999 ‘excussi',
1437 945 1561 1000 quasi
1597 946 1824 988 nescienti:

115 1012 284 1068 melius,
320 1028 449 1069 quam
482 1014 519 1056 si
550 1014 711 1056 dicereiz
743 1013 980 1070 ‘proiecti'.
1287 1044 1289 1047 >
1853 1027 1896 1057 10

231 1084 331 1127 475.
380 1097 586 1129 FEMINEO
607 1098 823 1129 VLVLATV
847 1086 1089 1141 inpatienti,
1108 1089 1155 1129 uh
1181 1086 1273 1142 <XI
1297 1087 1411 1142 782>
1431 1087 1652 1131 femineo
1679 1103 1822 1143 prae-

113 1154 202 1196 dae
235 1157 284 1197 et
315 1157 601 1211 spoliorum
633 1157 847 1200 ardebat
879 1173 1060 1201 amore.

231 1227 331 1269 477.
379 1240 524 1270 PRIMA
554 1241 692 1270 PETIT
725 1229 820 1272 ideo
854 1229 1036 1285 ‘prima'‚
1073 1230 1173 1286 quia
1205 1230 1345 1272 solent
1377 1230 1420 1272 in
1454 1233 1646 1273 exirema
1677 1246 1822 1273 neces-

113 1298 242 1340 sitaize
274 1300 406 1341 etiam
439 1300 638 1342 mulieres
666 1315 811 1343 muros
840 1301 1088 1357 ascendere,
1119 1303 1168 1343 ut
1194 1301 1285 1356 <XI
1305 1301 1420 1356 891>
1454 1302 1599 1357 ipsae
1631 1303 1688 1344 de
1720 1318 1821 1344 mu-

62 1413 71 1422 ,
111 1369 182 1410 ris
215 1373 420 1413 matres.
541 1383 638 1414 NON
669 1384 779 1414 ILLA
809 1385 958 1415 VIRVM
989 1384 1085 1416 NON
1115 1384 1227 1415 ILLA
1259 1385 1443 1416 PEmcm
1478 1388 1610 1416 unum
1643 1374 1821 1430 pudoris
1849 1382 1892 1415 15

112 1443 195 1497 est,
228 1441 346 1484 aliud
377 1442 545 1485 salussis.

229 1513 329 1556 478.
380 1532 499 1558 rmozz
509 1532 582 1563 VMQ
591 1532 638 1557 VE
660 1532 795 1558 menon
822 1504 929 1558 hanc
953 1516 1244 1572 inpatientiam
1266 1517 1415 1559 matris
1432 1516 1616 1571 Euryali
1639 1518 1712 1560 illo
1739 1518 1822 1560 loco

102 1588 227 1638 poeta
256 1587 493 1641 praemisit,
534 1600 626 1629 cum
663 1601 753 1630 eam
783 1587 1001 1643 Euryalus
1031 1602 1101 1630 nec
1129 1588 1424 1642 profectionem
1454 1602 1574 1630 suam
1604 1590 1662 1631 ad
1690 1590 1821 1643 requi-

109 1657 282 1699 rendum
312 1658 485 1699 Aenean
514 1658 618 1700 scire
646 1659 870 1714 siqnificat,
901 1662 940 1701 et
970 1662 1177 1713 tantopere
1207 1660 1461 1702 commendat
1485 1660 1690 1703 Ascanio:
1721 1675 1822 1703 nam

109 1730 148 1769 et
184 1728 316 1770 Nisus
350 1732 522 1783 propter
563 1730 682 1772 illam
724 1731 826 1773 dicit
866 1731 973 1773 nolle
1015 1731 1255 1786 Euryalum
1296 1730 1375 1773 sibi
1418 1732 1602 1773 comitem
1644 1732 1820 1788 iunyere,
1846 1742 1892 1772 20

109 1800 218 1852 quod
245 1801 383 1855 sciret,
414 1801 452 1842 si
481 1801 582 1854 quid
610 1801 648 1843 ei
677 1802 904 1858 accidisset,
934 1802 1247 1845 intolerabiliter
1277 1817 1368 1845 eam
1400 1803 1594 1845 laturam.

227 1871 327 1914 479.
378 1883 504 1914 HVNC
536 1872 679 1916 talem.
730 1875 773 1915 et
799 1875 866 1916 est
892 1874 1143 1930 conquestio
1172 1874 1323 1916 matris
1349 1873 1529 1930 Euryali
1556 1875 1688 1930 plena
1713 1875 1819 1917 artis

111 1942 370 1985 rhe'noricae:
402 1958 503 1986 nam
535 1958 671 1998 paene
703 1958 855 1987 omnes
886 1948 1034 2000 paries
1066 1945 1200 1987 habet
1232 1945 1283 1987 de
1308 1945 1602 1988 misericordia
1634 1960 1819 1988 commo-

108 2014 248 2056 venda
280 2030 305 2057 a
337 2013 541 2057 Cicerone
574 2015 620 2057 in
650 2015 878 2059 rhetoricis
911 2017 1089 2072 positas.
1199 2027 1326 2059 HVNO
1359 2029 1416 2058 ΤΕ
1445 2028 1628 2061 ASPICIO
1662 2032 1687 2059 a
1719 2032 1818 2072 qua·

108 2085 232 2127 litate
263 2086 420 2129 caedis.
606 2122 611 2127 .
1844 2099 1889 2131 25

226 2156 327 2201 480.
377 2169 494 2201 SERA
533 2170 660 2200 MEAE
697 2171 894 2211 REQVIES
927 2159 1129 2202 Euander
1159 2159 1295 2214 <VIII
1328 2160 1442 2214 581>
1475 2174 1583 2202 mea
1621 2175 1733 2202 sera
1770 2163 1819 2202 et

109 2228 219 2270 sola
250 2230 505 2284 voluptas.
565 2233 604 2272 et
633 2229 820 2283 ‘requies’
852 2230 918 2272 hic
940 2245 1021 2284 pro
1051 2231 1213 2274 solacio.
1325 2242 1546 2273 POTVISTI
1578 2243 1817 2282 LINQVERE

110 2310 266 2342 SOLAM
298 2300 354 2343 ab
385 2301 625 2356 intercepto
659 2301 834 2343 solacio.

107 2486 159 2522 ΠΙ
185 2440 491 2523 2lll‘iznpatienffi]
518 2441 562 2478 cf.
590 2441 677 2477 Isid.
705 2454 755 2479 or.
783 2442 834 2477 XI
860 2446 892 2486 2,
915 2446 960 2478 24
979 2444 990 2489 ΙΙ
1019 2447 1063 2478 22
1090 2456 1183 2479 nvnc
1209 2443 1343 2490 talem]
1370 2443 1416 2479 cf.
1443 2442 1536 2480 Don.
1564 2444 1611 2478 ad
1639 2444 1720 2480 Ter.
1748 2444 1816 2479 Ad.

203 2621 223 2652 2
244 2619 550 2655 commonebatur
569 2620 642 2656 AS
661 2623 766 2666 (corr.
782 2621 819 2665 a)
838 2622 851 2667 ΙΙ
870 2621 1062 2669 quoniam]
1084 2621 1172 2667 quia
1185 2622 1305 2658 ΑΒΕ
1320 2624 1332 2668 ΙΙ
1351 2627 1372 2658 3
1393 2621 1548 2658 abscissi
1566 2622 1641 2659 AS
1659 2623 1764 2667 (corr.
1779 2625 1816 2668 a)

107 2665 189 2701 absi
213 2666 248 2700 L
273 2665 424 2711 (abscisi
445 2667 471 2712 l)
490 2668 503 2712 ΙΙ
522 2668 735 2703 amisissent
759 2668 838 2703 RL
864 2668 1083 2714 (amiserant,
1102 2671 1128 2714 l)
1166 2669 1334 2705 amisisse
1354 2670 1396 2704 H
1413 2671 1425 2716 ΙΙ
1444 2674 1466 2705 4
1491 2671 1541 2705 ad
1560 2682 1711 2705 PINNATA
1731 2684 1761 2706 P.
1782 2684 1814 2706 v.

106 2724 192 2748 s.-v.
220 2714 371 2758 quidam
403 2716 606 2758 pennatam
636 2715 774 2751 famam
801 2727 824 2751 a
848 2716 962 2762 poeba
992 2716 1184 2753 inductam
1215 2718 1299 2753 ideo
1332 2718 1466 2753 uolunt
1490 2719 1588 2762 quod
1614 2717 1816 2754 tumultum

108 2764 147 2796 et
170 2772 229 2796 res
256 2760 432 2796 aduersas
457 2762 605 2797 nuntiet
629 2764 671 2797 uf,
695 2763 789 2798 illud
820 2763 975 2809 tangere
1010 2764 1185 2801 uideatur
1216 2765 1316 2809 quod
1347 2765 1412 2810 qui
1443 2765 1584 2800 bellum
1616 2766 1817 2801 nuntiabat

107 2808 253 2844 litteras
279 2809 462 2854 pennatae
490 2809 682 2845 dicebatur
707 2810 837 2846 afferre
867 2811 899 2845 T
915 2813 927 2855 ΙΙ
957 2815 977 2846 5
1004 2822 1100 2856 quae
1126 2811 1175 2855 F,
1201 2813 1343 2848 correxi
1361 2813 1373 2857 ΙΙ
1404 2815 1425 2847 8
1452 2814 1501 2848 ad
1526 2825 1678 2848 menum
1704 2825 1816 2849 cnon

109 2868 141 2890 o.
167 2869 200 2891 R.
232 2857 319 2891 haec
350 2857 464 2892 edidit
497 2856 698 2893 Fabricius
729 2858 969 2893 Homericum
1004 2860 1070 2903 (Il.
1095 2859 1200 2895 XXII
1226 2862 1311 2905 448)
1341 2862 1408 2904 τῆς
1441 2857 1479 2895 δ’
1507 2857 1680 2906 ἐλελίχθη
1713 2865 1815 2905 γυῖα,

108 2903 225 2949 χαμαὶ
251 2902 294 2938 δέ
321 2901 359 2938 οἷ
383 2902 516 2939 ἔκπεσε
543 2906 678 2948 κερκίς.
712 2907 724 2948 ΙΙ
760 2909 802 2940 10
829 2904 961 2940 melius
986 2917 1052 2942 om.
1080 2908 1167 2943 libri
1185 2911 1333 2953 praeter
1358 2908 1471 2943 RMz
1498 2908 1511 2953 n
1542 2908 1649 2952 quasi
1676 2908 1817 2944 diceret

108 2955 146 2985 et
170 2951 327 2996 proiecti
346 2951 383 2986 R
401 2953 413 2996 ss
434 2955 477 2986 13
498 2951 584 2987 ideo
605 2951 739 2987 ASF:
766 2951 926 2998 ideoque
945 2953 1092 2999 RLH,
1118 2966 1184 2990 om.
1201 2956 1250 2990 M
1267 2956 1279 3000 ΙΙ
1298 2955 1387 3000 quia
1404 2956 1502 3001 petit
1521 2956 1643 2991 solent
1661 2956 1785 2990 BLH
1804 2957 1814 2999 Η

110 3001 152 3032 15
179 2998 332 3044 matres]
358 2998 414 3034 ita
438 2999 620 3035 Homerus
647 3000 710 3044 (II.
736 2999 839 3034 XXII
865 3001 949 3046 462)
975 2999 1095 3047 αὐτὰρ
1123 3000 1206 3038 ἐπεὶ
1230 3001 1376 3047 πύργον
1402 3015 1441 3038 τε
1469 3002 1533 3038 καὶ
1558 2999 1708 3047 ἀνδρῶν
1735 3001 1814 3045 ἷξεν

107 3040 236 3089 ὅμιλον
261 3047 346 3082 add.
364 3045 565 3082 Fabricius
583 3049 596 3093 ΙΙ
616 3051 658 3082 17
686 3047 782 3082 hanc
806 3047 1068 3092 inpatientiam
1089 3078 1097 3086 ,
1119 3078 1126 3086 .
1149 3078 1156 3086 .
1185 3051 1342 3084 laturam
1369 3051 1450 3085 hab.
1471 3050 1501 3084 Τ
1519 3051 1530 3096 ΙΙ
1552 3054 1595 3085 18
1621 3062 1702 3084 cnm
1731 3061 1813 3084 eam

108 3102 186 3137 eqo:
214 3104 297 3128 cum
323 3104 369 3128 ea
397 3093 437 3137 T,
464 3105 546 3130 eam
571 3105 638 3131 om.
658 3094 698 3133 E
713 3095 725 3139 ΙΙ
747 3099 789 3129 19
816 3096 947 3141 tantos)
971 3096 1003 3131 G
1022 3098 1034 3142 ΙΙ
1054 3101 1099 3132 20
1124 3098 1208 3132 nole
1232 3097 1266 3132 G
1285 3098 1296 3143 ΙΙ
1316 3101 1358 3132 21
1387 3097 1592 3134 accedisset
1618 3097 1658 3132 F
1674 3099 1684 3142 ΙΙ
1704 3101 1748 3131 22
1775 3096 1814 3131 id

107 3139 164 3173 θεὴ
188 3140 302 3175 halem
328 3141 393 3176 Ml
411 3143 424 3186 ΙΙ
451 3146 495 3177 23
523 3154 606 3178 cum
634 3142 763 3177 RLH
785 3145 883 3186 (nam
910 3144 935 3182 ἰ)
955 3145 967 3190 ΙΙ
992 3144 1038 3180 de
1064 3156 1130 3181 om.
1159 3145 1230 3189 ΗΙΙ
1255 3145 1449 3181 conuenda
1473 3145 1509 3180 L
1527 3146 1539 3190 11
1567 3149 1614 3179 24
1640 3141 1766 3184 πάθος
1791 3155 1813 3179 a

108 3186 291 3230 qualitate
317 3188 443 3224 caedis
469 3188 671 3225 Fabricius
689 3191 701 3236 ΙΙ
721 3194 765 3224 26
793 3189 873 3224 sola
898 3192 937 3225 eb
961 3202 1043 3227 sera
1067 3192 1152 3228 RF
1169 3194 1180 3238 ΙΙ
1199 3196 1243 3227 27
1270 3193 1320 3227 ad
1344 3204 1493 3233 nuqvms
1518 3204 1545 3228 s.
1567 3204 1597 3226 v.
1625 3202 1691 3236 pro
1718 3191 1811 3227 eola-

108 3233 165 3268 cio
194 3234 227 3267 T
243 3236 255 3279 ΙΙ
287 3235 422 3270 solatio
448 3236 516 3282 Fu
546 3241 591 3272 28
618 3236 754 3272 solatio
779 3237 866 3272 libri
