2092 3614
309 253 397 295 536
1082 253 1246 289 SERVII

429 363 530 405 468.
580 374 739 405 ILIOET
769 362 1008 416 confestim,
1039 363 1158 405 ilico:
1202 363 1394 418 quodne
1416 363 1591 419 diceret,
1624 365 1751 407 metri
1781 365 2016 408 necessitas

311 435 431 490 fecit3
462 450 564 476 nam
596 424 728 476 ‘ilico'
761 433 954 477 dicimus.

430 506 531 548 469.
581 517 746 548 MAGNA
777 516 979 548 INCEPTA
1010 506 1110 561 quia
1141 506 1192 547 de
1218 520 1323 562 pace
1350 506 1584 562 cogitabat,
1617 521 1724 562 quae
1749 507 1907 562 inpleri
1931 522 2018 550 non

313 578 471 632 potuit.

266 658 287 689 5
432 650 532 691 471.
581 660 839 700 MVLTAQVE
867 660 919 691 SE
944 661 1146 692 INCVSAT
1172 665 1253 704 pro
1279 648 1507 691 ‘multum'.
1539 652 1582 691 et
1602 653 1668 692 est
1688 649 1852 692 Graeca
1870 650 2021 706 figura.

432 721 533 763 472.
584 731 906 770 GENERVMQVE
926 732 1207 763 Ansclvnm‘r
1228 732 1338 763 VRBI
1363 721 1408 763 id
1431 724 1491 762 est
1507 724 1684 776 propter
1703 722 1865 777 urbem,
1889 735 2020 775 quan-

315 796 402 835 tum
437 794 485 835 de
508 792 794 847 praesentibus
822 792 942 834 rebus
972 793 1253 847 eolliyebatur:
1291 792 1490 834 Lucanus
1523 792 1574 835 de
1606 792 1771 836 Catone
1804 793 1876 849 <II
1907 793 2022 849 388>

315 864 430 907 urbi
457 866 606 919 pater
631 866 725 917 est,
757 864 974 919 urbique
1001 864 1230 906 maritus.
1275 878 1404 919 gener
1429 866 1574 906 autem
1599 864 1695 907 ideo
1723 865 1889 921 dicitur,
1921 864 2024 920 quia

316 935 371 977 ad
402 934 646 990 augendum
679 948 814 990 genus
847 934 1087 978 adhibetur.

246 1016 290 1048 10
434 1006 535 1049 473.
583 1017 913 1048 PRAEFODIVNT
946 1018 1042 1048 AL11
1073 1017 1252 1049 PORTAS
1291 1006 1333 1048 id
1372 1009 1439 1048 est
1477 1009 1577 1049 ante
1609 1010 1759 1062 portas
1791 1007 1932 1050 fossas
1963 1008 2024 1051 fa-

316 1079 452 1120 ciunt:
483 1077 556 1120 hoe
586 1078 697 1119 enim
727 1080 786 1119 est
813 1078 922 1130 quod
949 1091 1079 1131 supra
1103 1079 1212 1120 dixit
1236 1077 1384 1133 <466>
1410 1092 1535 1131 pars
1565 1079 1733 1122 aditus
1763 1079 1902 1122 urbis
1929 1080 2025 1133 fir-

315 1152 464 1192 ment:
497 1163 606 1204 quae
637 1163 706 1191 res
737 1148 916 1191 nimiam
949 1148 1113 1191 indicat
1143 1149 1497 1204 desperationem.

436 1221 537 1262 474.
586 1232 740 1264 BELLO
766 1232 862 1262 DAT
889 1232 1065 1263 slcnvm
1091 1232 1246 1263 RAVCA
1273 1232 1524 1263 CRVENTVM
1548 1232 1723 1264 BvcmA
1754 1222 1864 1264 bene
1896 1221 2025 1264 ‘bello

318 1291 426 1348 dat’3
458 1306 559 1334 nam
591 1292 750 1334 bucina
780 1292 990 1335 insonans
1023 1292 1360 1335 sollicitudinem
1393 1293 1446 1335 ad
1478 1293 1592 1335 bella
1617 1292 1862 1335 denuntiat:
1895 1293 2026 1335 sicin

248 1373 292 1406 15
319 1364 502 1419 septimo
536 1363 680 1418 (519)
714 1378 810 1419 qua
841 1364 1028 1406 bucina
1061 1364 1260 1420 signum
1293 1365 1406 1406 dira
1437 1364 1590 1407 dedit.
1641 1365 1851 1419 proelium
1884 1366 2028 1406 autem

318 1435 449 1479 tubae
486 1434 699 1490 indicant,
736 1437 786 1477 ut
818 1435 908 1490 <IX
942 1435 1058 1490 501>
1097 1437 1148 1477 at
1179 1436 1303 1478 tuba
1336 1436 1624 1478 terribilem
1658 1435 1883 1478 sonitum
1915 1449 2028 1490 pro-

318 1507 399 1550 cul
431 1521 547 1549 aere
579 1521 768 1549 canoro
800 1507 1078 1562 increpuit.

437 1578 537 1620 476.
586 1595 797 1620 mrnozvffl
829 1592 941 1620 nunc
968 1579 1157 1631 feminae.
1207 1579 1376 1632 quidam
1407 1592 1506 1620 sane
1530 1578 1790 1621 arbitrantur
1813 1578 1920 1620 inter
1944 1591 2029 1620 ma-

320 1653 484 1692 tronam
520 1652 560 1691 et
594 1650 957 1703 matremfamilias
994 1649 1067 1692 hoe
1102 1651 1309 1704 interesse,
1346 1651 1455 1703 quod
1490 1654 1683 1692 matrona
1713 1650 1874 1692 dicatur
1898 1651 2031 1703 primi

248 1732 295 1763 20
312 1721 438 1775 pueri
467 1722 611 1775 mater,
641 1721 966 1774 materfamilias
995 1734 1099 1774 quae
1122 1721 1266 1775 plures
1289 1722 1459 1775 peperit.
1503 1722 1579 1764 alii
1603 1722 1676 1764 hoe
1693 1724 1849 1776 putant
1870 1722 2030 1776 rectius,

320 1795 557 1835 matronam
588 1792 669 1834 diei
698 1806 803 1845 quae
832 1793 880 1834 in
911 1793 1223 1834 matrimonium
1256 1806 1348 1834 eum
1378 1794 1466 1836 viro
1497 1794 1723 1836 convenerit
1746 1796 1783 1835 et
1805 1794 1852 1835 in
1876 1807 1920 1836 eo
1943 1807 2030 1835 ma-

322 1864 515 1906 trimonio
547 1865 763 1916 manserit,
801 1864 926 1906 etiam
956 1865 994 1907 si
1026 1864 1142 1906 liberi
1172 1865 1356 1906 nondum
1384 1865 1564 1918 fuerint:
1602 1865 1753 1907 dietam
1783 1865 1931 1907 matris
1960 1878 2030 1907 no-

322 1937 443 1991 mine,
473 1949 543 1990 spe
573 1938 693 1989 atque
723 1936 868 1991 omine,
898 1937 1006 1978 unde
1035 1939 1073 1978 et
1101 1936 1414 1978 matrimonium
1439 1936 1602 1978 dietum.
1653 1939 1825 1978 matrem
1849 1950 1940 1978 vero
1963 1936 2030 1989 fa-

322 2008 465 2050 milias
503 2021 594 2049 eam
637 2020 735 2061 esse,
778 2021 881 2061 quae
924 2008 971 2049 in
1013 2008 1158 2049 mariti
1199 2011 1331 2050 manu
1366 2008 1682 2062 manieipioque,
1725 2011 1800 2049 aut
1833 2007 1880 2049 in
1916 2008 2032 2050 euius

253 2089 299 2121 25
325 2080 503 2122 maritus
533 2093 663 2120 manu
693 2079 976 2133 mancipioque
1006 2082 1120 2134 esset,
1161 2080 1358 2132 quoniam
1388 2080 1434 2121 in
1462 2079 1675 2131 familiam
1705 2081 1867 2132 quoque
1889 2079 2034 2121 mariti

325 2154 363 2193 et
402 2151 469 2193 sui
505 2150 662 2193 heredis
699 2151 831 2193 locum
866 2150 1065 2193 venisset?
1115 2151 1193 2192 alii
1229 2154 1442 2193 matronas
1477 2150 1655 2204 viryines
1690 2149 1843 2192 nobiles
1882 2150 2033 2206 dieunt,

325 2222 665 2275 matresfamilias
688 2235 780 2264 vero
805 2222 902 2264 illas
926 2236 1029 2276 quae
1053 2222 1099 2264 in
1118 2222 1431 2264 matrimonium
1448 2235 1526 2276 per
1545 2222 1827 2275 coemptionem
1847 2234 2032 2263 convene-

326 2297 448 2336 runt:
479 2307 579 2336 nam
606 2307 682 2347 per
705 2294 917 2347 quandam
942 2294 1049 2345 iuris
1073 2294 1367 2335 solemnitatem
1385 2294 1432 2335 in
1448 2293 1660 2346 familiam
1677 2293 1861 2347 miyrant
1877 2293 2033 2335 mariti.

425 2415 442 2446 1
469 2423 588 2445 nncn'r
615 2438 622 2445 .
644 2437 652 2445 .
675 2438 683 2445 .
710 2409 883 2455 dicimus]
910 2409 957 2445 cf.
984 2409 1112 2445 Charis
1138 2421 1174 2454 p.
1200 2413 1281 2454 200,
1302 2413 1347 2445 27
1373 2410 1416 2446 Κ.
1437 2410 1449 2456 ΙΙ
1479 2413 1524 2445 14
1548 2420 1635 2444 nam
1660 2408 1797 2444 bucina
1822 2437 1830 2444 .
1852 2437 1860 2445 .
1881 2436 1889 2445 .
1914 2409 2032 2445 incre—

326 2459 424 2506 puit]
453 2470 566 2494 exscr.
592 2457 678 2492 Isid.
705 2469 756 2492 or.
781 2456 904 2492 XVIII
929 2461 962 2501 4,
988 2461 1021 2492 4.
1060 2457 1106 2492 cf.
1132 2457 1207 2492 diff.
1234 2458 1335 2493 verb.
1363 2460 1405 2493 77
1438 2458 1450 2502 ΙΙ
1490 2461 1532 2492 18
1559 2456 1712 2501 quidam
1737 2468 1824 2492 sane
1850 2457 2031 2492 arbitran-

326 2509 389 2542 tur
414 2517 444 2541 e.
472 2518 506 2551 q.
534 2505 579 2551 s.]
607 2504 652 2540 cf.
681 2504 774 2540 Gell.
800 2503 921 2539 XVIII
947 2508 980 2548 6,
1005 2503 1090 2539 Isid.
1116 2504 1191 2539 diff.
1219 2505 1319 2540 verb.
1347 2508 1428 2548 373,
1456 2516 1506 2540 or.
1532 2504 1584 2539 IX
1609 2507 1642 2548 5,
1669 2508 1690 2540 8
1716 2505 1754 2540 et
1781 2508 1812 2550 7,
1840 2508 1883 2540 13

425 2617 443 2647 1
470 2611 570 2657 quod
594 2609 778 2646 indiceret
803 2609 845 2645 F
867 2610 880 2655 ΙΙ
911 2614 932 2645 3
958 2609 1113 2655 implere
1139 2610 1175 2645 R
1211 2610 1361 2656 inpeliri
1387 2611 1427 2645 F
1453 2612 1465 2656 ss
1498 2615 1518 2645 6
1543 2622 1728 2646 Asmvmu'r
1753 2610 1791 2646 R
1827 2622 2033 2647 Asscwmu‘r

329 2660 379 2696 M
392 2661 404 2706 ΙΙ
428 2658 513 2694 urbi
537 2659 691 2704 propter
715 2658 843 2694 urbem
871 2657 907 2692 R
925 2658 938 2702 ΙΙ
971 2661 1012 2692 11
1041 2658 1176 2694 dixerit
1201 2658 1241 2693 F
1257 2660 1268 2704 ΙΙ
1298 2658 1417 2704 urbis]
1444 2658 1548 2693 uobis
1574 2659 1613 2693 F
1629 2660 1641 2704 {l
1674 2662 1716 2693 12
1742 2657 1935 2694 indicabat
1960 2658 2001 2693 F
2021 2658 2025 2704 Ι

332 2712 374 2743 13
401 2709 495 2743 bene
521 2705 666 2742 addidit
690 2705 790 2741 bello
817 2704 857 2740 F
885 2707 896 2751 ΙΙ
935 2709 978 2740 14
1006 2705 1072 2740 dat
1102 2717 1167 2741 om.
1194 2706 1267 2741 AS
1298 2707 1309 2752 ΙΙ
1344 2718 1430 2742 nam
1458 2708 1497 2740 et
1520 2709 1673 2751 propter
1697 2706 1768 2741 hoc
1793 2705 1930 2742 bucina
1954 2705 1995 2741 F
2021 2705 2026 2754 Ι

331 2766 465 2791 sonans
483 2753 556 2789 AS
573 2755 585 2800 ΙΙ
610 2754 658 2788 ad
683 2753 785 2788 bella.
804 2752 1156 2789 ASRFIsidorus:
1182 2765 1225 2788 ac
1251 2753 1352 2789 bella
1371 2754 1469 2788 HM
1486 2754 1497 2799 11
1524 2756 1567 2788 18
1592 2764 1690 2788 nunc
1714 2753 1876 2788 feminae
1901 2783 1909 2790 .
1930 2781 1940 2790 .
1960 2781 1968 2789 .
1994 2753 2035 2789 in

328 2802 513 2838 familiam
538 2801 703 2847 migrant
726 2800 853 2836 mariti
876 2800 958 2835 hab.
987 2800 1020 2834 T
1037 2802 1047 2846 ΙΙ
1078 2812 1167 2836 sane
1192 2812 1258 2837 om.
1288 2801 1321 2836 T
1338 2802 1349 2847 11
1379 2805 1423 2836 19
1449 2801 1586 2836 dicitur
1613 2801 1646 2835 T
1662 2802 1675 2846 ΙΙ
1702 2799 1813 2846 primi
1841 2800 1886 2836 T:
1911 2800 2034 2846 prima

330 2849 371 2885 F
386 2851 398 2896 11
417 2853 462 2885 20
487 2848 625 2884 rectius
650 2849 786 2894 putant
807 2848 840 2882 T
855 2848 867 2894 ΙΙ
886 2846 1002 2882 retius
1031 2848 1065 2883 G
1082 2849 1095 2894 ΙΙ
1114 2852 1158 2883 22
1184 2848 1432 2894 permanserit
1454 2849 1487 2883 T
1503 2850 1516 2894 ΙΙ
1534 2848 1647 2883 matri
1672 2847 1705 2883 G
1723 2849 1736 2892 ΙΙ
1755 2851 1799 2883 23
1825 2859 1934 2883 omne
1959 2847 2000 2882 F
2022 2847 2034 2895 ΙΙ

330 2901 377 2932 24
403 2907 483 2932 esse
510 2907 592 2931 eam
621 2895 654 2930 T
684 2897 695 2942 ΙΙ
730 2894 1008 2940 mancipioque]
1042 2898 1098 2930 est
1122 2897 1207 2932 add.
1234 2897 1406 2931 Isidorus
1430 2897 1508 2940 diff.
1540 2897 1558 2941 ΙΙ,
1589 2896 1655 2931 aut
1680 2923 1687 2931 .
1710 2923 1717 2930 .
1740 2922 1747 2929 .
1773 2895 2034 2940 mancipioque

331 2956 397 2981 om.
421 2943 457 2979 Cr*
474 2945 486 2990 ΙΙ
506 2945 572 2979 aut
595 2943 636 2978 in
661 2943 738 2979 eius
762 2942 803 2978 in
829 2942 931 2978 cuius
956 2943 1113 2978 maritus
1138 2954 1155 2978 e
1178 2943 1295 2979 Gellio
1318 2944 1523 2979 Masvieius
1541 2945 1553 2989 ss
1571 2946 1617 2978 25
1642 2941 1798 2977 maritus
1824 2970 1832 2977 .
1854 2970 1862 2977 .
1883 2972 1891 2980 .
1918 2944 2017 2978 esset

331 3002 463 3028 manus
489 2990 647 3026 maritus
672 2989 975 3035 mancipiumque
1002 2990 1100 3025 esset
1127 2991 1160 3025 Τ
1176 2993 1187 3037 Ι]
1207 2990 1384 3036 quoniam
1408 2991 1449 3026 in
1471 2990 1598 3026 mariti
1623 3001 1768 3034 quoque
1793 2988 1939 3026 familia
1967 2990 2001 3024 Τ

332 3039 523 3085 quoniam]
551 3039 738 3083 quomodo
759 3037 799 3072 F
815 3039 826 3084 n
845 3035 990 3073 familia
1009 3037 1048 3071 F
1064 3039 1076 3083 ΙΙ
1095 3042 1139 3073 26
1166 3038 1313 3074 heredis
1341 3038 1374 3073 Τ
1396 3041 1428 3073 et
1448 3038 1635 3073 Isidorus:
1660 3036 1816 3072 heredes
1837 3037 1885 3080 F,
1909 3037 2034 3073 locum

330 3099 348 3123 e
374 3087 491 3123 Gellio
517 3086 666 3121 addidit
691 3085 897 3121 Masvicius
915 3085 927 3130 ΙΙ
946 3084 1202 3120 matrimonias
1231 3085 1265 3121 G-
1284 3087 1296 3132 Η
1315 3084 1460 3121 nubiles
1479 3085 1648 3120 Isidorus
1666 3085 1678 3129 ΙΙ
1697 3083 1772 3119 dici
1795 3085 1827 3118 Τ
1843 3085 1855 3130 ΙΙ
1874 3088 1918 3120 27
1946 3095 2045 3121 vero·

330 3134 416 3170 illas
442 3145 508 3170 om.
533 3133 567 3168 Τ
587 3134 598 3179 ΙΙ
630 3133 868 3179 coepcionem
897 3131 931 3168 G
955 3133 967 3178 ΙΙ
998 3135 1180 3168 uenerunt
1206 3133 1239 3168 T
1260 3134 1273 3180 ss
1304 3137 1348 3169 28
1374 3132 1521 3178 migant
1545 3131 1585 3166 F
1619 3131 1765 3176 mignat
1790 3132 1824 3167 G
1849 3133 1861 3179 Η
1891 3130 2032 3178 mariti]

331 3182 429 3218 inter
453 3182 612 3217 matrem
636 3191 726 3216 uero
753 3182 791 3216 et
814 3181 973 3215 matrem
997 3179 1159 3215 familias
1184 3181 1254 3216 hoc
1280 3181 1433 3216 interest
1458 3179 1571 3225 (quod
1598 3179 1716 3214 mater
1742 3180 1798 3214 est
1822 3179 1906 3215 add.
1930 3178 2033 3215 Mas-

332 3230 464 3275 vicius)
492 3229 641 3275 praeter
665 3228 771 3263 illam
798 3226 1108 3273 significationem
1134 3239 1229 3272 quae
1256 3230 1314 3264 est
1338 3228 1386 3263 ad
1411 3226 1553 3272 aliquid
1579 3237 1673 3271 quae
1692 3227 1841 3262 tantum
1859 3225 2034 3263 conuenit
