2092 3614
263 656 284 687 5

314 252 401 295 384
1087 253 1247 289 SERVII

308 362 424 417 niae,
456 376 565 417 quae
597 374 695 404 xv11
727 362 1088 417 annisconfecit,
1125 366 1221 404 ante
1251 365 1415 405 exustas
1446 366 1568 405 aceto
1600 364 1739 416 infuso
1769 364 1907 418 rupit:
1949 364 2018 406 Iu-

308 433 474 475 venalis
508 432 577 488 <X
600 433 713 488 153>
746 436 797 475 et
827 436 1050 476 montem
1081 433 1224 488 rupit
1256 435 1412 476 aceto.
1457 434 1639 489 denique
1670 435 1765 477 loca
1790 436 1886 490 ipsa
1910 451 2018 491 quae

309 504 447 559 rupit,
473 504 690 547 Poeninae
716 504 849 560 Alpes
875 508 1097 548 vocantur.
1139 505 1327 559 quamvis
1353 505 1510 559 leyatur
1533 519 1561 547 a
1586 505 1776 549 Poenina
1800 508 1892 562 dea,
1917 521 2019 560 quae

309 576 368 617 ibi
397 576 561 631 colitur,
592 576 720 630 Alpes
744 577 857 630 ipsas
881 577 1029 619 vocari.
1078 590 1178 619 sane
1209 590 1346 618 omnes
1372 577 1610 620 altitudines
1640 579 1842 620 montium
1873 579 1963 621 lieet
1992 593 2020 621 a

312 646 451 689 Gallis
480 647 608 700 Alpes
637 650 843 703 vocentur,
876 648 1046 702 proprie
1083 651 1220 689 tarnen
1250 648 1349 701 iuya
1386 649 1588 690 montium
1620 649 1876 692 Gallicorum
1913 653 2018 693 sunt.

309 731 414 772 quas
437 719 616 772 quinque
638 711 718 761 viis
745 718 878 761 Varro
903 719 1004 761 clieit
1033 719 1207 761 transiri
1231 732 1371 773 posse:
1402 733 1506 771 una,
1538 733 1642 773 quae
1672 723 1730 762 est
1758 722 1876 763 iuxta
1906 735 2021 763 mare

302 803 382 843 per
411 790 607 844 Ia'qures;
648 790 798 846 altera,
835 804 918 843 qua
949 790 1170 832 Hannibal
1201 790 1390 840 transiit‚·
1429 791 1566 844 tertia,
1603 805 1685 844 qua
1718 791 1936 845 Pompeius
1966 793 2023 833 ad

311 861 590 914 Hispaniense
621 861 769 903 bellum
792 861 1000 914 profectus
1031 864 1109 911 est,·
1141 864 1310 914 quarta,
1341 875 1424 915 qua
1448 862 1695 904 Hasdrubal
1725 864 1772 904 de
1798 862 1945 905 Gallia
1974 863 2021 905 in

310 932 488 975 Italiam
512 933 641 983 venit;
668 933 826 987 quinta,
851 947 955 986 quae
978 933 1185 987 quondam
1210 947 1238 974 a
1258 932 1429 975 Graecis
1446 947 1633 987 possessa
1658 937 1726 989 est,
1751 948 1855 988 quae
1878 934 2022 976 exinde

244 1013 288 1044 10
313 1004 442 1058 Alpes
475 1003 634 1046 Graiae
663 1005 936 1058 appellantur.
999 1012 1000 1015 ’

245 1372 286 1402 15

244 1729 288 1759 20

245 2085 290 2116 25

433 1075 499 1117 14.
549 1092 623 1117 RES
649 1077 855 1128 RAPVISSE]
893 1077 917 1102 ‘¹‘
931 1078 1078 1118 veteres
1115 1075 1270 1118 laedere
1309 1075 1392 1119 ‘res
1422 1076 1585 1131 rapere’
1623 1077 1823 1128 dicebant,
1861 1077 2023 1119 etiamsi

311 1147 486 1200 rapinae
528 1147 692 1189 nullum
729 1147 883 1189 crimen
927 1148 1131 1198 existeret;
1177 1148 1370 1190 similiter
1411 1149 1513 1190 satis
1548 1148 1683 1201 faeere
1719 1148 1803 1191 ‘res
1838 1147 2020 1191 reddere'

311 1216 538 1260 dicebant*
638 1229 723 1260 RES
755 1230 979 1261 RAPvlssn
1012 1230 1200 1268 Licnssrr
1234 1218 1565 1274 clarigationem
1598 1234 1812 1274 exercere,
1843 1220 1925 1261 hoc
1956 1222 2023 1261 est

312 1304 390 1346 per
419 1289 589 1331 fetiales
621 1289 782 1331 bellum
817 1289 1021 1332 indicere:
1053 1305 1154 1332 narn
1181 1290 1333 1332 Ancus
1353 1290 1541 1333 Marcius
1568 1306 1664 1333 cum
1690 1291 1854 1333 videret
1885 1306 2022 1346 popu-

313 1362 402 1402 lum
424 1361 681 1416 Romanum,
706 1361 928 1403 ardentem
954 1376 1099 1404 amore
1126 1361 1354 1413 bellorum,
1381 1364 1424 1404 et
1449 1362 1699 1417 plerumque
1725 1362 1883 1404 inferre
1910 1362 2023 1403 bella

313 1432 516 1488 gentibus
541 1433 664 1474 nulla
690 1432 806 1474 iusta
832 1435 1005 1475 extante
1030 1433 1218 1488 ratione,
1250 1435 1293 1474 et
1320 1433 1470 1475 exinde
1503 1433 1693 1487 pericula
1718 1434 1871 1485 creari,
1904 1433 2023 1475 misit

314 1504 367 1546 ad
398 1507 573 1560 gentem
606 1502 945 1558 Aequiculanam
978 1506 1021 1545 et
1054 1505 1220 1558 accepit
1250 1503 1344 1546 iura
1377 1504 1558 1559 fetialia,
1599 1519 1676 1560 per
1713 1519 1822 1560 quae
1861 1505 2021 1547 bellum

313 1575 585 1618 indicebatur
617 1575 699 1617 hoc
731 1575 877 1626 modo,
912 1575 1022 1617 sicut
1054 1575 1185 1617 etiam
1218 1575 1269 1616 de
1295 1574 1477 1617 Albanis
1503 1576 1653 1634 retulit
1679 1575 1825 1618 Livius
1854 1575 2023 1630 (124).

313 1662 412 1690 nam
451 1645 659 1703 siquando
697 1645 894 1688 homines
935 1646 1002 1688 vel
1038 1646 1250 1687 ‘animalia
1286 1646 1340 1687 ab
1374 1646 1518 1701 aliqua
1556 1649 1684 1701 gente
1723 1649 1849 1701 rapta
1880 1648 2025 1688 essent

314 1719 477 1774 populo
508 1718 726 1772 Romano,
767 1732 863 1759 cum
901 1717 1142 1772 fetialibus,
1182 1717 1227 1758 id
1266 1719 1333 1759 est
1371 1717 1667 1759 sacerdotibus
1706 1717 1779 1773 qui
1815 1717 2023 1760 faciendis

314 1793 523 1846 praesunt
564 1789 833 1844 foederibus,
876 1788 1232 1843 proficiscebatur
1276 1788 1406 1830 etiam
1446 1790 1570 1843 pater
1610 1790 1807 1843 patratus
1846 1790 1888 1830 et
1925 1794 2023 1830 ante

315 1861 423 1903 fines
457 1864 576 1903 stans
609 1861 726 1903 clara
752 1875 855 1903 voce
882 1860 1053 1902 dicebat
1083 1860 1186 1902 belli
1213 1874 1406 1912 causam,
1438 1862 1481 1901 et
1507 1859 1755 1902 nolentibus
1780 1874 1848 1902 res
1875 1861 2022 1914 raptas

314 1933 542 1976 restituere
580 1933 647 1975 vel
685 1934 882 1974 auctores
921 1931 1101 1975 iniuriae
1138 1931 1327 1983 tradere,
1362 1931 1550 1973 iaciebat
1588 1931 1777 1986 hastam,
1816 1946 1923 1986 quae
1955 1946 2023 1973 res

316 2007 411 2047 erat
448 2018 620 2060 pugnae
658 2004 939 2059 principium,
979 2005 1023 2045 et
1060 2003 1146 2045 iam
1186 2003 1247 2044 sic
1285 2001 1444 2044 licebat
1474 2017 1592 2044 more
1624 2002 1729 2044 belli
1760 2016 1827 2045 res
1859 2017 2024 2057 rapere.

316 2076 543 2132 clarigatio
588 2078 733 2117 autem
778 2074 894 2116 dicta
933 2077 999 2116 est
1037 2076 1112 2116 aut
1150 2089 1175 2115 a
1213 2074 1328 2115 clara
1365 2088 1486 2129 voce,
1531 2089 1615 2128 qua
1661 2073 1861 2115 utebatur
1902 2075 2025 2127 pater

316 2149 531 2203 patratus,
564 2148 639 2189 aut
670 2162 695 2188 a
720 2144 887 2203 κλήρῳ,
920 2145 1001 2187 hoc
1033 2147 1100 2187 est
1132 2147 1264 2187 sorte:
1297 2160 1397 2187 nam
1430 2160 1507 2201 per
1538 2145 1737 2187 bellicam
1768 2147 1930 2186 sortem
1960 2144 2026 2186 in-

316 2218 534 2260 vadebant
571 2232 698 2274 agros
736 2217 946 2259 hostium:
988 2216 1099 2258 unde
1138 2219 1182 2259 et
1217 2214 1490 2272 κληρονόμοι
1529 2216 1728 2259 dicuntur
1759 2215 1919 2258 Graece
1951 2215 2026 2270 qui

317 2290 408 2332 iure
441 2288 682 2331 sortiuntur
714 2289 829 2331 bona
862 2288 1065 2330 defuncti.

415 2471 433 2501 1
460 2466 553 2512 xvn]
582 2466 620 2500 et
644 2465 763 2500 duoct‘
783 2465 832 2499 M
868 2464 1079 2509 (duodecim
1106 2466 1154 2510 m)
1193 2476 1244 2498 x11
1269 2465 1281 2498 l
1317 2465 1330 2509 ΙΙ
1366 2464 1543 2499 exhustas
1571 2463 1612 2498 F
1645 2465 1657 2510 ΙΙ
1693 2464 1814 2500 infuso
1844 2463 2025 2499 hannibal

317 2514 419 2559 rupit
445 2514 483 2548 F
507 2515 519 2559 ΙΙ
550 2517 570 2548 2
596 2513 726 2558 rupuit
750 2512 790 2546 F
811 2514 823 2558 ΙΙ
854 2517 875 2547 3
901 2511 1085 2557 poeninae
1111 2512 1151 2546 H
1160 2511 1213 2546 F:
1240 2512 1449 2556 poenninae
1476 2511 1548 2547 AS
1571 2513 1606 2555 (ο
1632 2512 1698 2547 del.
1725 2513 1762 2556 a)
1800 2511 1963 2556 puninae
1987 2511 2025 2546 R

318 2559 524 2606 apenninae
544 2561 634 2595 LM
653 2562 665 2605 ΙΙ
693 2560 743 2595 ad
767 2571 798 2595 v.
828 2563 871 2594 13
896 2561 939 2595 in
962 2570 1077 2603 marry.
1103 2559 1242 2603 legitur
1266 2559 1306 2593 in
1331 2558 1496 2602 antiquis
1523 2558 1735 2604 appennina
1760 2561 1839 2602 (sie)
1866 2560 1936 2594 dea
1956 2587 1964 2594 .
1985 2586 1993 2594 .
2017 2587 2024 2594 .

319 2607 557 2654 appellantur
585 2607 618 2642 T
635 2608 647 2654 ΙΙ
665 2610 687 2641 4
713 2606 793 2641 hibi
818 2606 859 2641 F
874 2608 886 2653 ss
904 2606 1006 2642 licite
1035 2607 1068 2640 T
1084 2608 1097 2652 u
1116 2610 1136 2641 5
1163 2608 1344 2641 uocantur
1365 2606 1446 2640 FT
1459 2607 1471 2652 ΙΙ
1489 2607 1578 2652 iuga
1602 2618 1667 2642 om.
1684 2606 1725 2641 F
1740 2607 1752 2653 ΙΙ
1772 2611 1791 2642 7
1818 2606 1967 2651 legnras
1989 2606 2029 2641 F

319 2657 469 2701 lygures
498 2655 532 2690 T
547 2656 561 2701 ss
579 2655 699 2690 altera
725 2653 789 2699 qui
814 2654 994 2689 hannibal
1018 2654 1156 2688 transit
1180 2654 1221 2688 F
1237 2654 1248 2700 ΙΙ
1269 2654 1316 2688 ab
1342 2654 1382 2687 F
1398 2655 1409 2700 ΙΙ
1428 2657 1449 2688 8
1476 2655 1645 2698 profatus
1671 2653 1712 2688 F
1747 2654 1929 2699 profettus
1955 2654 1990 2689 G
2013 2654 2026 2700 ΙΙ

319 2703 496 2739 asdrubal
518 2702 551 2737 T
586 2702 763 2737 hasrubal
783 2701 815 2736 G
834 2703 846 2746 ΙΙ
866 2705 886 2736 9
914 2700 1051 2746 quinea
1071 2701 1112 2736 F
1127 2702 1139 2748 ΙΙ
1159 2712 1177 2736 e
1205 2701 1319 2746 gretie
1341 2701 1381 2735 F
1397 2703 1408 2747 ΙΙ
1428 2702 1492 2746 qui
1520 2701 1651 2736 exinde
1672 2701 1712 2735 F
1727 2702 1739 2747 ΙΙ
1761 2705 1803 2736 10
1826 2701 1955 2747 graiae
1979 2701 2024 2736 T:

319 2757 377 2787 res
398 2750 568 2796 graeciae
589 2749 657 2794 Fu
685 2753 726 2784 11
748 2751 797 2784 acl
814 2760 846 2784 v.
870 2753 913 2783 14
938 2750 980 2783 in
998 2760 1112 2795 marg).
1139 2750 1284 2784 ueteres
1306 2778 1313 2785 .
1331 2777 1338 2783 .
1357 2778 1363 2784 .
1385 2750 1569 2784 existeret.
1603 2759 1622 2783 e
1643 2750 1774 2783 contra
1793 2749 1883 2784 satis
1902 2748 2024 2783 facere

319 2799 482 2834 reddere.
511 2798 611 2842 quod
630 2797 755 2841 tangit
773 2795 835 2831 hic
855 2796 1025 2841 nirgilius
1049 2797 1079 2830 T
1098 2798 1109 2842 ΙΙ
1131 2800 1173 2830 13
1196 2796 1474 2832 claricationem
1495 2807 1542 2831 as
1560 2798 1573 2841 ΙΙ
1594 2800 1637 2830 14
1656 2796 1828 2832 foetiales
1843 2796 1880 2830 A
1911 2795 2024 2830 fecia—

319 2847 373 2881 les
396 2846 488 2880 LM
525 2844 660 2880 fatales
682 2844 723 2879 F
738 2846 750 2889 ΙΙ
768 2844 941 2879 inducere
968 2844 1047 2888 (sie)
1075 2855 1161 2878 nam
1186 2845 1330 2878 ueteres
1357 2871 1364 2878 .
1386 2872 1393 2879 .
1415 2872 1421 2879 .
1451 2844 1626 2879 dicebant
1651 2843 1715 2878 sed
1741 2854 1853 2878 ancus
1879 2854 2025 2878 marcus

319 2905 346 2928 e.
367 2905 399 2938 q.
418 2904 447 2928 s.
467 2893 507 2926 F
535 2893 547 2938 ΙΙ
583 2904 728 2927 marcus
753 2891 867 2926 MFs
904 2901 1057 2926 mancus
1089 2892 1220 2936 reliqui
1250 2893 1261 2938 ΙΙ
1302 2895 1343 2926 16
1370 2891 1486 2927 creari
1514 2892 1602 2926 Ms:
1634 2890 1793 2926 recreari
1817 2889 2029 2925 ASRLH

320 2940 506 2985 procreari
525 2939 566 2974 F
582 2941 594 2985 ΙΙ
616 2943 658 2975 18
684 2938 794 2974 libias
816 2938 856 2973 F
871 2940 883 2983 ΙΙ
904 2942 947 2973 19
974 2949 1057 2973 nam
1080 2966 1088 2973 .
1106 2966 1134 2973 ..
1156 2940 1294 2984 populo
1314 2939 1483 2973 Romano
1509 2949 1575 2973 om.
1594 2938 1634 2972 F
1648 2938 1661 2982 ΙΙ
1679 2941 1725 2972 20
1751 2949 1834 2972 cum
1859 2948 1924 2973 om.
1941 2937 2030 2971 LH

321 2988 420 3033 (add.
449 2988 474 3032 l)
506 2988 518 3033 ΙΙ
550 2986 589 3020 id
614 2989 672 3022 est
700 3013 706 3020 .
729 3015 736 3022 .
759 3016 766 3023 .
793 2986 1005 3021 foederibus
1030 2996 1095 3021 om.
1123 2986 1163 3019 F
1191 2987 1202 3032 ΙΙ
1234 2990 1276 3021 21
1305 2986 1420 3021 etiam
1446 2996 1511 3020 om.
1539 2985 1579 3019 F
1604 2986 1618 3030 ΙΙ
1648 2988 1692 3019 22
1717 2983 1930 3019 nolentibus
1956 3012 1965 3020 .
1986 3011 1994 3018 .
2016 3011 2024 3018 .

320 3035 467 3070 tradere
498 3045 564 3069 om.
592 3034 631 3068 F
665 3035 676 3079 ΙΙ
714 3038 758 3081 23
785 3034 933 3069 hastam
959 3060 967 3068 .
987 3059 994 3067 .
1020 3061 1028 3069 .
1055 3032 1195 3068 licebat
1219 3044 1286 3069 om.
1313 3033 1443 3067 RLH
1463 3033 1561 3075 (adel.
1588 3033 1614 3076 l)
1650 3033 1663 3078 ΙΙ
1699 3032 1812 3078 quae]
1847 3043 1920 3076 quo
1946 3031 1986 3066 F
2014 3032 2024 3078 Η

321 3086 366 3117 24
393 3082 445 3117 sic
470 3093 535 3118 om.
565 3081 605 3116 F
621 3083 632 3127 ΙΙ
663 3085 707 3116 25
733 3082 798 3116 aut
824 3093 846 3116 a
871 3081 973 3116 clara
997 3090 1089 3115 uoce
1117 3080 1239 3115 dictae
1265 3081 1345 3125 (sic)
1371 3082 1428 3115 est
1453 3080 1507 3123 F,
1533 3090 1608 3124 qua
1634 3107 1641 3114 .
1664 3106 1670 3114 .
1694 3106 1701 3113 .
1727 3080 1898 3124 patratus
1923 3079 2024 3114 omit-

321 3135 398 3165 tens
416 3131 429 3176 ΙΙ
447 3133 493 3164 26
518 3141 665 3163 axsxnpw
691 3129 740 3164 Sl
771 3140 882 3163 ΚΑεΡο
900 3127 937 3163 R
970 3140 1093 3162 ΚΛΗΡω
1114 3127 1148 3161 L
1173 3128 1323 3173 akahpu
1342 3128 1387 3162 H
1407 3138 1549 3161 amara.
1570 3127 1618 3160 M
1654 3126 1767 3161 adero
1789 3126 1838 3169 F,
1863 3127 2025 3162 radendo

321 3178 436 3212 deleta
460 3180 547 3212 sunt
571 3177 612 3211 in
635 3177 682 3211 A.
709 3173 785 3211 ἀπὸ
812 3177 878 3211 τοῦ
904 3173 1042 3219 κλήρου
1067 3176 1180 3219 vulqfl
1193 3177 1205 3220 ΙΙ
1224 3178 1363 3211 sortem
1382 3174 1515 3209 ALH
1535 3175 1647 3219 (sorte
1667 3174 1724 3218 al)
1743 3174 1755 3220 ΙΙ
1774 3178 1819 3209 27
1845 3185 2024 3209 xAnrono-

321 3237 396 3260 nor
421 3224 461 3259 F
496 3224 729 3265 cleronomoe
754 3224 888 3269 reliqui
910 3224 923 3270 ΙΙ
954 3225 999 3258 28
1026 3222 1124 3257 bona
1148 3222 1328 3268 defuncti]
1357 3221 1584 3257 hereditates
1608 3220 1649 3255 F
