2124 3600
274 595 294 626 5

251 1031 294 1063 10

252 1390 294 1422 15

249 1749 294 1781 20

250 2107 295 2138 25

249 2465 294 2496 30

322 269 380 310 46
1098 270 1263 307 SERVII

323 379 433 420 alios
471 379 716 435 transferri,
757 382 806 422 ut
839 379 984 435 <315>
1016 379 1194 422 navita
1233 379 1319 421 sed
1357 379 1552 435 tristis;
1593 394 1668 434 per
1702 380 1812 423 alios
1843 381 2036 436 purgari,

322 453 370 491 ut
402 450 548 505 <740>
581 450 716 492 aliae
754 451 1051 505 panduntur
1087 450 1268 492 inanes
1308 465 1590 505 suspensae
1628 451 1688 492 ad
1720 453 1922 506 ventos,
1958 466 2036 507 per

322 521 433 563 alios
465 536 565 564 vero
599 522 652 564 ad
684 537 853 564 summa
889 521 1098 576 revocari,
1140 524 1189 563 ut
1221 521 1366 576 (749)
1398 521 1679 564 Lethaeum
1717 522 1778 565 ad
1814 522 2035 565 fluvium

322 592 442 634 deus
487 595 668 635 evocat
713 594 915 650 agmine
959 607 1157 649 magno.
1220 593 1359 635 sciens
1401 606 1504 648 ergo
1546 593 1595 635 de
1636 593 1811 636 deorum
1850 593 2035 648 imperio

323 664 466 707 varias
492 678 586 707 esse
612 665 855 721 opiniones,
881 663 1215 720 prudentissime
1240 664 1381 706 tenuit
1407 665 1747 720 generalitatem.
1796 679 1846 706 ex
1871 665 2035 707 maiore

322 738 467 778 autem
498 738 621 791 parte
656 735 870 791 Sironem,
909 736 952 778 id
986 737 1053 778 est
1084 735 1345 791 magistrum
1377 751 1502 778 suum
1535 735 1798 791 Epicureum
1830 735 2034 791 sequitur.

319 806 448 849 huius
490 809 635 850 autem
677 810 819 850 sectae
859 807 1054 850 homines
1095 807 1294 849 novimus
1337 807 1608 862 superficiem
1650 822 1795 849 rerum
1834 809 2035 862 tractare,

318 870 571 934 numquam*
589 879 747 921 altiora
778 878 1027 935 disquirere.
1150 890 1433 929 VMBRAEQVE
1465 890 1690 921 SILENTES
1731 880 1896 921 secreta
1926 877 2035 920 infe-

320 965 468 992 rorum
501 965 670 1005 semper
702 950 894 993 silentia:
925 965 1028 993 nam
1059 950 1286 992 hominum
1318 951 1497 992 umbrae
1530 950 1776 1006 loquuntur.
1834 949 1937 992 hinc
1968 951 2036 992 est

321 1036 446 1077 quae
490 1036 636 1064 sacra
680 1022 896 1064 silentia
936 1023 1140 1064 norunt.
1202 1022 1375 1064 invocat
1416 1024 1561 1064 autem
1604 1036 1818 1063 summum
1859 1021 2034 1076 bonum,

321 1092 435 1146 quod
465 1093 512 1134 in
545 1093 719 1135 silentio
752 1095 952 1135 constare
983 1092 1264 1135 manifestum
1297 1095 1372 1134 est.

439 1164 538 1206 265.
587 1164 649 1206 ΕΤ
683 1176 833 1207 CHAOS
876 1165 1188 1207 elementorum
1226 1164 1434 1206 confusio.
1495 1165 1670 1207 invocat
1708 1166 1851 1206 autem
1889 1178 2033 1206 rerum

319 1236 574 1291 primordia,
618 1251 728 1292 quae
767 1236 809 1278 in
850 1236 1161 1279 elementorum
1198 1235 1374 1277 fuerunt
1412 1235 1674 1278 confusione.
1735 1250 1813 1291 per
1848 1234 2033 1290 Phlege-

319 1307 492 1363 thonta,
517 1307 753 1351 inferorum
781 1308 978 1364 fluvium,
1004 1308 1150 1364 ignem
1176 1307 1413 1363 significat:
1445 1323 1546 1350 nam
1569 1304 1681 1363 φλὸξ
1707 1322 1871 1363 graece,
1897 1307 2033 1349 latine

321 1379 437 1434 ignis
466 1381 549 1435 est3
582 1379 694 1421 unde
721 1379 952 1423 secundum
979 1379 1248 1421 Heraclitum
1276 1382 1426 1421 cuncta
1453 1381 1745 1434 procreantur.
1793 1381 1837 1420 et
1861 1393 1906 1420 re
1932 1393 2034 1421 vera

321 1450 416 1493 sine
453 1450 595 1492 calore
632 1450 742 1493 nihil
780 1451 991 1506 nascitur,
1037 1451 1142 1492 adeo
1185 1451 1235 1492 ut
1279 1450 1329 1492 de
1368 1450 1661 1506 septentrione
1699 1450 1816 1492 dicat
1858 1448 2034 1492 sterili

319 1537 418 1564 non
458 1522 731 1577 quicquam
770 1523 971 1578 frigore
1010 1522 1194 1578 gignit.
1314 1515 1438 1564 LOCA
1468 1533 1623 1564 NOCTE
1658 1532 1877 1564 s1LEN'r1A
1908 1533 2032 1562 LATE

320 1595 395 1636 aut
420 1594 503 1637 hoc
529 1596 596 1636 est
621 1594 734 1649 quod
761 1609 891 1649 supra
917 1594 979 1636 ait
1005 1593 1289 1649 eumbraeque
1316 1592 1531 1648 silentes',
1563 1596 1639 1636 aut
1665 1594 1760 1636 vult
1793 1592 2032 1648 ostendere,

320 1680 413 1708 esse
454 1667 622 1721 partem
664 1665 832 1721 mundi,
876 1665 923 1706 in
964 1679 1048 1720 qua
1088 1666 1322 1720 perpetuae
1365 1667 1466 1706 sunt
1505 1665 1718 1707 tenebrae.
1782 1679 1878 1706 cum
1918 1664 2031 1706 enim

320 1737 552 1792 probatum
592 1737 650 1778 sit
688 1736 802 1791 quod
839 1736 1025 1792 legimus
1072 1738 1120 1778 et
1163 1735 1373 1778 minima
1417 1737 1690 1778 contentos
1728 1738 1879 1778 nocte
1917 1735 2031 1777 Bri-

319 1811 406 1850 tan
418 1822 528 1863 nos,
573 1808 782 1862 sphaerae
824 1808 958 1863 exigit
998 1806 1129 1862 ratio,
1174 1809 1222 1848 ut
1260 1822 1282 1849 e
1321 1807 1536 1850 contrario
1577 1807 1635 1849 sit
1671 1807 1791 1862 regio
1830 1807 2031 1850 noctibus

319 1894 492 1923 vacans.

439 1951 538 1994 266.
589 1962 659 1993 srr
698 1963 802 1992 Mun
840 1962 925 1993 FAs
958 1962 1136 1993 AVDITA
1174 1961 1319 2000 LOQVI
1357 1950 1408 1992 de
1447 1951 1537 1993 alta
1574 1951 1766 1993 dicturus
1804 1949 2034 2007 prudentia

320 2023 473 2065 miscet
515 2022 732 2078 poeticam
777 2022 1010 2065 licentiam.
1132 2032 1202 2063 sm*
1247 2033 1428 2063 NVMINE
1470 2028 1653 2064 VESTRO
1704 2022 1963 2064 concedatur
2006 2036 2032 2064 a

322 2097 468 2137 vestro
499 2094 687 2136 numine.

439 2166 537 2209 267.
586 2177 711 2208 ALTA
743 2176 899 2207 TERRA
929 2176 990 2207 ET
1024 2176 1243 2206 OALIGINE
1276 2175 1456 2206 MERSAs
1489 2164 1597 2206 bene
1628 2163 1786 2207 iunxit:
1818 2179 1869 2206 ex
1900 2165 2029 2207 terris

321 2237 437 2280 enim
469 2237 611 2292 caligo
643 2239 912 2292 procreatur,
943 2236 987 2278 id
1019 2238 1085 2278 est
1116 2236 1281 2278 umbra.

423 2308 538 2351 ⁶268.
588 2319 786 2351 OBSCVRI
812 2319 931 2350 SOLA
957 2319 1042 2350 SVB
1068 2317 1224 2349 NOCTE
1257 2308 1332 2349 aut
1362 2306 1596 2361 hypallage
1626 2309 1692 2349 est
1723 2306 1818 2349 ‘sub
1845 2308 2030 2350 obscura

319 2382 448 2422 nocte.
479 2379 560 2422 soli
592 2379 756 2422 ibant':
796 2382 871 2421 aut
903 2378 1005 2421 ‘sub
1039 2378 1134 2420 sola
1164 2376 1326 2433 nocte',
1363 2377 1407 2419 id
1447 2379 1513 2419 est
1550 2378 1624 2420 ubi
1659 2378 1768 2420 nihil
1806 2378 1925 2420 aliud
1963 2380 2030 2420 est

319 2453 492 2506 praeter
523 2453 706 2493 noctem.

438 2522 537 2564 269.
593 2533 752 2564 DOMOS
796 2531 974 2563 vAchs
1023 2521 1162 2563 nostri
1211 2520 1360 2562 mundi
1404 2520 1746 2575 comparatione:
1799 2521 2029 2564 simulacra

321 2593 435 2635 enim
465 2593 556 2634 illic
588 2596 704 2649 sunt,
736 2608 845 2649 quae
876 2593 1024 2635 inania
1056 2607 1149 2635 esse
1181 2607 1269 2634 non
1301 2591 1477 2634 dubium
1505 2594 1583 2633 cst.
1675 2604 1842 2634 INANIA
1867 2603 2027 2634 REGNA

319 2664 529 2706 inanium:
562 2680 639 2720 per
670 2665 782 2720 quod
815 2664 1057 2707 ostenditur
1087 2679 1284 2707 vacuum.

345 2816 368 2851 d
393 2773 468 2851 ῘΙ161
488 2769 622 2815 sterili]
661 2770 749 2806 Luc.
775 2770 826 2805 IV
854 2774 921 2805 108
958 2771 970 2816 ΙΙ
1013 2773 1059 2805 20
1085 2770 1123 2804 et
1147 2767 1318 2814 minima]
1357 2766 1433 2803 Iuv.
1462 2769 1529 2804 sat.
1557 2768 1592 2802 II
1621 2771 1699 2803 161.
1737 2767 1783 2802 cf.
1811 2767 1926 2803 schol.
1952 2769 2026 2804 vet.

320 2827 343 2852 a
423 2843 430 2850 .
473 2843 481 2851 .

369 2920 374 2923 “
417 2915 437 2946 3
462 2910 653 2947 loetheum
678 2911 716 2947 R
752 2912 919 2948 letheum
945 2911 990 2946 H
1021 2911 1212 2946 laetheum
1237 2910 1333 2945 AM
1355 2910 1366 2956 ΙΙ
1397 2913 1420 2944 4
1445 2910 1549 2956 ergo]
1579 2909 1679 2945 enim
1708 2910 1757 2944 M
1785 2911 1796 2956 ΙΙ
1828 2913 1849 2945 8
1874 2907 2026 2945 inferio-

319 2970 401 2994 rum
426 2958 463 2994 R
482 2960 492 3004 ΙΙ
512 2963 533 2993 9
559 2960 733 2995 locuntur
755 2960 791 2994 A
810 2961 821 3005 ΙΙ
841 2963 886 2994 10
912 2963 1024 3004 quae]
1050 2968 1159 3003 quem
1179 2958 1252 2992 AS
1270 2959 1281 3003 11
1303 2961 1345 2992 12
1372 2957 1640 2993 elementorum
1665 2962 1723 2992 est
1748 2956 1914 2993 c'onfusio
1942 2957 1992 2991 M
2013 2956 2026 3003 ΙΙ

319 3017 442 3042 rerum
467 3017 533 3042 om.
560 3006 606 3041 H
632 3009 644 3053 Η
684 3011 727 3042 13
753 3006 902 3042 fuerant
928 3007 978 3041 M
1001 3007 1013 3052 ΙΙ
1042 3017 1109 3051 per
1133 3004 1426 3050 Phlegethonta]
1454 3006 1492 3040 et
1516 3005 1678 3050 flegeton
1702 3015 1769 3050 per
1792 3002 2025 3048 flegethonta

321 3054 372 3089 M
387 3054 399 3100 ΙΙ
428 3056 471 3089 14
495 3053 569 3088 flox
594 3055 681 3089 libri
699 3056 710 3100 ΙΙ
738 3059 781 3090 16
807 3053 927 3090 steliri
952 3054 997 3089 H
1010 3054 1022 3099 ΙΙ
1047 3057 1092 3088 20
1118 3052 1172 3098 et]
1199 3063 1243 3086 ac
1268 3052 1459 3087 Iuvenalis
1484 3053 1571 3087 libri
1589 3053 1600 3098 ΙΙ
1620 3052 1816 3086 contentus
1841 3049 1886 3085 H
1900 3051 1911 3096 11
1930 3049 2026 3086 brit-

319 3100 434 3137 taniis
458 3100 496 3137 R
533 3101 742 3137 brittannos
767 3103 803 3137 A
841 3101 1033 3137 britannus
1059 3099 1106 3135 H
1131 3101 1143 3145 ss
1173 3102 1218 3134 21
1245 3110 1373 3143 sperae
1399 3099 1495 3134 ΕΜ
1528 3109 1634 3143 spere
1661 3099 1706 3133 H
1728 3099 1740 3144 ΙΙ
1772 3108 1791 3133 6
1817 3097 2025 3134 contrarius

320 3148 366 3183 H
380 3150 455 3195 1127
481 3148 640 3230 umbra}3
657 3148 846 3184 obscurior
872 3150 955 3185 add.
978 3149 1027 3184 Μ
1042 3149 1055 3195 ΙΙ
1074 3150 1118 3183 28
1143 3145 1318 3191 ypallage
1345 3145 1478 3180 RAH
1483 3146 1533 3180 M
1548 3147 1560 3191 Η
1579 3149 1623 3198 29
1649 3145 1752 3180 aliud
1778 3146 1835 3180 est
1859 3144 2024 3192 praeter]

320 3196 397 3232 alifi
422 3196 468 3231 de
492 3196 580 3242 pre?
670 3196 681 3242 ΙΙ
713 3200 756 3230 32
783 3207 877 3240 quae
903 3198 989 3232 sunt
1016 3196 1065 3231 M
1086 3196 1098 3242 ΙΙ
1126 3193 1279 3229 dubium
1304 3193 1378 3239 est]
1413 3192 1508 3228 ‘sola
1531 3193 1619 3227 nox’
1654 3193 1711 3228 est
1742 3192 1803 3227 cui
1833 3191 1938 3228 nulla
1961 3192 2025 3228 lux

321 3243 488 3280 succedit
512 3244 597 3281 add.
618 3243 822 3279 Masvicius
847 3244 858 3290 ΙΙ
887 3248 930 3279 33
957 3243 1150 3288 inaniumq
1174 3241 1220 3276 H
1233 3242 1245 3287 ΙΙ
1264 3239 1472 3276 ostenditur
1496 3251 1657 3276 uacuum
1682 3239 1806 3276 ASH
1811 3240 1861 3275 M
1866 3254 1874 3276 :
1902 3240 2024 3276 osten-
