<?xml version="1.0" encoding="UTF-8"?>
<!DOCTYPE html PUBLIC "-//W3C//DTD XHTML 1.0 Transitional//EN"
    "http://www.w3.org/TR/xhtml1/DTD/xhtml1-transitional.dtd">
<html xmlns="http://www.w3.org/1999/xhtml" xml:lang="en" lang="en">
 <head>
  <title>
</title>
<meta http-equiv="Content-Type" content="text/html;charset=utf-8" />
  <meta name='ocr-system' content='tesseract 3.04.00' />
  <meta name='ocr-capabilities' content='ocr_page ocr_carea ocr_par ocr_line ocrx_word'/>
</head>
<body>
  <div class='ocr_page' id='page_1' title='image "./invergiliicarmin02servuoft_0600.png"; bbox 0 0 2092 3614; ppageno 0'>
   <div class='ocr_carea' id='block_1_1' title="bbox 215 233 1225 292">
    <p class='ocr_par' dir='ltr' id='par_1_1' title="bbox 215 233 1225 292">
     <span class='ocr_line' id='line_1_1' title="bbox 215 233 1225 292; baseline -0.01 -13"><span class='ocrx_word' id='word_1_1' title='bbox 215 288 220 292; x_wconf 26' lang='lat'><strong>⁴</strong></span> <span class='ocrx_word' id='word_1_2' title='bbox 289 234 376 278; x_wconf 86' lang='lat'><strong>586</strong></span> <span class='ocrx_word' id='word_1_3' title='bbox 1063 233 1225 271; x_wconf 68' lang='lat' dir='ltr'><strong>ssnvn</strong></span> 
     </span>
    </p>
   </div>
   <div class='ocr_carea' id='block_1_2' title="bbox 225 343 2020 2476">
    <p class='ocr_par' dir='ltr' id='par_1_2' title="bbox 291 343 1995 615">
     <span class='ocr_line' id='line_1_2' title="bbox 410 343 1993 401; baseline 0.001 -14"><span class='ocrx_word' id='word_1_4' title='bbox 410 343 507 388; x_wconf 85' lang='lat'>107.</span> <span class='ocrx_word' id='word_1_5' title='bbox 558 355 734 388; x_wconf 79' lang='lat' dir='ltr'>SAEVVS</span> <span class='ocrx_word' id='word_1_6' title='bbox 773 344 916 386; x_wconf 86' lang='lat' dir='ltr'><strong>fortis:</strong></span> <span class='ocrx_word' id='word_1_7' title='bbox 957 359 1074 387; x_wconf 85' lang='lat' dir='ltr'><strong>more</strong></span> <span class='ocrx_word' id='word_1_8' title='bbox 1107 350 1204 400; x_wconf 78' lang='lat' dir='ltr'><strong>s‘uo;</strong></span> <span class='ocrx_word' id='word_1_9' title='bbox 1241 344 1302 386; x_wconf 82' lang='lat' dir='ltr'><strong>vel</strong></span> <span class='ocrx_word' id='word_1_10' title='bbox 1332 358 1518 400; x_wconf 72' lang='lat' dir='ltr'><strong>maynns.</strong></span> <span class='ocrx_word' id='word_1_11' title='bbox 1580 347 1624 386; x_wconf 89' lang='lat' dir='ltr'><strong>et</strong></span> <span class='ocrx_word' id='word_1_12' title='bbox 1652 345 1872 401; x_wconf 84' lang='lat' dir='ltr'><strong>ingentem</strong></span> <span class='ocrx_word' id='word_1_13' title='bbox 1905 360 1993 388; x_wconf 90' lang='lat' dir='ltr'><strong>mo-</strong></span> 
     </span>
     <span class='ocr_line' id='line_1_3' title="bbox 291 410 1995 472; baseline 0 -13"><span class='ocrx_word' id='word_1_14' title='bbox 291 417 559 460; x_wconf 78' lang='lat' dir='ltr'><strong>derationem</strong></span> <span class='ocrx_word' id='word_1_15' title='bbox 593 410 668 459; x_wconf 88' lang='lat' dir='ltr'><strong>dat</strong></span> <span class='ocrx_word' id='word_1_16' title='bbox 699 415 884 471; x_wconf 83' lang='lat' dir='ltr'><strong>Aeneae,</strong></span> <span class='ocrx_word' id='word_1_17' title='bbox 919 415 1076 471; x_wconf 85' lang='lat' dir='ltr'>quippe</span> <span class='ocrx_word' id='word_1_18' title='bbox 1109 430 1236 471; x_wconf 89' lang='lat' dir='ltr'><strong>quem</strong></span> <span class='ocrx_word' id='word_1_19' title='bbox 1268 415 1433 458; x_wconf 91' lang='lat' dir='ltr'><strong>inducit</strong></span> <span class='ocrx_word' id='word_1_20' title='bbox 1463 416 1746 472; x_wconf 75' lang='lat' dir='ltr'><strong>laborantem,</strong></span> <span class='ocrx_word' id='word_1_21' title='bbox 1777 418 1826 459; x_wconf 92' lang='lat' dir='ltr'><strong>ut</strong></span> <span class='ocrx_word' id='word_1_22' title='bbox 1856 417 1995 472; x_wconf 88' lang='lat' dir='ltr'><strong>possit</strong></span> 
     </span>
     <span class='ocr_line' id='line_1_4' title="bbox 291 487 1994 543; baseline 0.001 -13"><span class='ocrx_word' id='word_1_23' title='bbox 291 489 338 530; x_wconf 91' lang='lat' dir='ltr'><strong>in</strong></span> <span class='ocrx_word' id='word_1_24' title='bbox 376 489 486 530; x_wconf 90' lang='lat' dir='ltr'><strong>iram</strong></span> <span class='ocrx_word' id='word_1_25' title='bbox 526 487 708 543; x_wconf 74' lang='lat' dir='ltr'><strong>moveri,</strong></span> <span class='ocrx_word' id='word_1_26' title='bbox 747 502 843 530; x_wconf 89' lang='lat' dir='ltr'><strong>cum</strong></span> <span class='ocrx_word' id='word_1_27' title='bbox 875 487 1069 531; x_wconf 86' lang='lat' dir='ltr'><strong>Turnum</strong></span> <span class='ocrx_word' id='word_1_28' title='bbox 1099 488 1163 530; x_wconf 89' lang='lat' dir='ltr'><strong>ita</strong></span> <span class='ocrx_word' id='word_1_29' title='bbox 1195 487 1310 530; x_wconf 89' lang='lat' dir='ltr'><strong>dicat</strong></span> <span class='ocrx_word' id='word_1_30' title='bbox 1340 487 1499 543; x_wconf 84' lang='lat' dir='ltr'><strong>furere,</strong></span> <span class='ocrx_word' id='word_1_31' title='bbox 1536 490 1585 530; x_wconf 91' lang='lat' dir='ltr'><strong>ut</strong></span> <span class='ocrx_word' id='word_1_32' title='bbox 1614 502 1692 530; x_wconf 89' lang='lat' dir='ltr'><strong>nec</strong></span> <span class='ocrx_word' id='word_1_33' title='bbox 1723 487 1868 531; x_wconf 84' lang='lat' dir='ltr'><strong>Latini</strong></span> <span class='ocrx_word' id='word_1_34' title='bbox 1898 503 1994 531; x_wconf 90' lang='lat' dir='ltr'><strong>con-</strong></span> 
     </span>
     <span class='ocr_line' id='line_1_5' title="bbox 292 558 1390 615; baseline -0.002 -13"><span class='ocrx_word' id='word_1_35' title='bbox 292 560 413 615; x_wconf 85' lang='lat' dir='ltr'><strong>siliis,</strong></span> <span class='ocrx_word' id='word_1_36' title='bbox 445 573 524 601; x_wconf 87' lang='lat' dir='ltr'><strong>nec</strong></span> <span class='ocrx_word' id='word_1_37' title='bbox 557 559 740 602; x_wconf 82' lang='lat' dir='ltr'><strong>Amatae</strong></span> <span class='ocrx_word' id='word_1_38' title='bbox 773 560 970 615; x_wconf 90' lang='lat' dir='ltr'><strong>precibus</strong></span> <span class='ocrx_word' id='word_1_39' title='bbox 1003 560 1142 615; x_wconf 88' lang='lat' dir='ltr'><strong>possit</strong></span> <span class='ocrx_word' id='word_1_40' title='bbox 1174 558 1390 601; x_wconf 89' lang='lat' dir='ltr'><strong>oboedire.</strong></span> 
     </span>
    </p>

    <p class='ocr_par' dir='ltr' id='par_1_3' title="bbox 246 630 1730 675">
     <span class='ocr_line' id='line_1_6' title="bbox 246 630 1730 675; baseline 0.001 -4"><span class='ocrx_word' id='word_1_41' title='bbox 246 640 266 671; x_wconf 86' lang='lat'>5</span> <span class='ocrx_word' id='word_1_42' title='bbox 414 631 511 674; x_wconf 88' lang='lat'>108.</span> <span class='ocrx_word' id='word_1_43' title='bbox 559 640 698 675; x_wconf 72' lang='lat' dir='ltr'><strong>AGVIT</strong></span> <span class='ocrx_word' id='word_1_44' title='bbox 730 643 928 674; x_wconf 84' lang='lat' dir='ltr'><strong>MARTEM</strong></span> <span class='ocrx_word' id='word_1_45' title='bbox 958 631 1110 673; x_wconf 85' lang='lat' dir='ltr'><strong>inritat</strong></span> <span class='ocrx_word' id='word_1_46' title='bbox 1141 646 1185 673; x_wconf 92' lang='lat' dir='ltr'><strong>se</strong></span> <span class='ocrx_word' id='word_1_47' title='bbox 1219 631 1272 672; x_wconf 86' lang='lat' dir='ltr'><strong>ad</strong></span> <span class='ocrx_word' id='word_1_48' title='bbox 1303 630 1448 672; x_wconf 86' lang='lat' dir='ltr'><strong>futura</strong></span> <span class='ocrx_word' id='word_1_49' title='bbox 1480 631 1730 674; x_wconf 85' lang='lat' dir='ltr'><strong>certamina.</strong></span> 
     </span>
    </p>

    <p class='ocr_par' dir='ltr' id='par_1_4' title="bbox 293 701 1999 980">
     <span class='ocr_line' id='line_1_7' title="bbox 415 701 1995 757; baseline 0 -12"><span class='ocrx_word' id='word_1_50' title='bbox 415 702 510 746; x_wconf 87' lang='lat'>109.</span> <span class='ocrx_word' id='word_1_51' title='bbox 559 714 765 747; x_wconf 70' lang='lat' dir='ltr'><strong>comrom</strong></span> <span class='ocrx_word' id='word_1_52' title='bbox 795 715 1014 746; x_wconf 81' lang='lat' dir='ltr'><strong>FOEDERE</strong></span> <span class='ocrx_word' id='word_1_53' title='bbox 1047 714 1238 745; x_wconf 86' lang='lat' dir='ltr'><strong>BELLVM</strong></span> <span class='ocrx_word' id='word_1_54' title='bbox 1272 702 1399 757; x_wconf 80' lang='lat' dir='ltr'><strong>finiri,</strong></span> <span class='ocrx_word' id='word_1_55' title='bbox 1431 704 1480 743; x_wconf 87' lang='lat' dir='ltr'><strong>ut</strong></span> <span class='ocrx_word' id='word_1_56' title='bbox 1504 701 1553 756; x_wconf 89' lang='lat'>&lt;1</span> <span class='ocrx_word' id='word_1_57' title='bbox 1574 702 1689 757; x_wconf 84' lang='lat'>374&gt;</span> <span class='ocrx_word' id='word_1_58' title='bbox 1717 705 1832 745; x_wconf 85' lang='lat' dir='ltr'><strong>ante</strong></span> <span class='ocrx_word' id='word_1_59' title='bbox 1864 703 1995 745; x_wconf 86' lang='lat' dir='ltr'><strong>diem</strong></span> 
     </span>
     <span class='ocr_line' id='line_1_8' title="bbox 293 772 1997 830; baseline 0 -13"><span class='ocrx_word' id='word_1_60' title='bbox 293 775 469 818; x_wconf 87' lang='lat' dir='ltr'><strong>clauso</strong></span> <span class='ocrx_word' id='word_1_61' title='bbox 501 777 772 830; x_wconf 76' lang='lat' dir='ltr'><strong>componet</strong></span> <span class='ocrx_word' id='word_1_62' title='bbox 796 788 986 829; x_wconf 84' lang='lat' dir='ltr'><strong>-vesper</strong></span> <span class='ocrx_word' id='word_1_63' title='bbox 1018 773 1252 829; x_wconf 88' lang='lat' dir='ltr'><strong>Olympo:</strong></span> <span class='ocrx_word' id='word_1_64' title='bbox 1291 777 1366 815; x_wconf 84' lang='lat' dir='ltr'><strong>ant</strong></span> <span class='ocrx_word' id='word_1_65' title='bbox 1396 772 1596 827; x_wconf 77' lang='lat' dir='ltr'><strong>‘componi</strong></span> <span class='ocrx_word' id='word_1_66' title='bbox 1627 772 1787 816; x_wconf 79' lang='lat' dir='ltr'><strong>bellum&#39;</strong></span> <span class='ocrx_word' id='word_1_67' title='bbox 1819 775 1877 816; x_wconf 89' lang='lat' dir='ltr'><strong>ad</strong></span> <span class='ocrx_word' id='word_1_68' title='bbox 1897 788 1997 828; x_wconf 84' lang='lat' dir='ltr'><strong>pae-</strong></span> 
     </span>
     <span class='ocr_line' id='line_1_9' title="bbox 293 843 1999 900; baseline -0.001 -11"><span class='ocrx_word' id='word_1_69' title='bbox 293 847 443 888; x_wconf 84' lang='lat' dir='ltr'><strong>tionem</strong></span> <span class='ocrx_word' id='word_1_70' title='bbox 472 847 700 900; x_wconf 73' lang='lat' dir='ltr'><strong>sinyularis</strong></span> <span class='ocrx_word' id='word_1_71' title='bbox 731 846 967 888; x_wconf 75' lang='lat' dir='ltr'><strong>certaminis</strong></span> <span class='ocrx_word' id='word_1_72' title='bbox 998 845 1145 888; x_wconf 75' lang='lat' dir='ltr'><strong>bellum</strong></span> <span class='ocrx_word' id='word_1_73' title='bbox 1170 845 1322 887; x_wconf 81' lang='lat' dir='ltr'><strong>deduci.</strong></span> <span class='ocrx_word' id='word_1_74' title='bbox 1367 843 1537 898; x_wconf 75' lang='lat' dir='ltr'><strong>‘foedus&#39;</strong></span> <span class='ocrx_word' id='word_1_75' title='bbox 1564 848 1712 897; x_wconf 76' lang='lat' dir='ltr'><strong>antem,</strong></span> <span class='ocrx_word' id='word_1_76' title='bbox 1743 846 1848 888; x_wconf 80' lang='lat' dir='ltr'><strong>sient</strong></span> <span class='ocrx_word' id='word_1_77' title='bbox 1870 859 1999 898; x_wconf 79' lang='lat' dir='ltr'><strong>snpra</strong></span> 
     </span>
     <span class='ocr_line' id='line_1_10' title="bbox 294 916 1997 980; baseline -0.001 -20"><span class='ocrx_word' id='word_1_78' title='bbox 294 917 343 972; x_wconf 88' lang='lat' dir='ltr'><strong>&lt;I</strong></span> <span class='ocrx_word' id='word_1_79' title='bbox 368 918 437 973; x_wconf 80' lang='lat'><strong>62,</strong></span> <span class='ocrx_word' id='word_1_80' title='bbox 462 916 572 960; x_wconf 92' lang='lat' dir='ltr'><strong>VIII</strong></span> <span class='ocrx_word' id='word_1_81' title='bbox 594 917 715 972; x_wconf 82' lang='lat'>641&gt;</span> <span class='ocrx_word' id='word_1_82' title='bbox 747 918 900 960; x_wconf 79' lang='lat' dir='ltr'><strong>dietum</strong></span> <span class='ocrx_word' id='word_1_83' title='bbox 931 920 1004 972; x_wconf 85' lang='lat' dir='ltr'><strong>est,</strong></span> <span class='ocrx_word' id='word_1_84' title='bbox 1035 917 1086 980; x_wconf 84' lang='lat' dir='ltr'><strong>ab</strong></span> <span class='ocrx_word' id='word_1_85' title='bbox 1117 916 1270 971; x_wconf 79' lang='lat' dir='ltr'><strong>hostia,</strong></span> <span class='ocrx_word' id='word_1_86' title='bbox 1300 930 1403 970; x_wconf 78' lang='lat' dir='ltr'><strong>qnae</strong></span> <span class='ocrx_word' id='word_1_87' title='bbox 1431 917 1544 969; x_wconf 80' lang='lat' dir='ltr'><strong>foede</strong></span> <span class='ocrx_word' id='word_1_88' title='bbox 1573 917 1759 959; x_wconf 72' lang='lat' dir='ltr'><strong>interimi</strong></span> <span class='ocrx_word' id='word_1_89' title='bbox 1787 918 1895 972; x_wconf 85' lang='lat' dir='ltr'><strong>solet,</strong></span> <span class='ocrx_word' id='word_1_90' title='bbox 1926 932 1997 971; x_wconf 88' lang='lat' dir='ltr'><strong>ap-</strong></span> 
     </span>
    </p>

    <p class='ocr_par' dir='ltr' id='par_1_5' title="bbox 225 986 2000 1103">
     <span class='ocr_line' id='line_1_11' title="bbox 225 986 2000 1044; baseline 0.001 -15"><span class='ocrx_word' id='word_1_91' title='bbox 225 997 268 1029; x_wconf 87' lang='lat'>10</span> <span class='ocrx_word' id='word_1_92' title='bbox 286 989 489 1044; x_wconf 79' lang='lat' dir='ltr'><strong>pellatam</strong></span> <span class='ocrx_word' id='word_1_93' title='bbox 526 992 593 1032; x_wconf 88' lang='lat' dir='ltr'><strong>est.</strong></span> <span class='ocrx_word' id='word_1_94' title='bbox 656 987 818 1032; x_wconf 76' lang='lat' dir='ltr'><strong>‘oblato&#39;</strong></span> <span class='ocrx_word' id='word_1_95' title='bbox 858 992 994 1032; x_wconf 84' lang='lat' dir='ltr'><strong>antem</strong></span> <span class='ocrx_word' id='word_1_96' title='bbox 1032 986 1240 1043; x_wconf 71' lang='lat' dir='ltr'><strong>‘yandens&#39;</strong></span> <span class='ocrx_word' id='word_1_97' title='bbox 1273 988 1586 1042; x_wconf 72' lang='lat' dir='ltr'><strong>intelleyendum</strong></span> <span class='ocrx_word' id='word_1_98' title='bbox 1614 989 1807 1030; x_wconf 78' lang='lat' dir='ltr'><strong>nuntium</strong></span> <span class='ocrx_word' id='word_1_99' title='bbox 1839 988 2000 1031; x_wconf 86' lang='lat' dir='ltr'><strong>Aeneae</strong></span> 
     </span>
     <span class='ocr_line' id='line_1_12' title="bbox 293 1061 665 1103; baseline 0 0"><span class='ocrx_word' id='word_1_100' title='bbox 293 1062 448 1103; x_wconf 82' lang='lat' dir='ltr'><strong>venisse</strong></span> <span class='ocrx_word' id='word_1_101' title='bbox 477 1062 525 1103; x_wconf 90' lang='lat' dir='ltr'><strong>de</strong></span> <span class='ocrx_word' id='word_1_102' title='bbox 555 1061 665 1103; x_wconf 82' lang='lat' dir='ltr'><strong>bello.</strong></span> 
     </span>
    </p>

    <p class='ocr_par' dir='ltr' id='par_1_6' title="bbox 295 1131 2002 1330">
     <span class='ocr_line' id='line_1_13' title="bbox 417 1131 1999 1188; baseline -0.001 -14"><span class='ocrx_word' id='word_1_103' title='bbox 417 1132 514 1174; x_wconf 87' lang='lat'>110.</span> <span class='ocrx_word' id='word_1_104' title='bbox 565 1144 664 1175; x_wconf 71' lang='grc' dir='ltr'><strong>’ΝΜ</strong></span> <span class='ocrx_word' id='word_1_105' title='bbox 690 1143 851 1175; x_wconf 81' lang='lat' dir='ltr'><strong>socms</strong></span> <span class='ocrx_word' id='word_1_106' title='bbox 877 1143 1144 1182; x_wconf 81' lang='lat' dir='ltr'><strong>MAESTIQVE</strong></span> <span class='ocrx_word' id='word_1_107' title='bbox 1168 1142 1334 1173; x_wconf 83' lang='lat' dir='ltr'>METVM</span> <span class='ocrx_word' id='word_1_108' title='bbox 1353 1141 1568 1173; x_wconf 71' lang='lat' dir='ltr'><strong>sonA&#39;rvn</strong></span> <span class='ocrx_word' id='word_1_109' title='bbox 1588 1143 1684 1173; x_wconf 86' lang='lat' dir='ltr'>IVLI</span> <span class='ocrx_word' id='word_1_110' title='bbox 1710 1131 1999 1188; x_wconf 71' lang='lat' dir='ltr'><strong>intellegimus</strong></span> 
     </span>
     <span class='ocr_line' id='line_1_14' title="bbox 295 1202 2002 1261; baseline -0.001 -15"><span class='ocrx_word' id='word_1_111' title='bbox 295 1204 376 1246; x_wconf 88' lang='lat' dir='ltr'><strong>hos</strong></span> <span class='ocrx_word' id='word_1_112' title='bbox 415 1218 491 1259; x_wconf 88' lang='lat' dir='ltr'><strong>spe</strong></span> <span class='ocrx_word' id='word_1_113' title='bbox 530 1204 764 1261; x_wconf 88' lang='lat' dir='ltr'><strong>singularis</strong></span> <span class='ocrx_word' id='word_1_114' title='bbox 797 1203 1046 1245; x_wconf 77' lang='lat' dir='ltr'><strong>certaminis</strong></span> <span class='ocrx_word' id='word_1_115' title='bbox 1079 1218 1157 1257; x_wconf 90' lang='lat' dir='ltr'><strong>pro</strong></span> <span class='ocrx_word' id='word_1_116' title='bbox 1191 1202 1309 1244; x_wconf 89' lang='lat' dir='ltr'><strong>ducis</strong></span> <span class='ocrx_word' id='word_1_117' title='bbox 1343 1202 1481 1244; x_wconf 88' lang='lat' dir='ltr'><strong>salute</strong></span> <span class='ocrx_word' id='word_1_118' title='bbox 1515 1217 1607 1244; x_wconf 88' lang='lat' dir='ltr'><strong>esse</strong></span> <span class='ocrx_word' id='word_1_119' title='bbox 1638 1202 1848 1246; x_wconf 88' lang='lat' dir='ltr'><strong>turbatos.</strong></span> <span class='ocrx_word' id='word_1_120' title='bbox 1908 1203 2002 1245; x_wconf 87' lang='lat' dir='ltr'><strong>bene</strong></span> 
     </span>
     <span class='ocr_line' id='line_1_15' title="bbox 295 1273 2002 1330; baseline 0 -13"><span class='ocrx_word' id='word_1_121' title='bbox 295 1278 431 1318; x_wconf 80' lang='lat' dir='ltr'><strong>autem</strong></span> <span class='ocrx_word' id='word_1_122' title='bbox 467 1275 675 1330; x_wconf 82' lang='lat' dir='ltr'><strong>separavit</strong></span> <span class='ocrx_word' id='word_1_123' title='bbox 702 1275 934 1318; x_wconf 79' lang='lat' dir='ltr'><strong>Ascanium</strong></span> <span class='ocrx_word' id='word_1_124' title='bbox 971 1289 998 1316; x_wconf 92' lang='lat' dir='ltr'><strong>a</strong></span> <span class='ocrx_word' id='word_1_125' title='bbox 1029 1275 1169 1317; x_wconf 82' lang='lat' dir='ltr'><strong>sociis:</strong></span> <span class='ocrx_word' id='word_1_126' title='bbox 1207 1275 1254 1316; x_wconf 88' lang='lat' dir='ltr'><strong>de</strong></span> <span class='ocrx_word' id='word_1_127' title='bbox 1290 1274 1376 1316; x_wconf 84' lang='lat' dir='ltr'><strong>illis</strong></span> <span class='ocrx_word' id='word_1_128' title='bbox 1413 1274 1522 1315; x_wconf 87' lang='lat' dir='ltr'><strong>enim</strong></span> <span class='ocrx_word' id='word_1_129' title='bbox 1554 1273 1720 1316; x_wconf 71' lang='lat' dir='ltr'><strong>‘socios&#39;</strong></span> <span class='ocrx_word' id='word_1_130' title='bbox 1759 1275 1882 1326; x_wconf 73' lang='lat' dir='ltr'><strong>dixit,</strong></span> <span class='ocrx_word' id='word_1_131' title='bbox 1919 1288 2002 1317; x_wconf 88' lang='lat' dir='ltr'><strong>non</strong></span> 
     </span>
    </p>

    <p class='ocr_par' dir='ltr' id='par_1_7' title="bbox 227 1345 2004 1404">
     <span class='ocr_line' id='line_1_16' title="bbox 227 1345 2004 1404; baseline 0.001 -18"><span class='ocrx_word' id='word_1_132' title='bbox 227 1355 270 1387; x_wconf 90' lang='lat'><strong>15</strong></span> <span class='ocrx_word' id='word_1_133' title='bbox 296 1348 459 1390; x_wconf 79' lang='lat' dir='ltr'><strong>addidit</strong></span> <span class='ocrx_word' id='word_1_134' title='bbox 494 1346 691 1404; x_wconf 69' lang='lat' dir='ltr'><strong>‘metnm’7</strong></span> <span class='ocrx_word' id='word_1_135' title='bbox 720 1348 820 1401; x_wconf 79' lang='lat' dir='ltr'><strong>qnia</strong></span> <span class='ocrx_word' id='word_1_136' title='bbox 843 1347 1066 1401; x_wconf 79' lang='lat' dir='ltr'><strong>proprium</strong></span> <span class='ocrx_word' id='word_1_137' title='bbox 1096 1349 1185 1388; x_wconf 91' lang='lat' dir='ltr'><strong>erat</strong></span> <span class='ocrx_word' id='word_1_138' title='bbox 1213 1348 1251 1387; x_wconf 89' lang='lat' dir='ltr'><strong>et</strong></span> <span class='ocrx_word' id='word_1_139' title='bbox 1279 1345 1360 1399; x_wconf 71' lang='lat' dir='ltr'><strong>filii</strong></span> <span class='ocrx_word' id='word_1_140' title='bbox 1391 1348 1429 1387; x_wconf 87' lang='lat' dir='ltr'><strong>et</strong></span> <span class='ocrx_word' id='word_1_141' title='bbox 1450 1346 1575 1399; x_wconf 82' lang='lat' dir='ltr'><strong>pueri</strong></span> <span class='ocrx_word' id='word_1_142' title='bbox 1606 1346 1744 1388; x_wconf 88' lang='lat' dir='ltr'><strong>timere</strong></span> <span class='ocrx_word' id='word_1_143' title='bbox 1766 1360 1847 1399; x_wconf 88' lang='lat' dir='ltr'><strong>pro</strong></span> <span class='ocrx_word' id='word_1_144' title='bbox 1870 1349 2004 1400; x_wconf 89' lang='lat' dir='ltr'><strong>patre.</strong></span> 
     </span>
    </p>

    <p class='ocr_par' dir='ltr' id='par_1_8' title="bbox 293 1417 2020 1689">
     <span class='ocr_line' id='line_1_17' title="bbox 419 1417 2007 1471; baseline -0.001 -10"><span class='ocrx_word' id='word_1_145' title='bbox 419 1419 514 1462; x_wconf 88' lang='lat'>111.</span> <span class='ocrx_word' id='word_1_146' title='bbox 563 1435 664 1461; x_wconf 81' lang='lat' dir='ltr'><strong>FATA</strong></span> <span class='ocrx_word' id='word_1_147' title='bbox 695 1435 842 1466; x_wconf 64' lang='lat' dir='ltr'><strong>Doofflvs</strong></span> <span class='ocrx_word' id='word_1_148' title='bbox 879 1431 1047 1460; x_wconf 88' lang='lat' dir='ltr'><strong>monens</strong></span> <span class='ocrx_word' id='word_1_149' title='bbox 1076 1417 1222 1471; x_wconf 77' lang='lat' dir='ltr'><strong>quibus</strong></span> <span class='ocrx_word' id='word_1_150' title='bbox 1253 1417 1460 1459; x_wconf 83' lang='lat' dir='ltr'><strong>condenda</strong></span> <span class='ocrx_word' id='word_1_151' title='bbox 1489 1417 1587 1459; x_wconf 81' lang='lat' dir='ltr'><strong>arbs</strong></span> <span class='ocrx_word' id='word_1_152' title='bbox 1617 1418 1681 1468; x_wconf 81' lang='lat' dir='ltr'><strong>sit,</strong></span> <span class='ocrx_word' id='word_1_153' title='bbox 1711 1421 1875 1471; x_wconf 85' lang='lat' dir='ltr'><strong>propter</strong></span> <span class='ocrx_word' id='word_1_154' title='bbox 1898 1418 2007 1471; x_wconf 81' lang='lat' dir='ltr'><strong>qnod</strong></span> 
     </span>
     <span class='ocr_line' id='line_1_18' title="bbox 293 1475 2020 1546; baseline -0.002 -13"><span class='ocrx_word' id='word_1_155' title='bbox 293 1491 496 1546; x_wconf 75' lang='lat' dir='ltr'><strong>futuram,</strong></span> <span class='ocrx_word' id='word_1_156' title='bbox 527 1493 574 1533; x_wconf 79' lang='lat' dir='ltr'><strong>ut</strong></span> <span class='ocrx_word' id='word_1_157' title='bbox 602 1491 748 1532; x_wconf 80' lang='lat' dir='ltr'><strong>vineat.</strong></span> <span class='ocrx_word' id='word_1_158' title='bbox 869 1501 1045 1532; x_wconf 75' lang='lat' dir='ltr'><strong>LArmo</strong></span> <span class='ocrx_word' id='word_1_159' title='bbox 1079 1501 1231 1532; x_wconf 79' lang='lat' dir='ltr'><strong>CERTA</strong></span> <span class='ocrx_word' id='word_1_160' title='bbox 1262 1500 1477 1530; x_wconf 80' lang='lat' dir='ltr'><strong>REFERRE</strong></span> <span class='ocrx_word' id='word_1_161' title='bbox 1510 1500 1646 1531; x_wconf 81' lang='lat' dir='ltr'><strong>VIROS</strong></span> <span class='ocrx_word' id='word_1_162' title='bbox 1678 1485 1787 1531; x_wconf 80' lang='grc' dir='ltr'><strong><em>κατὰ</em></strong></span> <span class='ocrx_word' id='word_1_163' title='bbox 1817 1486 1866 1531; x_wconf 87' lang='grc' dir='ltr'><strong>τὸ</strong></span> <span class='ocrx_word' id='word_1_164' title='bbox 1901 1475 2020 1531; x_wconf 70' lang='grc' dir='ltr'><em>σιω-’</em></span> 
     </span>
     <span class='ocr_line' id='line_1_19' title="bbox 296 1559 2003 1618; baseline -0.002 -12"><span class='ocrx_word' id='word_1_165' title='bbox 296 1559 504 1618; x_wconf 68' lang='grc' dir='ltr'><strong><em>πιόμενον</em></strong></span> <span class='ocrx_word' id='word_1_166' title='bbox 546 1562 678 1604; x_wconf 89' lang='lat' dir='ltr'><strong>etiam</strong></span> <span class='ocrx_word' id='word_1_167' title='bbox 718 1561 919 1604; x_wconf 83' lang='lat' dir='ltr'><strong>Latinum</strong></span> <span class='ocrx_word' id='word_1_168' title='bbox 963 1561 1018 1604; x_wconf 89' lang='lat' dir='ltr'><strong>ad</strong></span> <span class='ocrx_word' id='word_1_169' title='bbox 1056 1560 1234 1603; x_wconf 85' lang='lat' dir='ltr'><strong>Aenean</strong></span> <span class='ocrx_word' id='word_1_170' title='bbox 1275 1560 1443 1615; x_wconf 83' lang='lat' dir='ltr'><strong>legatos</strong></span> <span class='ocrx_word' id='word_1_171' title='bbox 1486 1559 1654 1603; x_wconf 81' lang='lat' dir='ltr'><strong>misisse</strong></span> <span class='ocrx_word' id='word_1_172' title='bbox 1692 1560 2003 1616; x_wconf 84' lang='lat' dir='ltr'><strong>intellegimus:</strong></span> 
     </span>
     <span class='ocr_line' id='line_1_20' title="bbox 297 1631 2004 1689; baseline -0.001 -12"><span class='ocrx_word' id='word_1_173' title='bbox 297 1650 397 1677; x_wconf 86' lang='lat' dir='ltr'><strong>nam</strong></span> <span class='ocrx_word' id='word_1_174' title='bbox 442 1648 573 1689; x_wconf 87' lang='lat' dir='ltr'><strong>supra</strong></span> <span class='ocrx_word' id='word_1_175' title='bbox 611 1632 725 1688; x_wconf 82' lang='lat'>&lt;75&gt;</span> <span class='ocrx_word' id='word_1_176' title='bbox 768 1632 936 1675; x_wconf 88' lang='lat' dir='ltr'><strong>Turnus</strong></span> <span class='ocrx_word' id='word_1_177' title='bbox 981 1634 1151 1675; x_wconf 88' lang='lat' dir='ltr'><strong>tantum</strong></span> <span class='ocrx_word' id='word_1_178' title='bbox 1197 1631 1362 1673; x_wconf 84' lang='lat' dir='ltr'><strong>dixerat</strong></span> <span class='ocrx_word' id='word_1_179' title='bbox 1403 1631 1619 1673; x_wconf 89' lang='lat' dir='ltr'><strong>nuntius</strong></span> <span class='ocrx_word' id='word_1_180' title='bbox 1665 1631 1788 1674; x_wconf 88' lang='lat' dir='ltr'><strong>haec</strong></span> <span class='ocrx_word' id='word_1_181' title='bbox 1831 1632 2004 1675; x_wconf 82' lang='lat' dir='ltr'><strong>Idmon</strong></span> 
     </span>
    </p>

    <p class='ocr_par' dir='ltr' id='par_1_9' title="bbox 226 1702 2004 1831">
     <span class='ocr_line' id='line_1_21' title="bbox 226 1702 2004 1762; baseline 0.001 -16"><span class='ocrx_word' id='word_1_182' title='bbox 226 1714 273 1747; x_wconf 83' lang='lat'><strong>20</strong></span> <span class='ocrx_word' id='word_1_183' title='bbox 298 1705 526 1762; x_wconf 87' lang='lat' dir='ltr'><strong>Phrygio</strong></span> <span class='ocrx_word' id='word_1_184' title='bbox 564 1719 672 1747; x_wconf 85' lang='lat' dir='ltr'><strong>mea</strong></span> <span class='ocrx_word' id='word_1_185' title='bbox 710 1704 850 1747; x_wconf 88' lang='lat' dir='ltr'><strong>dicta</strong></span> <span class='ocrx_word' id='word_1_186' title='bbox 886 1707 1122 1759; x_wconf 84' lang='lat' dir='ltr'><strong>tyranno.</strong></span> <span class='ocrx_word' id='word_1_187' title='bbox 1184 1702 1321 1745; x_wconf 72' lang='lat' dir='ltr'><strong>‘certa’</strong></span> <span class='ocrx_word' id='word_1_188' title='bbox 1361 1705 1497 1744; x_wconf 80' lang='lat' dir='ltr'><strong>autem</strong></span> <span class='ocrx_word' id='word_1_189' title='bbox 1525 1702 1606 1756; x_wconf 87' lang='lat' dir='ltr'><strong>pro</strong></span> <span class='ocrx_word' id='word_1_190' title='bbox 1645 1702 1784 1757; x_wconf 74' lang='lat' dir='ltr'><strong>‘firma</strong></span> <span class='ocrx_word' id='word_1_191' title='bbox 1815 1707 1853 1746; x_wconf 88' lang='lat' dir='ltr'><strong>et</strong></span> <span class='ocrx_word' id='word_1_192' title='bbox 1881 1703 2004 1747; x_wconf 83' lang='lat' dir='ltr'><strong>vera&#39;.</strong></span> 
     </span>
     <span class='ocr_line' id='line_1_22' title="bbox 298 1771 1811 1831; baseline -0.003 -11"><span class='ocrx_word' id='word_1_193' title='bbox 298 1781 373 1820; x_wconf 82' lang='lat' dir='ltr'><strong>aut</strong></span> <span class='ocrx_word' id='word_1_194' title='bbox 401 1780 503 1829; x_wconf 85' lang='lat' dir='ltr'><strong>certe</strong></span> <span class='ocrx_word' id='word_1_195' title='bbox 532 1776 604 1820; x_wconf 81' lang='lat' dir='ltr'><strong>hos</strong></span> <span class='ocrx_word' id='word_1_196' title='bbox 635 1776 784 1831; x_wconf 71' lang='lat' dir='ltr'><strong>Zeqatos</strong></span> <span class='ocrx_word' id='word_1_197' title='bbox 814 1775 983 1818; x_wconf 87' lang='lat' dir='ltr'><strong>Idmoni</strong></span> <span class='ocrx_word' id='word_1_198' title='bbox 1013 1775 1228 1818; x_wconf 78' lang='lat' dir='ltr'><strong>adiunctos</strong></span> <span class='ocrx_word' id='word_1_199' title='bbox 1251 1777 1383 1829; x_wconf 88' lang='lat' dir='ltr'><strong>potest</strong></span> <span class='ocrx_word' id='word_1_200' title='bbox 1412 1774 1601 1828; x_wconf 70' lang='lat' dir='ltr'><strong>intelleyi.</strong></span> <span class='ocrx_word' id='word_1_201' title='bbox 1810 1771 1811 1774; x_wconf 69' lang='grc'>’</span> 
     </span>
    </p>

    <p class='ocr_par' dir='ltr' id='par_1_10' title="bbox 300 1846 2004 1963">
     <span class='ocr_line' id='line_1_23' title="bbox 420 1846 2004 1901; baseline -0.002 -10"><span class='ocrx_word' id='word_1_202' title='bbox 420 1849 516 1891; x_wconf 82' lang='lat'>112.</span> <span class='ocrx_word' id='word_1_203' title='bbox 565 1858 696 1891; x_wconf 83' lang='lat' dir='ltr'><strong>PACIS</strong></span> <span class='ocrx_word' id='word_1_204' title='bbox 727 1859 898 1890; x_wconf 81' lang='lat' dir='ltr'>DICERE</span> <span class='ocrx_word' id='word_1_205' title='bbox 928 1857 1077 1889; x_wconf 78' lang='lat' dir='ltr'>LEGES</span> <span class='ocrx_word' id='word_1_206' title='bbox 1115 1847 1161 1889; x_wconf 89' lang='lat' dir='ltr'><strong>id</strong></span> <span class='ocrx_word' id='word_1_207' title='bbox 1193 1849 1251 1888; x_wconf 84' lang='lat' dir='ltr'><strong>est</strong></span> <span class='ocrx_word' id='word_1_208' title='bbox 1282 1860 1387 1901; x_wconf 85' lang='lat' dir='ltr'><strong>quas</strong></span> <span class='ocrx_word' id='word_1_209' title='bbox 1419 1846 1548 1901; x_wconf 87' lang='lat' dir='ltr'><strong>paulo</strong></span> <span class='ocrx_word' id='word_1_210' title='bbox 1580 1849 1683 1901; x_wconf 90' lang='lat' dir='ltr'><strong>post</strong></span> <span class='ocrx_word' id='word_1_211' title='bbox 1713 1846 1757 1888; x_wconf 91' lang='lat' dir='ltr'><strong>in</strong></span> <span class='ocrx_word' id='word_1_212' title='bbox 1788 1846 1884 1901; x_wconf 89' lang='lat' dir='ltr'><strong>ipso</strong></span> <span class='ocrx_word' id='word_1_213' title='bbox 1915 1847 2004 1889; x_wconf 80' lang='lat' dir='ltr'><strong>foe—</strong></span> 
     </span>
     <span class='ocr_line' id='line_1_24' title="bbox 300 1919 936 1963; baseline -0.002 0"><span class='ocrx_word' id='word_1_214' title='bbox 300 1921 398 1963; x_wconf 84' lang='lat' dir='ltr'><strong>dere</strong></span> <span class='ocrx_word' id='word_1_215' title='bbox 430 1923 498 1963; x_wconf 89' lang='lat' dir='ltr'><strong>est</strong></span> <span class='ocrx_word' id='word_1_216' title='bbox 529 1920 721 1963; x_wconf 87' lang='lat' dir='ltr'><strong>dicturus</strong></span> <span class='ocrx_word' id='word_1_217' title='bbox 754 1919 936 1962; x_wconf 85' lang='lat' dir='ltr'><strong>Aeneas.</strong></span> 
     </span>
    </p>

    <p class='ocr_par' dir='ltr' id='par_1_11' title="bbox 421 1989 2006 2046">
     <span class='ocr_line' id='line_1_25' title="bbox 421 1989 2006 2046; baseline -0.002 -11"><span class='ocrx_word' id='word_1_218' title='bbox 421 1992 516 2035; x_wconf 85' lang='lat'>113.</span> <span class='ocrx_word' id='word_1_219' title='bbox 552 2008 719 2035; x_wconf 61' lang='lat' dir='ltr'><strong>Pomm</strong></span> <span class='ocrx_word' id='word_1_220' title='bbox 741 2008 807 2034; x_wconf 70' lang='lat' dir='ltr'><strong>m&lt;</strong></span> <span class='ocrx_word' id='word_1_221' title='bbox 824 2008 957 2034; x_wconf 70' lang='lat' dir='ltr'><strong>smne</strong></span> <span class='ocrx_word' id='word_1_222' title='bbox 973 1990 1187 2044; x_wconf 77' lang='lat' dir='ltr'><strong>descriptio</strong></span> <span class='ocrx_word' id='word_1_223' title='bbox 1204 1990 1405 2046; x_wconf 83' lang='lat' dir='ltr'><strong>temporis,</strong></span> <span class='ocrx_word' id='word_1_224' title='bbox 1423 1990 1531 2043; x_wconf 79' lang='lat' dir='ltr'><strong>quod</strong></span> <span class='ocrx_word' id='word_1_225' title='bbox 1545 1989 1711 2032; x_wconf 77' lang='lat' dir='ltr'><strong>Turnus</strong></span> <span class='ocrx_word' id='word_1_226' title='bbox 1722 1990 2006 2045; x_wconf 74' lang='lat' dir='ltr'><strong>praefinierat.</strong></span> 
     </span>
    </p>

    <p class='ocr_par' dir='ltr' id='par_1_12' title="bbox 230 2061 2006 2191">
     <span class='ocr_line' id='line_1_26' title="bbox 230 2061 2006 2116; baseline 0 -12"><span class='ocrx_word' id='word_1_227' title='bbox 230 2071 276 2104; x_wconf 81' lang='lat'><strong>25</strong></span> <span class='ocrx_word' id='word_1_228' title='bbox 424 2064 519 2107; x_wconf 88' lang='lat'>114.</span> <span class='ocrx_word' id='word_1_229' title='bbox 563 2081 646 2107; x_wconf 70' lang='lat' dir='ltr'><strong>em</strong></span> <span class='ocrx_word' id='word_1_230' title='bbox 672 2080 829 2106; x_wconf 67' lang='lat' dir='ltr'><strong>pamm</strong></span> <span class='ocrx_word' id='word_1_231' title='bbox 856 2080 954 2105; x_wconf 69' lang='lat' dir='ltr'><strong>Ano</strong></span> <span class='ocrx_word' id='word_1_232' title='bbox 990 2062 1090 2116; x_wconf 79' lang='lat' dir='ltr'><strong>qnia</strong></span> <span class='ocrx_word' id='word_1_233' title='bbox 1126 2075 1191 2104; x_wconf 89' lang='lat' dir='ltr'><strong>res</strong></span> <span class='ocrx_word' id='word_1_234' title='bbox 1218 2061 1482 2115; x_wconf 72' lang='lat' dir='ltr'><strong>perturbatae</strong></span> <span class='ocrx_word' id='word_1_235' title='bbox 1512 2064 1720 2103; x_wconf 76' lang='lat' dir='ltr'><strong>secuturae</strong></span> <span class='ocrx_word' id='word_1_236' title='bbox 1750 2065 1862 2115; x_wconf 77' lang='lat' dir='ltr'><strong>sunt,</strong></span> <span class='ocrx_word' id='word_1_237' title='bbox 1900 2062 2006 2104; x_wconf 87' lang='lat' dir='ltr'><strong>diem</strong></span> 
     </span>
     <span class='ocr_line' id='line_1_27' title="bbox 300 2134 1029 2191; baseline -0.003 -13"><span class='ocrx_word' id='word_1_238' title='bbox 300 2150 455 2191; x_wconf 78' lang='lat' dir='ltr'><strong>quoqne</strong></span> <span class='ocrx_word' id='word_1_239' title='bbox 484 2149 575 2178; x_wconf 78' lang='lat' dir='ltr'><strong>enm</strong></span> <span class='ocrx_word' id='word_1_240' title='bbox 604 2136 761 2188; x_wconf 79' lang='lat' dir='ltr'><strong>fervore</strong></span> <span class='ocrx_word' id='word_1_241' title='bbox 791 2135 895 2177; x_wconf 90' lang='lat' dir='ltr'><strong>oriri</strong></span> <span class='ocrx_word' id='word_1_242' title='bbox 922 2134 1029 2188; x_wconf 83' lang='lat' dir='ltr'><strong>feeit.</strong></span> 
     </span>
    </p>

    <p class='ocr_par' dir='ltr' id='par_1_13' title="bbox 303 2204 2008 2405">
     <span class='ocr_line' id='line_1_28' title="bbox 424 2204 2008 2258; baseline -0.002 -8"><span class='ocrx_word' id='word_1_243' title='bbox 424 2208 519 2250; x_wconf 82' lang='lat'>115.</span> <span class='ocrx_word' id='word_1_244' title='bbox 571 2218 827 2258; x_wconf 80' lang='lat' dir='ltr'>LVCEMQVE</span> <span class='ocrx_word' id='word_1_245' title='bbox 854 2218 1018 2249; x_wconf 82' lang='lat' dir='ltr'><strong>ELATIS</strong></span> <span class='ocrx_word' id='word_1_246' title='bbox 1044 2217 1242 2248; x_wconf 79' lang='lat' dir='ltr'><strong>NARIBvs</strong></span> <span class='ocrx_word' id='word_1_247' title='bbox 1270 2217 1484 2248; x_wconf 80' lang='lat' dir='ltr'><strong>EFFLANT</strong></span> <span class='ocrx_word' id='word_1_248' title='bbox 1509 2204 1731 2247; x_wconf 87' lang='lat' dir='ltr'><strong>Ennianus</strong></span> <span class='ocrx_word' id='word_1_249' title='bbox 1763 2219 1911 2246; x_wconf 86' lang='lat' dir='ltr'><strong>versus</strong></span> <span class='ocrx_word' id='word_1_250' title='bbox 1944 2207 2008 2247; x_wconf 84' lang='lat' dir='ltr'><strong>est</strong></span> 
     </span>
     <span class='ocr_line' id='line_1_29' title="bbox 304 2275 2007 2332; baseline -0.002 -10"><span class='ocrx_word' id='word_1_251' title='bbox 304 2279 452 2322; x_wconf 84' lang='lat' dir='ltr'><strong>ordine</strong></span> <span class='ocrx_word' id='word_1_252' title='bbox 484 2281 767 2322; x_wconf 88' lang='lat' dir='ltr'><strong>commutato:</strong></span> <span class='ocrx_word' id='word_1_253' title='bbox 800 2278 875 2320; x_wconf 91' lang='lat' dir='ltr'><strong>ille</strong></span> <span class='ocrx_word' id='word_1_254' title='bbox 908 2277 1022 2320; x_wconf 90' lang='lat' dir='ltr'><strong>enim</strong></span> <span class='ocrx_word' id='word_1_255' title='bbox 1055 2277 1118 2319; x_wconf 89' lang='lat' dir='ltr'><strong>ait</strong></span> <span class='ocrx_word' id='word_1_256' title='bbox 1146 2277 1468 2332; x_wconf 86' lang='lat' dir='ltr'><strong>funduntque</strong></span> <span class='ocrx_word' id='word_1_257' title='bbox 1501 2276 1658 2318; x_wconf 88' lang='lat' dir='ltr'><strong>elatis</strong></span> <span class='ocrx_word' id='word_1_258' title='bbox 1689 2276 1901 2318; x_wconf 88' lang='lat' dir='ltr'><strong>naribus</strong></span> <span class='ocrx_word' id='word_1_259' title='bbox 1933 2275 2007 2318; x_wconf 91' lang='lat' dir='ltr'><strong>lu-</strong></span> 
     </span>
     <span class='ocr_line' id='line_1_30' title="bbox 303 2347 2007 2405; baseline -0.002 -12"><span class='ocrx_word' id='word_1_260' title='bbox 303 2366 418 2394; x_wconf 85' lang='lat' dir='ltr'><strong>cem.</strong></span> <span class='ocrx_word' id='word_1_261' title='bbox 482 2352 525 2392; x_wconf 90' lang='lat' dir='ltr'><strong>et</strong></span> <span class='ocrx_word' id='word_1_262' title='bbox 557 2350 797 2405; x_wconf 83' lang='lat' dir='ltr'><strong>sciendum,</strong></span> <span class='ocrx_word' id='word_1_263' title='bbox 834 2364 1047 2404; x_wconf 85' lang='lat' dir='ltr'><strong>nusquam</strong></span> <span class='ocrx_word' id='word_1_264' title='bbox 1079 2348 1191 2390; x_wconf 86' lang='lat' dir='ltr'><strong>diem</strong></span> <span class='ocrx_word' id='word_1_265' title='bbox 1223 2348 1286 2390; x_wconf 89' lang='lat' dir='ltr'><strong>sic</strong></span> <span class='ocrx_word' id='word_1_266' title='bbox 1316 2350 1516 2404; x_wconf 87' lang='lat' dir='ltr'><strong>potenter</strong></span> <span class='ocrx_word' id='word_1_267' title='bbox 1546 2347 1821 2402; x_wconf 86' lang='lat' dir='ltr'><strong>descripsisse</strong></span> <span class='ocrx_word' id='word_1_268' title='bbox 1852 2347 2007 2403; x_wconf 82' lang='lat' dir='ltr'><strong>Vergi—</strong></span> 
     </span>
    </p>

    <p class='ocr_par' dir='ltr' id='par_1_14' title="bbox 233 2419 1944 2476">
     <span class='ocr_line' id='line_1_31' title="bbox 233 2419 1944 2476; baseline 0 -15"><span class='ocrx_word' id='word_1_269' title='bbox 233 2430 278 2462; x_wconf 88' lang='lat'><strong>30</strong></span> <span class='ocrx_word' id='word_1_270' title='bbox 303 2422 427 2464; x_wconf 86' lang='lat' dir='ltr'><strong>lium:</strong></span> <span class='ocrx_word' id='word_1_271' title='bbox 458 2422 565 2464; x_wconf 81' lang='lat' dir='ltr'><strong>sient</strong></span> <span class='ocrx_word' id='word_1_272' title='bbox 593 2422 641 2464; x_wconf 88' lang='lat' dir='ltr'><strong>in</strong></span> <span class='ocrx_word' id='word_1_273' title='bbox 670 2425 816 2476; x_wconf 77' lang='lat' dir='ltr'><strong>quarto</strong></span> <span class='ocrx_word' id='word_1_274' title='bbox 847 2419 992 2475; x_wconf 73' lang='lat'>(522)</span> <span class='ocrx_word' id='word_1_275' title='bbox 1023 2423 1188 2474; x_wconf 81' lang='lat' dir='ltr'><strong>noctem,</strong></span> <span class='ocrx_word' id='word_1_276' title='bbox 1218 2420 1289 2462; x_wconf 81' lang='lat' dir='ltr'><strong>abi</strong></span> <span class='ocrx_word' id='word_1_277' title='bbox 1319 2419 1432 2462; x_wconf 88' lang='lat' dir='ltr'><strong>Dido</strong></span> <span class='ocrx_word' id='word_1_278' title='bbox 1456 2420 1711 2474; x_wconf 70' lang='lat' dir='ltr'><strong>perviyilans</strong></span> <span class='ocrx_word' id='word_1_279' title='bbox 1741 2419 1944 2461; x_wconf 84' lang='lat' dir='ltr'><strong>deliberat.</strong></span> 
     </span>
    </p>
   </div>
   <div class='ocr_carea' id='block_1_3' title="bbox 302 2493 587 2498">
    <p class='ocr_par' dir='ltr' id='par_1_15' title="bbox 302 2493 587 2498">
     <span class='ocr_line' id='line_1_32' title="bbox 302 2493 587 2498; baseline 0 0"><span class='ocrx_word' id='word_1_280' title='bbox 302 2493 587 2498; x_wconf 95' lang='lat' dir='ltr'><strong> </strong></span> 
     </span>
    </p>
   </div>
   <div class='ocr_carea' id='block_1_4' title="bbox 399 2513 1231 2560">
    <p class='ocr_par' dir='ltr' id='par_1_16' title="bbox 399 2513 1231 2560">
     <span class='ocr_line' id='line_1_33' title="bbox 399 2513 1231 2560; baseline -0.004 -11"><span class='ocrx_word' id='word_1_281' title='bbox 399 2518 443 2549; x_wconf 80' lang='lat'><strong>27</strong></span> <span class='ocrx_word' id='word_1_282' title='bbox 468 2513 659 2550; x_wconf 85' lang='lat' dir='ltr'><strong>Ennianus</strong></span> <span class='ocrx_word' id='word_1_283' title='bbox 683 2514 828 2560; x_wconf 82' lang='lat' dir='ltr'><strong>versus]</strong></span> <span class='ocrx_word' id='word_1_284' title='bbox 855 2525 938 2549; x_wconf 83' lang='lat' dir='ltr'><strong>ann.</strong></span> <span class='ocrx_word' id='word_1_285' title='bbox 966 2526 999 2549; x_wconf 75' lang='lat' dir='ltr'><strong>v,</strong></span> <span class='ocrx_word' id='word_1_286' title='bbox 1026 2516 1095 2548; x_wconf 83' lang='lat'><strong>588</strong></span> <span class='ocrx_word' id='word_1_287' title='bbox 1123 2513 1231 2547; x_wconf 88' lang='lat' dir='ltr'><strong>Vahl.</strong></span> 
     </span>
    </p>
   </div>
   <div class='ocr_carea' id='block_1_5' title="bbox 304 2594 2009 3167">
    <p class='ocr_par' dir='ltr' id='par_1_17' title="bbox 304 2594 2009 3167">
     <span class='ocr_line' id='line_1_34' title="bbox 401 2594 2008 2644; baseline -0.002 -11"><span class='ocrx_word' id='word_1_288' title='bbox 401 2602 419 2633; x_wconf 93' lang='lat'><strong>1</strong></span> <span class='ocrx_word' id='word_1_289' title='bbox 447 2598 496 2634; x_wconf 84' lang='lat' dir='ltr'><strong>ad</strong></span> <span class='ocrx_word' id='word_1_290' title='bbox 521 2609 650 2633; x_wconf 58' lang='lat' dir='ltr'><strong>ssnws</strong></span> <span class='ocrx_word' id='word_1_291' title='bbox 675 2607 702 2633; x_wconf 85' lang='lat' dir='ltr'><strong>s.</strong></span> <span class='ocrx_word' id='word_1_292' title='bbox 728 2607 760 2632; x_wconf 80' lang='lat' dir='ltr'><strong>v.</strong></span> <span class='ocrx_word' id='word_1_293' title='bbox 787 2596 893 2632; x_wconf 83' lang='lat' dir='ltr'><strong>fortis</strong></span> <span class='ocrx_word' id='word_1_294' title='bbox 919 2598 957 2631; x_wconf 83' lang='lat' dir='ltr'><strong>et</strong></span> <span class='ocrx_word' id='word_1_295' title='bbox 981 2607 1138 2641; x_wconf 86' lang='lat' dir='ltr'><strong>magnus</strong></span> <span class='ocrx_word' id='word_1_296' title='bbox 1166 2596 1199 2630; x_wconf 99' lang='lat' dir='ltr'><em>T</em></span> <span class='ocrx_word' id='word_1_297' title='bbox 1215 2597 1227 2641; x_wconf 83' lang='grc' dir='ltr'><strong>ΙΙ</strong></span> <span class='ocrx_word' id='word_1_298' title='bbox 1258 2599 1278 2630; x_wconf 84' lang='grc'>2</span> <span class='ocrx_word' id='word_1_299' title='bbox 1305 2598 1347 2644; x_wconf 79' lang='lat' dir='ltr'><strong>ut</strong></span> <span class='ocrx_word' id='word_1_300' title='bbox 1373 2605 1439 2630; x_wconf 88' lang='lat' dir='ltr'><strong>om.</strong></span> <span class='ocrx_word' id='word_1_301' title='bbox 1466 2595 1506 2629; x_wconf 99' lang='lat' dir='ltr'><em>F</em></span> <span class='ocrx_word' id='word_1_302' title='bbox 1521 2595 1533 2640; x_wconf 93' lang='grc' dir='ltr'><strong>ΙΙ</strong></span> <span class='ocrx_word' id='word_1_303' title='bbox 1561 2599 1582 2630; x_wconf 90' lang='grc'><strong>3</strong></span> <span class='ocrx_word' id='word_1_304' title='bbox 1608 2595 1647 2630; x_wconf 87' lang='lat' dir='ltr'><strong>in</strong></span> <span class='ocrx_word' id='word_1_305' title='bbox 1670 2594 1780 2641; x_wconf 86' lang='lat' dir='ltr'><strong>iram]</strong></span> <span class='ocrx_word' id='word_1_306' title='bbox 1809 2594 1910 2630; x_wconf 87' lang='lat' dir='ltr'><strong>intra</strong></span> <span class='ocrx_word' id='word_1_307' title='bbox 1935 2594 1976 2630; x_wconf 95' lang='lat' dir='ltr'><em>F</em></span> <span class='ocrx_word' id='word_1_308' title='bbox 1996 2595 2008 2642; x_wconf 70' lang='grc' dir='ltr'>Η</span> 
     </span>
     <span class='ocr_line' id='line_1_35' title="bbox 304 2642 2007 2689; baseline -0.002 -8"><span class='ocrx_word' id='word_1_309' title='bbox 304 2649 435 2681; x_wconf 86' lang='lat' dir='ltr'><strong>turnus</strong></span> <span class='ocrx_word' id='word_1_310' title='bbox 459 2645 516 2681; x_wconf 85' lang='lat' dir='ltr'><strong>ita</strong></span> <span class='ocrx_word' id='word_1_311' title='bbox 541 2644 687 2681; x_wconf 85' lang='lat' dir='ltr'><strong>dicatur</strong></span> <span class='ocrx_word' id='word_1_312' title='bbox 710 2644 748 2679; x_wconf 83' lang='lat' dir='ltr'><em>R</em></span> <span class='ocrx_word' id='word_1_313' title='bbox 772 2646 784 2687; x_wconf 88' lang='grc' dir='ltr'><strong>ΙΙ</strong></span> <span class='ocrx_word' id='word_1_314' title='bbox 815 2646 836 2678; x_wconf 89' lang='grc'>5</span> <span class='ocrx_word' id='word_1_315' title='bbox 861 2645 965 2680; x_wconf 81' lang='lat' dir='ltr'><strong>schot.</strong></span> <span class='ocrx_word' id='word_1_316' title='bbox 994 2645 1044 2679; x_wconf 88' lang='lat' dir='ltr'><strong>ad</strong></span> <span class='ocrx_word' id='word_1_317' title='bbox 1068 2655 1099 2679; x_wconf 83' lang='lat' dir='ltr'><strong>v.</strong></span> <span class='ocrx_word' id='word_1_318' title='bbox 1129 2646 1196 2679; x_wconf 87' lang='grc'><strong>108</strong></span> <span class='ocrx_word' id='word_1_319' title='bbox 1222 2654 1288 2678; x_wconf 87' lang='lat' dir='ltr'><strong>om.</strong></span> <span class='ocrx_word' id='word_1_320' title='bbox 1316 2643 1355 2677; x_wconf 83' lang='lat' dir='ltr'><em>F</em></span> <span class='ocrx_word' id='word_1_321' title='bbox 1380 2644 1391 2689; x_wconf 87' lang='grc' dir='ltr'><strong>ΙΙ</strong></span> <span class='ocrx_word' id='word_1_322' title='bbox 1424 2647 1442 2678; x_wconf 82' lang='grc'><strong>7</strong></span> <span class='ocrx_word' id='word_1_323' title='bbox 1470 2642 1661 2688; x_wconf 89' lang='lat' dir='ltr'><strong>componit</strong></span> <span class='ocrx_word' id='word_1_324' title='bbox 1685 2642 1724 2677; x_wconf 91' lang='lat' dir='ltr'><em>F</em></span> <span class='ocrx_word' id='word_1_325' title='bbox 1741 2644 1753 2687; x_wconf 82' lang='grc' dir='ltr'><strong>ΙΙ</strong></span> <span class='ocrx_word' id='word_1_326' title='bbox 1783 2643 1832 2677; x_wconf 86' lang='lat' dir='ltr'><strong>ad</strong></span> <span class='ocrx_word' id='word_1_327' title='bbox 1857 2655 2007 2678; x_wconf 68' lang='lat' dir='ltr'><strong>conrom</strong></span> 
     </span>
     <span class='ocr_line' id='line_1_36' title="bbox 304 2689 2005 2738; baseline -0.002 -9"><span class='ocrx_word' id='word_1_328' title='bbox 304 2708 336 2729; x_wconf 76' lang='lat' dir='ltr'><strong>F.</strong></span> <span class='ocrx_word' id='word_1_329' title='bbox 356 2707 388 2728; x_wconf 71' lang='grc' dir='ltr'><strong>Β.</strong></span> <span class='ocrx_word' id='word_1_330' title='bbox 408 2705 436 2729; x_wconf 88' lang='lat' dir='ltr'><strong>s.</strong></span> <span class='ocrx_word' id='word_1_331' title='bbox 455 2704 488 2729; x_wconf 86' lang='lat' dir='ltr'><strong>v.</strong></span> <span class='ocrx_word' id='word_1_332' title='bbox 507 2692 606 2728; x_wconf 89' lang='lat' dir='ltr'><strong>finiri</strong></span> <span class='ocrx_word' id='word_1_333' title='bbox 626 2691 704 2727; x_wconf 86' lang='lat' dir='ltr'><strong>siue</strong></span> <span class='ocrx_word' id='word_1_334' title='bbox 725 2692 897 2738; x_wconf 88' lang='lat' dir='ltr'><strong>componi</strong></span> <span class='ocrx_word' id='word_1_335' title='bbox 920 2690 1061 2727; x_wconf 85' lang='lat' dir='ltr'><strong>bellum</strong></span> <span class='ocrx_word' id='word_1_336' title='bbox 1086 2692 1133 2726; x_wconf 85' lang='lat' dir='ltr'><strong>ad</strong></span> <span class='ocrx_word' id='word_1_337' title='bbox 1158 2691 1380 2737; x_wconf 87' lang='lat' dir='ltr'><strong>petitionem</strong></span> <span class='ocrx_word' id='word_1_338' title='bbox 1406 2689 1604 2736; x_wconf 85' lang='lat' dir='ltr'><strong>singularis</strong></span> <span class='ocrx_word' id='word_1_339' title='bbox 1630 2689 1842 2725; x_wconf 80' lang='lat' dir='ltr'><strong>certaminis</strong></span> <span class='ocrx_word' id='word_1_340' title='bbox 1868 2690 2005 2725; x_wconf 91' lang='lat' dir='ltr'><strong>bellum</strong></span> 
     </span>
     <span class='ocr_line' id='line_1_37' title="bbox 306 2737 2008 2786; baseline -0.003 -9"><span class='ocrx_word' id='word_1_341' title='bbox 306 2740 455 2786; x_wconf 89' lang='lat' dir='ltr'><strong>deduci,</strong></span> <span class='ocrx_word' id='word_1_342' title='bbox 481 2742 530 2777; x_wconf 86' lang='lat' dir='ltr'><strong>ad</strong></span> <span class='ocrx_word' id='word_1_343' title='bbox 548 2752 580 2776; x_wconf 82' lang='lat' dir='ltr'><strong>v.</strong></span> <span class='ocrx_word' id='word_1_344' title='bbox 597 2744 664 2775; x_wconf 89' lang='lat'>109</span> <span class='ocrx_word' id='word_1_345' title='bbox 684 2741 726 2775; x_wconf 85' lang='lat' dir='ltr'><strong>in</strong></span> <span class='ocrx_word' id='word_1_346' title='bbox 744 2750 858 2785; x_wconf 82' lang='lat' dir='ltr'><strong>mar9.</strong></span> <span class='ocrx_word' id='word_1_347' title='bbox 885 2739 946 2775; x_wconf 87' lang='lat' dir='ltr'><strong>hic</strong></span> <span class='ocrx_word' id='word_1_348' title='bbox 971 2738 1224 2784; x_wconf 85' lang='lat' dir='ltr'><strong>intellegimus</strong></span> <span class='ocrx_word' id='word_1_349' title='bbox 1244 2739 1414 2773; x_wconf 87' lang='lat' dir='ltr'><strong>nuntium</strong></span> <span class='ocrx_word' id='word_1_350' title='bbox 1437 2749 1574 2774; x_wconf 85' lang='lat' dir='ltr'><strong>aeneae</strong></span> <span class='ocrx_word' id='word_1_351' title='bbox 1594 2737 1740 2773; x_wconf 89' lang='lat' dir='ltr'><strong>uenisse</strong></span> <span class='ocrx_word' id='word_1_352' title='bbox 1761 2737 1806 2772; x_wconf 83' lang='lat' dir='ltr'><strong>de</strong></span> <span class='ocrx_word' id='word_1_353' title='bbox 1831 2737 1930 2773; x_wconf 90' lang='lat' dir='ltr'><strong>bello</strong></span> <span class='ocrx_word' id='word_1_354' title='bbox 1947 2737 1981 2772; x_wconf 96' lang='lat' dir='ltr'><em>T</em></span> <span class='ocrx_word' id='word_1_355' title='bbox 1997 2737 2008 2785; x_wconf 88' lang='grc' dir='ltr'><strong>ΙΙ</strong></span> 
     </span>
     <span class='ocr_line' id='line_1_38' title="bbox 307 2784 2009 2835; baseline -0.002 -11"><span class='ocrx_word' id='word_1_356' title='bbox 307 2793 351 2824; x_wconf 88' lang='grc'><strong>10</strong></span> <span class='ocrx_word' id='word_1_357' title='bbox 377 2789 504 2824; x_wconf 84' lang='lat' dir='ltr'><strong>ablato</strong></span> <span class='ocrx_word' id='word_1_358' title='bbox 524 2788 564 2824; x_wconf 91' lang='lat' dir='ltr'><em>F</em></span> <span class='ocrx_word' id='word_1_359' title='bbox 579 2790 592 2835; x_wconf 85' lang='grc' dir='ltr'><strong>ΙΙ</strong></span> <span class='ocrx_word' id='word_1_360' title='bbox 613 2793 656 2823; x_wconf 88' lang='grc'><strong>13</strong></span> <span class='ocrx_word' id='word_1_361' title='bbox 683 2788 732 2823; x_wconf 87' lang='lat' dir='ltr'><strong>ad</strong></span> <span class='ocrx_word' id='word_1_362' title='bbox 749 2799 781 2823; x_wconf 86' lang='lat' dir='ltr'><strong>v.</strong></span> <span class='ocrx_word' id='word_1_363' title='bbox 803 2791 871 2823; x_wconf 88' lang='lat'><strong>110</strong></span> <span class='ocrx_word' id='word_1_364' title='bbox 898 2787 989 2823; x_wconf 90' lang='lat' dir='ltr'><strong>bene</strong></span> <span class='ocrx_word' id='word_1_365' title='bbox 1015 2788 1165 2832; x_wconf 87' lang='lat' dir='ltr'><strong>separat</strong></span> <span class='ocrx_word' id='word_1_366' title='bbox 1189 2785 1377 2822; x_wconf 83' lang='lat' dir='ltr'><strong>ascanium</strong></span> <span class='ocrx_word' id='word_1_367' title='bbox 1405 2798 1426 2821; x_wconf 86' lang='lat' dir='ltr'><strong>a</strong></span> <span class='ocrx_word' id='word_1_368' title='bbox 1452 2785 1563 2821; x_wconf 87' lang='lat' dir='ltr'><strong>sociis</strong></span> <span class='ocrx_word' id='word_1_369' title='bbox 1588 2784 1777 2831; x_wconf 84' lang='lat' dir='ltr'><strong>proprium</strong></span> <span class='ocrx_word' id='word_1_370' title='bbox 1805 2785 1902 2820; x_wconf 87' lang='lat' dir='ltr'><strong>enim</strong></span> <span class='ocrx_word' id='word_1_371' title='bbox 1929 2787 2009 2821; x_wconf 87' lang='lat' dir='ltr'><strong>erat</strong></span> 
     </span>
     <span class='ocr_line' id='line_1_39' title="bbox 305 2833 2006 2882; baseline -0.002 -10"><span class='ocrx_word' id='word_1_372' title='bbox 305 2836 373 2872; x_wconf 85' lang='lat' dir='ltr'><strong>filii</strong></span> <span class='ocrx_word' id='word_1_373' title='bbox 396 2836 529 2872; x_wconf 86' lang='lat' dir='ltr'><strong>timere</strong></span> <span class='ocrx_word' id='word_1_374' title='bbox 554 2847 622 2882; x_wconf 86' lang='lat' dir='ltr'><strong>pro</strong></span> <span class='ocrx_word' id='word_1_375' title='bbox 648 2837 754 2881; x_wconf 85' lang='lat' dir='ltr'><strong>patre</strong></span> <span class='ocrx_word' id='word_1_376' title='bbox 777 2835 810 2869; x_wconf 95' lang='lat' dir='ltr'><em>T</em></span> <span class='ocrx_word' id='word_1_377' title='bbox 826 2836 838 2882; x_wconf 78' lang='grc' dir='ltr'><strong>ΙΙ</strong></span> <span class='ocrx_word' id='word_1_378' title='bbox 859 2838 903 2870; x_wconf 85' lang='grc'><strong>14</strong></span> <span class='ocrx_word' id='word_1_379' title='bbox 923 2834 1140 2880; x_wconf 81' lang='lat' dir='ltr'><strong>Ascanium]</strong></span> <span class='ocrx_word' id='word_1_380' title='bbox 1170 2835 1207 2869; x_wconf 88' lang='lat' dir='ltr'><strong>et</strong></span> <span class='ocrx_word' id='word_1_381' title='bbox 1231 2845 1314 2868; x_wconf 89' lang='lat' dir='ltr'><strong>cum</strong></span> <span class='ocrx_word' id='word_1_382' title='bbox 1340 2834 1425 2869; x_wconf 84' lang='lat' dir='ltr'><strong>add.</strong></span> <span class='ocrx_word' id='word_1_383' title='bbox 1440 2833 1479 2868; x_wconf 89' lang='lat' dir='ltr'><em>F</em></span> <span class='ocrx_word' id='word_1_384' title='bbox 1495 2834 1507 2879; x_wconf 81' lang='lat' dir='ltr'>ss</span> <span class='ocrx_word' id='word_1_385' title='bbox 1526 2833 1611 2869; x_wconf 87' lang='lat' dir='ltr'><strong>illos</strong></span> <span class='ocrx_word' id='word_1_386' title='bbox 1631 2833 1671 2868; x_wconf 94' lang='lat' dir='ltr'><em>F</em></span> <span class='ocrx_word' id='word_1_387' title='bbox 1686 2834 1699 2878; x_wconf 78' lang='grc' dir='ltr'><strong>ΙΙ</strong></span> <span class='ocrx_word' id='word_1_388' title='bbox 1721 2837 1763 2868; x_wconf 88' lang='grc'><strong>16</strong></span> <span class='ocrx_word' id='word_1_389' title='bbox 1789 2834 1838 2867; x_wconf 86' lang='lat' dir='ltr'><strong>ad</strong></span> <span class='ocrx_word' id='word_1_390' title='bbox 1862 2843 1953 2867; x_wconf 68' lang='lat' dir='ltr'><strong>mu</strong></span> <span class='ocrx_word' id='word_1_391' title='bbox 1972 2846 2006 2869; x_wconf 88' lang='lat' dir='ltr'><strong>D.</strong></span> 
     </span>
     <span class='ocr_line' id='line_1_40' title="bbox 305 2878 2008 2928; baseline -0.002 -9"><span class='ocrx_word' id='word_1_392' title='bbox 305 2895 332 2920; x_wconf 86' lang='lat' dir='ltr'><strong>s.</strong></span> <span class='ocrx_word' id='word_1_393' title='bbox 352 2895 385 2919; x_wconf 84' lang='lat' dir='ltr'><strong>v.</strong></span> <span class='ocrx_word' id='word_1_394' title='bbox 411 2894 566 2919; x_wconf 88' lang='lat' dir='ltr'><strong>monens</strong></span> <span class='ocrx_word' id='word_1_395' title='bbox 593 2912 601 2919; x_wconf 94' lang='lat'>.</span> <span class='ocrx_word' id='word_1_396' title='bbox 624 2911 631 2918; x_wconf 97' lang='lat'>.</span> <span class='ocrx_word' id='word_1_397' title='bbox 654 2911 661 2918; x_wconf 95' lang='lat'>.</span> <span class='ocrx_word' id='word_1_398' title='bbox 688 2882 816 2918; x_wconf 84' lang='lat' dir='ltr'><strong>vincat</strong></span> <span class='ocrx_word' id='word_1_399' title='bbox 844 2883 877 2917; x_wconf 94' lang='lat' dir='ltr'><em>T</em></span> <span class='ocrx_word' id='word_1_400' title='bbox 893 2883 906 2927; x_wconf 89' lang='grc' dir='ltr'><strong>ΙΙ</strong></span> <span class='ocrx_word' id='word_1_401' title='bbox 924 2894 1037 2917; x_wconf 75' lang='lat' dir='ltr'><strong>FACTA</strong></span> <span class='ocrx_word' id='word_1_402' title='bbox 1057 2882 1096 2917; x_wconf 87' lang='lat' dir='ltr'><em>F</em></span> <span class='ocrx_word' id='word_1_403' title='bbox 1112 2883 1124 2928; x_wconf 84' lang='grc' dir='ltr'><strong>ΙΙ</strong></span> <span class='ocrx_word' id='word_1_404' title='bbox 1143 2882 1294 2927; x_wconf 85' lang='lat' dir='ltr'><strong>propter</strong></span> <span class='ocrx_word' id='word_1_405' title='bbox 1319 2892 1384 2917; x_wconf 85' lang='lat' dir='ltr'><strong>om.</strong></span> <span class='ocrx_word' id='word_1_406' title='bbox 1405 2881 1446 2916; x_wconf 90' lang='lat' dir='ltr'><em>F</em></span> <span class='ocrx_word' id='word_1_407' title='bbox 1461 2883 1473 2926; x_wconf 72' lang='grc' dir='ltr'><strong>ΙΙ</strong></span> <span class='ocrx_word' id='word_1_408' title='bbox 1491 2881 1581 2926; x_wconf 87' lang='lat' dir='ltr'><strong>quid</strong></span> <span class='ocrx_word' id='word_1_409' title='bbox 1606 2881 1744 2916; x_wconf 84' lang='lat' dir='ltr'><strong>Daniel</strong></span> <span class='ocrx_word' id='word_1_410' title='bbox 1762 2881 1774 2924; x_wconf 88' lang='grc' dir='ltr'><strong>ΙΙ</strong></span> <span class='ocrx_word' id='word_1_411' title='bbox 1797 2884 1838 2915; x_wconf 91' lang='grc'><strong>18</strong></span> <span class='ocrx_word' id='word_1_412' title='bbox 1863 2878 2008 2915; x_wconf 85' lang='lat' dir='ltr'><strong>intelle-</strong></span> 
     </span>
     <span class='ocr_line' id='line_1_41' title="bbox 304 2926 2007 2977; baseline -0.003 -11"><span class='ocrx_word' id='word_1_413' title='bbox 304 2942 436 2977; x_wconf 84' lang='lat' dir='ltr'><strong>gamus</strong></span> <span class='ocrx_word' id='word_1_414' title='bbox 462 2931 503 2966; x_wconf 82' lang='lat' dir='ltr'><em>F</em></span> <span class='ocrx_word' id='word_1_415' title='bbox 524 2932 536 2977; x_wconf 87' lang='grc' dir='ltr'><strong>ΙΙ</strong></span> <span class='ocrx_word' id='word_1_416' title='bbox 567 2935 613 2966; x_wconf 83' lang='grc'><strong>20</strong></span> <span class='ocrx_word' id='word_1_417' title='bbox 640 2931 689 2966; x_wconf 82' lang='lat' dir='ltr'><strong>ad</strong></span> <span class='ocrx_word' id='word_1_418' title='bbox 713 2941 826 2965; x_wconf 73' lang='lat' dir='ltr'><strong>cmm</strong></span> <span class='ocrx_word' id='word_1_419' title='bbox 849 2941 876 2965; x_wconf 86' lang='lat' dir='ltr'><strong>s.</strong></span> <span class='ocrx_word' id='word_1_420' title='bbox 902 2941 933 2966; x_wconf 82' lang='lat' dir='ltr'><strong>v.</strong></span> <span class='ocrx_word' id='word_1_421' title='bbox 960 2930 1066 2964; x_wconf 84' lang='lat' dir='ltr'><strong>firma</strong></span> <span class='ocrx_word' id='word_1_422' title='bbox 1091 2935 1129 2964; x_wconf 84' lang='lat' dir='ltr'><strong>et</strong></span> <span class='ocrx_word' id='word_1_423' title='bbox 1153 2940 1259 2972; x_wconf 86' lang='lat' dir='ltr'><strong>uera,</strong></span> <span class='ocrx_word' id='word_1_424' title='bbox 1285 2929 1334 2964; x_wconf 87' lang='lat' dir='ltr'><strong>ad</strong></span> <span class='ocrx_word' id='word_1_425' title='bbox 1358 2941 1461 2964; x_wconf 80' lang='lat' dir='ltr'><strong>vmos</strong></span> <span class='ocrx_word' id='word_1_426' title='bbox 1486 2940 1513 2963; x_wconf 86' lang='lat' dir='ltr'><strong>s.</strong></span> <span class='ocrx_word' id='word_1_427' title='bbox 1540 2940 1570 2964; x_wconf 85' lang='lat' dir='ltr'><strong>v.</strong></span> <span class='ocrx_word' id='word_1_428' title='bbox 1597 2928 1724 2973; x_wconf 87' lang='lat' dir='ltr'><strong>potest</strong></span> <span class='ocrx_word' id='word_1_429' title='bbox 1746 2926 1915 2971; x_wconf 83' lang='lat' dir='ltr'><strong>intellegi</strong></span> <span class='ocrx_word' id='word_1_430' title='bbox 1940 2928 2007 2962; x_wconf 88' lang='lat' dir='ltr'><strong>hos</strong></span> 
     </span>
     <span class='ocr_line' id='line_1_42' title="bbox 305 2973 2009 3025; baseline -0.002 -11"><span class='ocrx_word' id='word_1_431' title='bbox 305 2980 452 3025; x_wconf 83' lang='lat' dir='ltr'><strong>legatos</strong></span> <span class='ocrx_word' id='word_1_432' title='bbox 476 2978 621 3013; x_wconf 89' lang='lat' dir='ltr'><strong>idmoni</strong></span> <span class='ocrx_word' id='word_1_433' title='bbox 645 2977 840 3013; x_wconf 85' lang='lat' dir='ltr'><strong>adiunctos</strong></span> <span class='ocrx_word' id='word_1_434' title='bbox 870 2977 902 3012; x_wconf 95' lang='lat' dir='ltr'><em>T</em></span> <span class='ocrx_word' id='word_1_435' title='bbox 918 2979 931 3024; x_wconf 82' lang='grc' dir='ltr'><strong>ΙΙ</strong></span> <span class='ocrx_word' id='word_1_436' title='bbox 949 2981 995 3012; x_wconf 79' lang='lat'><strong>24</strong></span> <span class='ocrx_word' id='word_1_437' title='bbox 1020 2978 1069 3012; x_wconf 85' lang='lat' dir='ltr'><strong>ad</strong></span> <span class='ocrx_word' id='word_1_438' title='bbox 1088 2989 1119 3012; x_wconf 88' lang='lat' dir='ltr'><strong>v.</strong></span> <span class='ocrx_word' id='word_1_439' title='bbox 1143 2980 1208 3011; x_wconf 87' lang='lat'><strong>113</strong></span> <span class='ocrx_word' id='word_1_440' title='bbox 1236 2976 1436 3021; x_wconf 84' lang='lat' dir='ltr'><strong>descriptio</strong></span> <span class='ocrx_word' id='word_1_441' title='bbox 1463 3002 1472 3010; x_wconf 87' lang='lat'><strong>.</strong></span> <span class='ocrx_word' id='word_1_442' title='bbox 1493 3005 1501 3012; x_wconf 92' lang='lat'>.</span> <span class='ocrx_word' id='word_1_443' title='bbox 1523 3003 1530 3010; x_wconf 95' lang='lat'>.</span> <span class='ocrx_word' id='word_1_444' title='bbox 1557 2976 1804 3021; x_wconf 83' lang='lat' dir='ltr'><strong>praefinierat.</strong></span> <span class='ocrx_word' id='word_1_445' title='bbox 1843 2973 2009 3010; x_wconf 84' lang='lat' dir='ltr'><strong>ostendit</strong></span> 
     </span>
     <span class='ocr_line' id='line_1_43' title="bbox 307 3022 2007 3071; baseline -0.003 -9"><span class='ocrx_word' id='word_1_446' title='bbox 307 3028 434 3062; x_wconf 84' lang='lat' dir='ltr'><strong>autem</strong></span> <span class='ocrx_word' id='word_1_447' title='bbox 458 3037 517 3061; x_wconf 89' lang='lat' dir='ltr'><strong>res</strong></span> <span class='ocrx_word' id='word_1_448' title='bbox 541 3025 712 3061; x_wconf 86' lang='lat' dir='ltr'><strong>turbatas</strong></span> <span class='ocrx_word' id='word_1_449' title='bbox 738 3026 842 3071; x_wconf 86' lang='lat' dir='ltr'><strong>sequi</strong></span> <span class='ocrx_word' id='word_1_450' title='bbox 868 3025 966 3061; x_wconf 87' lang='lat' dir='ltr'><strong>diem</strong></span> <span class='ocrx_word' id='word_1_451' title='bbox 991 3035 1101 3069; x_wconf 88' lang='lat' dir='ltr'><strong>quem</strong></span> <span class='ocrx_word' id='word_1_452' title='bbox 1128 3035 1212 3060; x_wconf 90' lang='lat' dir='ltr'><strong>cum</strong></span> <span class='ocrx_word' id='word_1_453' title='bbox 1236 3024 1380 3060; x_wconf 82' lang='lat' dir='ltr'><strong>feruore</strong></span> <span class='ocrx_word' id='word_1_454' title='bbox 1406 3023 1494 3058; x_wconf 91' lang='lat' dir='ltr'><strong>oriri</strong></span> <span class='ocrx_word' id='word_1_455' title='bbox 1520 3023 1610 3058; x_wconf 82' lang='lat' dir='ltr'><strong>facit</strong></span> <span class='ocrx_word' id='word_1_456' title='bbox 1638 3023 1671 3057; x_wconf 91' lang='lat' dir='ltr'><em>T</em></span> <span class='ocrx_word' id='word_1_457' title='bbox 1687 3023 1699 3068; x_wconf 80' lang='grc' dir='ltr'><strong>ΙΙ</strong></span> <span class='ocrx_word' id='word_1_458' title='bbox 1730 3025 1773 3057; x_wconf 83' lang='lat'><strong>25</strong></span> <span class='ocrx_word' id='word_1_459' title='bbox 1799 3034 1910 3057; x_wconf 73' lang='lat' dir='ltr'><strong>Amos</strong></span> <span class='ocrx_word' id='word_1_460' title='bbox 1936 3022 1976 3057; x_wconf 93' lang='lat' dir='ltr'><em>F</em></span> <span class='ocrx_word' id='word_1_461' title='bbox 1998 3023 2007 3067; x_wconf 72' lang='lat' dir='ltr'><strong>i}</strong></span> 
     </span>
     <span class='ocr_line' id='line_1_44' title="bbox 307 3068 2008 3119; baseline -0.003 -10"><span class='ocrx_word' id='word_1_462' title='bbox 307 3077 353 3110; x_wconf 80' lang='lat'><strong>28</strong></span> <span class='ocrx_word' id='word_1_463' title='bbox 372 3068 628 3119; x_wconf 55' lang='lat' dir='ltr'><strong>funduntque]</strong></span> <span class='ocrx_word' id='word_1_464' title='bbox 655 3075 813 3118; x_wconf 87' lang='lat' dir='ltr'><strong>suntque</strong></span> <span class='ocrx_word' id='word_1_465' title='bbox 837 3073 883 3108; x_wconf 89' lang='lat' dir='ltr'><strong><em>H</em></strong></span> <span class='ocrx_word' id='word_1_466' title='bbox 903 3074 915 3119; x_wconf 82' lang='grc' dir='ltr'><strong>ΙΙ</strong></span> <span class='ocrx_word' id='word_1_467' title='bbox 946 3076 990 3108; x_wconf 80' lang='lat'><strong>29</strong></span> <span class='ocrx_word' id='word_1_468' title='bbox 1017 3071 1224 3118; x_wconf 86' lang='lat' dir='ltr'><strong>sciendum]</strong></span> <span class='ocrx_word' id='word_1_469' title='bbox 1250 3075 1335 3107; x_wconf 84' lang='lat' dir='ltr'><strong>cata</strong></span> <span class='ocrx_word' id='word_1_470' title='bbox 1359 3071 1400 3107; x_wconf 90' lang='lat' dir='ltr'><strong>to</strong></span> <span class='ocrx_word' id='word_1_471' title='bbox 1425 3070 1667 3116; x_wconf 85' lang='lat' dir='ltr'><strong>siopumenon</strong></span> <span class='ocrx_word' id='word_1_472' title='bbox 1691 3069 1775 3105; x_wconf 87' lang='lat' dir='ltr'><strong>add.</strong></span> <span class='ocrx_word' id='word_1_473' title='bbox 1802 3069 1847 3104; x_wconf 87' lang='lat' dir='ltr'><em>H</em></span> <span class='ocrx_word' id='word_1_474' title='bbox 1861 3071 1873 3116; x_wconf 75' lang='grc' dir='ltr'><strong>ΙΙ</strong></span> <span class='ocrx_word' id='word_1_475' title='bbox 1903 3081 2008 3104; x_wconf 89' lang='lat' dir='ltr'><strong>num·</strong></span> 
     </span>
     <span class='ocr_line' id='line_1_45' title="bbox 308 3115 2009 3167; baseline -0.004 -10"><span class='ocrx_word' id='word_1_476' title='bbox 308 3133 420 3167; x_wconf 88' lang='lat' dir='ltr'><strong>quam</strong></span> <span class='ocrx_word' id='word_1_477' title='bbox 448 3120 489 3157; x_wconf 88' lang='lat' dir='ltr'><em>F</em></span> <span class='ocrx_word' id='word_1_478' title='bbox 504 3122 516 3167; x_wconf 87' lang='grc' dir='ltr'><strong>ΙΙ</strong></span> <span class='ocrx_word' id='word_1_479' title='bbox 542 3121 721 3167; x_wconf 85' lang='lat' dir='ltr'><strong>putentur</strong></span> <span class='ocrx_word' id='word_1_480' title='bbox 747 3120 787 3156; x_wconf 88' lang='lat' dir='ltr'><em>F</em></span> <span class='ocrx_word' id='word_1_481' title='bbox 820 3121 993 3167; x_wconf 82' lang='lat' dir='ltr'><strong>patenter</strong></span> <span class='ocrx_word' id='word_1_482' title='bbox 1018 3121 1239 3164; x_wconf 81' lang='lat' dir='ltr'><strong>exemplaria</strong></span> <span class='ocrx_word' id='word_1_483' title='bbox 1259 3120 1433 3165; x_wconf 75' lang='lat' dir='ltr'><strong>pleraque</strong></span> <span class='ocrx_word' id='word_1_484' title='bbox 1451 3119 1463 3165; x_wconf 79' lang='grc' dir='ltr'><strong>ΙΙ</strong></span> <span class='ocrx_word' id='word_1_485' title='bbox 1490 3117 1742 3163; x_wconf 84' lang='lat' dir='ltr'><strong>descripsisse]</strong></span> <span class='ocrx_word' id='word_1_486' title='bbox 1769 3117 1834 3152; x_wconf 83' lang='lat' dir='ltr'><strong>sed.</strong></span> <span class='ocrx_word' id='word_1_487' title='bbox 1861 3115 2009 3163; x_wconf 85' lang='lat' dir='ltr'><strong>scripsit</strong></span> 
     </span>
    </p>
   </div>
   <div class='ocr_carea' id='block_1_6' title="bbox 306 3164 2008 3254">
    <p class='ocr_par' dir='ltr' id='par_1_18' title="bbox 306 3164 2008 3254">
     <span class='ocr_line' id='line_1_46' title="bbox 309 3164 2008 3252; baseline -0.003 -48"><span class='ocrx_word' id='word_1_488' title='bbox 309 3180 348 3205; x_wconf 89' lang='lat' dir='ltr'><strong>se</strong></span> <span class='ocrx_word' id='word_1_489' title='bbox 368 3169 411 3204; x_wconf 92' lang='lat' dir='ltr'><strong><em>H</em></strong></span> <span class='ocrx_word' id='word_1_490' title='bbox 439 3168 613 3252; x_wconf 52' lang='lat' dir='ltr'><strong>{3:3ng</strong></span> <span class='ocrx_word' id='word_1_491' title='bbox 631 3168 832 3251; x_wconf 57' lang='lat' dir='ltr'><strong>uqergilium</strong></span> <span class='ocrx_word' id='word_1_492' title='bbox 851 3167 892 3204; x_wconf 91' lang='lat' dir='ltr'><em>F</em></span> <span class='ocrx_word' id='word_1_493' title='bbox 907 3169 919 3215; x_wconf 86' lang='grc' dir='ltr'><strong>ΙΙ</strong></span> <span class='ocrx_word' id='word_1_494' title='bbox 938 3171 983 3203; x_wconf 92' lang='grc'><strong>30</strong></span> <span class='ocrx_word' id='word_1_495' title='bbox 1009 3168 1058 3203; x_wconf 86' lang='lat' dir='ltr'><strong>ad</strong></span> <span class='ocrx_word' id='word_1_496' title='bbox 1077 3179 1198 3202; x_wconf 81' lang='lat' dir='ltr'><strong>ELA&#39;rlS</strong></span> <span class='ocrx_word' id='word_1_497' title='bbox 1223 3178 1250 3202; x_wconf 92' lang='lat' dir='ltr'><strong>s.</strong></span> <span class='ocrx_word' id='word_1_498' title='bbox 1271 3178 1303 3202; x_wconf 83' lang='lat' dir='ltr'><strong>v.</strong></span> <span class='ocrx_word' id='word_1_499' title='bbox 1332 3167 1464 3202; x_wconf 89' lang='lat' dir='ltr'><strong>erectis</strong></span> <span class='ocrx_word' id='word_1_500' title='bbox 1492 3165 1569 3202; x_wconf 86' lang='lat' dir='ltr'><strong>siue</strong></span> <span class='ocrx_word' id='word_1_501' title='bbox 1594 3164 1752 3210; x_wconf 81' lang='lat' dir='ltr'><strong>patulis,</strong></span> <span class='ocrx_word' id='word_1_502' title='bbox 1777 3165 1826 3199; x_wconf 87' lang='lat' dir='ltr'><strong>ad</strong></span> <span class='ocrx_word' id='word_1_503' title='bbox 1851 3177 2008 3200; x_wconf 64' lang='lat' dir='ltr'><strong>esrum</strong></span> 
     </span>
     <span class='ocr_line' id='line_1_47' title="bbox 306 3227 593 3254; baseline 0 -2"><span class='ocrx_word' id='word_1_504' title='bbox 306 3227 335 3254; x_wconf 86' lang='lat' dir='ltr'><strong>s.</strong></span> <span class='ocrx_word' id='word_1_505' title='bbox 360 3227 393 3252; x_wconf 83' lang='lat' dir='ltr'><strong>v.</strong></span> <span class='ocrx_word' id='word_1_506' title='bbox 419 3227 438 3252; x_wconf 94' lang='lat' dir='ltr'><strong>e</strong></span> <span class='ocrx_word' id='word_1_507' title='bbox 544 3228 593 3252; x_wconf 91' lang='lat' dir='ltr'><strong>un</strong></span> 
     </span>
    </p>
   </div>
  </div>
 </body>
</html>
