2124 3600
534 268 686 304 COMM.
712 266 765 303 IN
789 265 932 302 VERG.
960 266 1070 302 AEN.
1098 266 1149 301 VI
1178 270 1372 302 119-127.
1752 265 1807 306 27

106 379 330 436 sacrilego.
463 390 520 420 ET
554 390 607 419 MI
641 388 793 420 GENVS
826 388 884 419 AB
916 387 1024 419 Iovss
1057 387 1217 418 SVMMO
1263 375 1451 421 occurrit
1488 376 1647 418 tacitae
1685 390 1809 431 quae-

102 450 252 494 stioni:
285 449 331 491 hi
364 449 477 492 enim
510 449 582 504 qui
615 448 940 504 descenderant,
973 462 998 489 a
1029 446 1111 489 diis
1143 446 1359 489 ducebant
1390 447 1613 503 originem.

157 505 159 508 Ι
227 521 322 564 124.
378 532 593 571 ARASQVE
639 530 854 561 TENEBAT
898 518 1115 574 rogabant
1159 517 1274 560 enim
1317 517 1419 560 deos
1465 532 1637 560 ararum
1683 533 1811 561 ansas

100 595 311 635 tenentes.
1735 631 1740 635 .

225 664 319 707 125.
369 675 486 707 sArE
532 674 763 706 SANGVINE
808 674 959 705 DIVVM
1002 661 1112 704 unde
1157 661 1327 704 Aeneas
1371 661 1517 718 desiit,
1562 662 1660 705 inde
1703 663 1809 705 haec

105 736 289 792 sumpsit
321 734 554 778 exordium.

1858 671 1879 703 5

224 808 319 850 126.
369 817 552 849 rAcnns
590 817 856 848 Dascansvs
894 816 1071 847 AVERNI
1114 805 1276 861 legitur
1314 806 1357 847 et
1388 803 1620 860 ‘Avern0',
1663 805 1705 847 id
1747 807 1814 847 est
1874 843 1876 845 .

102 879 156 921 ad
194 878 431 933 Avernum3
478 878 551 920 sed
590 878 626 920 si
665 876 883 932 ‘Averni',
926 877 1161 919 inferorum
1203 876 1422 933 significat
1467 878 1510 919 et
1552 877 1694 919 lacum
1734 890 1812 931 pro

101 950 252 992 inferis
284 950 419 1006 ponit.

225 1021 320 1063 127.
370 1032 551 1064 NOCTES
596 1032 750 1071 ATQVE
795 1029 904 1062 DIES
949 1030 1101 1061 PATET
1146 1030 1255 1061 ATRI
1299 1030 1444 1062 1ANvA
1487 1030 1614 1062 D1T1s
1661 1019 1705 1061 id
1749 1022 1815 1061 est

106 1093 224 1136 omni
253 1098 447 1148 tempore
478 1092 676 1135 homines
709 1092 754 1133 in
785 1091 877 1134 fata
909 1091 1160 1134 concedunt.
1210 1093 1254 1133 et
1278 1092 1360 1134 hoc
1384 1091 1570 1146 poetice:
1601 1105 1704 1134 nam
1730 1091 1813 1133 Lu-

102 1165 259 1207 cretius
293 1163 388 1220 <III
421 1164 534 1219 978>
567 1178 618 1206 ex
649 1163 812 1206 maiore
848 1165 973 1218 parte
1005 1165 1048 1206 et
1081 1163 1156 1205 alii
1187 1164 1355 1219 integre
1388 1163 1542 1206 docent
1574 1163 1814 1206 inferorum

103 1249 239 1292 regna
270 1250 323 1277 ne
355 1249 482 1290 posse
515 1235 688 1291 quidem
721 1249 832 1277 esse:
872 1249 975 1276 nam
1011 1234 1153 1276 locum
1191 1234 1385 1289 ipsorum
1425 1250 1551 1290 quem
1581 1250 1814 1291 possumus

104 1307 261 1363 dicere,
293 1321 389 1349 cum
423 1307 501 1349 sub
534 1306 660 1348 terris
690 1320 783 1348 esse
815 1305 1014 1348 dicantur
1042 1306 1298 1361 antipodes?
1331 1306 1377 1347 in
1402 1305 1543 1348 media
1568 1321 1670 1349 vero
1697 1308 1814 1349 terra

103 1393 176 1421 eos
209 1392 303 1420 esse
333 1392 412 1420 nec
445 1377 642 1420 soliditas
668 1377 849 1432 patitur,
880 1392 959 1419 nec
984 1376 1170 1433 κέντρον
1197 1379 1355 1418 terrae:
1389 1392 1497 1432 quae
1531 1377 1568 1419 si
1594 1378 1639 1420 in
1671 1378 1813 1421 medio

103 1449 253 1491 mundi
291 1451 376 1505 est,
418 1451 542 1492 tanta
580 1449 670 1491 eius
709 1463 802 1491 esse
841 1448 1111 1503 profunditas
1149 1463 1237 1491 non
1275 1450 1439 1504 potest,
1482 1451 1531 1491 ut
1567 1449 1708 1492 medio
1748 1451 1815 1492 sui

106 1520 264 1562 habeat
289 1519 470 1575 inferos,
496 1520 541 1562 in
566 1519 721 1575 quibus
749 1534 841 1562 esse
867 1519 1023 1561 dicitur
1044 1519 1271 1575 Tartarus,
1298 1519 1348 1561 de
1375 1535 1459 1575 quo
1486 1520 1648 1576 legitur
1668 1520 1814 1575 <578>

103 1592 182 1633 bis
214 1593 361 1647 patet
391 1592 443 1634 in
473 1606 719 1647 praeceps
751 1593 950 1634 tantum
981 1591 1253 1645 tenditque
1280 1592 1372 1633 sub
1398 1592 1623 1647 umbras⁷
1656 1607 1814 1647 quan—

102 1665 185 1704 tus
219 1662 280 1704 ad
312 1662 600 1705 aetherium
642 1662 774 1705 caeli
812 1665 1085 1717 suspectus
1118 1661 1401 1717 Olympum.
1451 1677 1554 1719 ergo
1586 1663 1699 1706 hanc
1730 1667 1815 1706 ter-

103 1748 198 1775 ram
229 1734 275 1775 in
307 1748 392 1789 qua
423 1734 607 1776 vivimus
639 1733 804 1776 inferos
837 1748 931 1776 esse
962 1733 1213 1789 voluerunt,
1243 1734 1345 1788 quia
1371 1736 1437 1776 est
1462 1735 1655 1777 omnium
1682 1735 1813 1777 circu-

104 1805 246 1847 lorum
290 1804 453 1857 infima,
498 1806 773 1860 planetarum
815 1805 979 1847 scilicet
1020 1807 1204 1860 septem,
1243 1804 1436 1861 Saturni,
1475 1805 1610 1862 Iovis,
1647 1805 1816 1862 Martis,

106 1875 235 1931 Solis,
266 1875 467 1928 Veneris,
504 1875 722 1931 Mercurii,
763 1876 927 1931 Lunae,
973 1878 1016 1919 et
1056 1876 1239 1919 duorum
1278 1891 1547 1933 magnorum.
1609 1877 1711 1920 hinc
1749 1881 1816 1921 est

202 2010 222 2040 3
250 2004 435 2051 rogabant
461 2031 468 2040 .
490 2032 497 2039 .
521 2033 528 2041 .
554 2006 741 2052 tenentes]
770 2005 816 2042 cf.
842 2004 1006 2041 Macrob.
1034 2005 1110 2041 Sat.
1137 2006 1242 2051 1112,
1264 2010 1283 2041 7
1305 2018 1383 2051 sqq.
1402 2008 1415 2052 ΙΙ
1436 2010 1478 2041 11
1505 2018 1593 2042 nam
1618 2007 1815 2043 Lucretius

105 2053 310 2144 igbessg]
334 2063 447 2088 exscr.
479 2053 666 2099 mythogr.
694 2053 746 2088 III
773 2057 810 2097 6,
839 2057 857 2087 1
890 2053 903 2098 ΙΙ
942 2056 985 2087 14
1010 2052 1048 2088 in
1074 2053 1199 2088 media
1225 2082 1232 2089 .
1261 2081 1269 2089 .
1296 2082 1303 2088 .
1331 2054 1470 2100 terrae]
1503 2065 1616 2089 exscr.
1644 2053 1731 2092 Isid.
1763 2066 1814 2092 or.

107 2219 294 2264 tellegunt
324 2220 366 2254 ut
399 2219 458 2254 his
489 2230 666 2265 magnum
693 2219 814 2255 alcide
841 2219 947 2264 (Aen.
975 2219 1004 2254 V
1032 2221 1117 2265 414)
1144 2220 1186 2255 ut
1211 2221 1288 2265 (leq.
1317 2221 1367 2264 et)
1394 2219 1709 2265 amphitrioniade
1736 2222 1815 2267 (leq.

105 2266 480 2313 Amphitryoniadae)
506 2278 642 2313 magno
669 2266 776 2312 (Aen.
803 2267 890 2302 VIII
918 2267 1000 2311 103)
1027 2266 1067 2301 F
1081 2268 1094 2312 ΙΙ
1113 2267 1194 2313 sed]
1221 2269 1260 2303 et
1284 2267 1324 2302 F
1345 2270 1357 2313 ΙΙ
1392 2272 1408 2302 1
1436 2280 1515 2302 mm
1541 2267 1577 2302 A
1596 2269 1609 2313 ΙΙ
1629 2281 1718 2304 ενΜο
1744 2268 1781 2303 R
1805 2268 1817 2313 ΙΙ

105 2313 245 2349 tacitae
271 2314 481 2358 quaestioni
506 2314 545 2349 hi
571 2314 686 2361 enim]
712 2314 850 2350 tacitae
871 2313 1084 2360 quaestioni
1103 2315 1294 2359 tamquam
1315 2314 1453 2360 sybilla
1472 2315 1608 2350 dixerit
1625 2316 1690 2351 sed.
1710 2315 1764 2351 hii
1779 2316 1820 2350 F

106 2361 223 2396 tacite
248 2360 461 2406 quaestioni
485 2363 678 2407 tamquam
704 2362 739 2397 ei
765 2361 901 2407 sibylla
926 2361 1062 2398 dixerit
1087 2362 1152 2397 sed
1176 2362 1231 2397 hii
1257 2362 1290 2397 G
1330 2362 1446 2398 tacite
1473 2363 1572 2407 quod
1597 2363 1691 2398 mihi
1716 2364 1816 2399 enim

109 2407 140 2443 0
154 2410 167 2453 ΙΙ
185 2408 303 2444 tacito
329 2409 373 2444 H
387 2410 399 2455 ΙΙ
418 2413 439 2443 2
465 2408 520 2444 hii
544 2409 617 2445 AS
635 2411 647 2456 ΙΙ
665 2409 930 2445 discenderunt
949 2409 1027 2444 FC
1062 2409 1333 2445 descenderunt
1352 2410 1386 2445 G
1404 2411 1417 2455 ΙΙ
1436 2411 1493 2445 dis
1515 2410 1547 2445 Ο
1560 2411 1573 2456 11
1592 2405 1734 2456 origine
1757 2410 1787 2446 Ο
1806 2412 1815 2457 Η

1357 2469 1389 2495 iu
1409 2470 1475 2495 celo
1495 2470 1528 2495 in
1547 2469 1670 2496 inferno
1683 2470 1716 2496 in
1730 2470 1816 2496 siluis

109 2501 1817 2597 ἓὲᾎὲἰᾷἳΐέα11ξῖἒέιὲῗέ1)Ξῖἒὲἷὲᾗὲῗέἕῇἰῇ-ἙῖῗῂἑῖὃῗῃὲἓΞῖὲῖἲιῗαῗέἒῖηξῖοἰῖῖἒίῗ

112 2596 157 2639 cf.
184 2596 234 2631 ad
257 2607 288 2631 v.
317 2599 455 2644 118113
480 2599 588 2635 schol.
615 2599 664 2635 ad
688 2610 720 2635 v.
750 2602 817 2634 124
842 2610 909 2634 om.
934 2598 1011 2634 FG
1029 2599 1042 2644 ΙΙ
1060 2610 1240 2634 munnam
1264 2598 1301 2633 A
1318 2600 1331 2644 11
1349 2599 1551 2646 rogabant]
1578 2601 1755 2645 rogantes
1781 2600 1818 2635 R

107 2642 267 2688 rogabat
291 2643 336 2678 H
355 2646 368 2689 ΙΙ
397 2646 495 2680 enim
520 2657 587 2681 om.
613 2646 659 2680 H
679 2647 692 2692 fl
720 2646 846 2692 ansas]
874 2657 955 2681 aras
983 2645 1014 2681 G
1048 2657 1130 2681 asae
1155 2646 1205 2682 H.
1245 2647 1291 2691 cf.
1320 2647 1488 2682 Macrob.
1515 2647 1593 2683 Sat.
1620 2647 1672 2682 III
1699 2651 1732 2692 2,
1759 2652 1779 2683 8

109 2694 132 2724 4
155 2691 336 2726 tenebant
360 2691 397 2726 R
426 2693 439 2738 ΙΙ
470 2696 491 2728 5
515 2694 621 2730 schol.
648 2695 697 2730 ad
720 2705 752 2729 v.
783 2696 849 2728 125
875 2697 907 2728 et
936 2697 1002 2730 126
1028 2705 1094 2729 om.
1122 2693 1156 2728 G
1183 2695 1196 2739 ΙΙ
1225 2693 1312 2729 inde
1339 2705 1405 2729 om.
1433 2693 1463 2729 S
1490 2695 1503 2739 ΙΙ
1534 2695 1627 2730 haec
1652 2706 1718 2730 om.
1744 2695 1781 2730 R

111 2737 331 2782 exhordium
354 2739 391 2773 A
409 2741 422 2784 ΙΙ
442 2744 461 2775 7
488 2753 623 2776 menas
651 2769 659 2777 .
681 2769 688 2776 .
710 2770 717 2776 .
745 2741 811 2776 sed
837 2739 868 2775 si
894 2751 960 2775 om.
987 2740 1066 2776 FO
1079 2741 1092 2786 11
1113 2745 1155 2776 12
1183 2742 1222 2776 et
1246 2740 1312 2776 alii
1336 2741 1481 2787 integre
1507 2742 1657 2788 docent]
1687 2742 1735 2778 ab
1760 2742 1816 2777 in-

108 2785 216 2831 tegro
242 2785 352 2821 docet
375 2786 498 2822 FGG'
524 2788 536 2833 ΙΙ
570 2792 611 2823 13
636 2800 752 2835 regna
777 2799 843 2823 om.
873 2787 903 2822 C'
933 2789 944 2834 ΙΙ
974 2799 1020 2823 ne
1045 2799 1156 2834 posse
1182 2788 1331 2833 quidem
1357 2800 1436 2824 esse
1461 2789 1609 2834 scripsi:
1641 2801 1712 2825 nec
1737 2801 1817 2825 esse

113 2831 264 2876 quidem
290 2844 369 2869 esse
389 2833 469 2869 FG
505 2846 551 2869 ne
577 2846 657 2871 esse
683 2835 835 2880 quidem
860 2846 969 2880 posse
998 2835 1029 2871 G
1061 2847 1130 2871 nec
1156 2847 1234 2871 esse
1260 2836 1411 2880 quidem
1436 2848 1545 2881 posse
1564 2836 1732 2872 ARSH
1741 2837 1790 2872 M
1806 2837 1818 2883 ΙΙ

114 2883 157 2914 14
183 2879 250 2915 sub
281 2880 406 2927 terris]
441 2882 577 2918 subtris
604 2883 638 2919 G
667 2884 681 2928 11
717 2883 756 2918 in
781 2883 905 2919 medio
930 2893 1020 2918 uero
1044 2882 1167 2937 terrae
1192 2883 1258 2919 hos
1284 2894 1364 2919 esse
1390 2883 1510 2919 FGG
1537 2885 1549 2930 ΙΙ
1589 2887 1632 2919 15
1664 2885 1818 2920 centron

112 2949 238 2985 FC'H
242 2951 291 2985 M
325 2952 482 2988 contron
506 2952 541 2988 G
576 2953 770 2998 incentron
794 2953 831 2988 A
860 2954 898 2998 (n
922 2954 989 2989 del.
1016 2956 1054 2999 a)
1090 2942 1285 2989 lncentron
1310 2954 1340 2989 S
1382 2955 1550 2989 centrum
1574 2954 1612 2989 R
1641 2956 1654 2999 ΙΙ
1692 2958 1735 2990 16
1763 2956 1818 2990 est

111 2997 241 3032 mundi
264 2998 310 3034 R.
351 3000 408 3034 est
432 3010 499 3035 om.
526 2999 561 3035 G
578 3001 591 3045 ΙΙ
609 3000 845 3046 profunditas
871 3028 879 3036 .
901 3028 911 3037 .
932 3030 939 3038 .
965 3001 1004 3036 in
1030 3000 1164 3046 quibus
1190 3012 1268 3036 esse
1294 3012 1360 3037 om.
1387 3001 1433 3036 H
1446 3002 1459 3046 ΙΙ
1476 3002 1711 3046 profunditas
1738 3012 1817 3036 esse

112 3044 149 3078 A
179 3046 192 3089 ΙΙ
227 3045 350 3081 medio
376 3047 450 3090 sui]
486 3047 526 3083 in
551 3047 676 3083 medio
700 3048 757 3083 sui
785 3049 834 3083 M
861 3050 873 3093 ΙΙ
912 3052 954 3083 17
987 3047 1154 3084 habebat
1182 3047 1295 3084 iseros
1323 3049 1354 3084 G
1381 3049 1394 3093 ΙΙ
1430 3049 1567 3084 dicitur
1592 3060 1672 3084 esse
1699 3047 1781 3083 FG

116 3095 158 3126 19
184 3093 397 3128 aethereum
424 3094 465 3129 F
479 3096 492 3140 ΙΙ
511 3094 726 3141 Olympum]
754 3096 932 3141 elyinphsi
954 3095 988 3131 G
1007 3097 1018 3141 ΙΙ
1042 3096 1198 3141 terram]
1228 3097 1396 3131 contram
1422 3096 1456 3131 G
1474 3097 1486 3141 ΙΙ
1510 3100 1556 3131 20
1582 3096 1721 3131 inferas
1747 3095 1781 3130 G

114 3138 217 3185 quia]
244 3140 343 3184 quod
367 3141 403 3176 A
429 3143 487 3187 (eo
513 3142 614 3187 quod
638 3144 676 3188 a)
713 3145 806 3187 quot
830 3143 859 3178 S
876 3144 888 3189 ΙΙ
907 3143 1074 3179 omnium
1099 3153 1165 3178 om.
1193 3142 1222 3178 S
1239 3143 1251 3188 ΙΙ
1270 3147 1314 3177 21
1339 3142 1487 3178 infirma
1512 3143 1546 3178 G
1563 3145 1576 3188 ΙΙ
1595 3141 1752 3187 septem]
1780 3155 1817 3177 v1

117 3185 147 3219 G
173 3186 187 3230 ΙΙ
222 3190 266 3221 22
291 3186 434 3234 Lunae]
459 3189 574 3225 lactei
600 3189 730 3225 circuli
754 3191 793 3225 et
817 3190 961 3226 zodiaci
986 3191 1071 3226 add.
1099 3190 1136 3225 R
1166 3191 1179 3235 ΙΙ
1212 3190 1251 3225 et
1275 3190 1429 3225 deorum
1454 3201 1676 3234 magnorum
1702 3187 1781 3223 FG
1806 3189 1815 3234 Η

118 3234 351 3279 magnorum]
378 3234 581 3272 horizontis
609 3238 648 3272 et
672 3238 868 3273 Ζωὸιακοῦ
895 3237 941 3274 de
968 3237 1101 3281 quibus
1128 3235 1295 3282 superius
1319 3236 1467 3283 plenius
1493 3237 1579 3272 add.
1598 3236 1637 3270 D

1841 1029 1885 1060 10

1841 1386 1885 1418 15

1840 1743 1886 1775 20
