2092 3614
335 247 422 290 448
1112 248 1274 285 SERVII

455 356 554 398 546.
604 373 823 399 emmena
843 357 1240 411 plusquamperfecto
1272 371 1371 400 usus
1402 361 1460 400 est
1489 359 1546 399 ad
1567 352 1882 411 'exprimendam
1913 359 2046 401 celeri-

336 431 476 482 tatem,
508 431 556 469 ut
585 426 697 481 <XII
722 428 838 482 430>
869 441 1017 471 suras
1047 429 1326 471 incluserat
1354 443 1489 471 auro.

456 498 554 541 547.
603 511 810 541 DIXERAT
850 511 959 541 ILLE
997 512 1191 551 Amovn)
1231 500 1563 555 proverbialiter
1601 500 1760 542 dictum
1800 504 1882 555 est,
1921 516 1969 543 ae
2009 502 2045 543 si

336 570 515 624 diceret,
556 585 643 612 non
684 571 839 612 mirum
879 571 940 613 sie
978 571 1164 613 occisum
1203 586 1295 613 esse
1334 586 1432 613 eum
1471 571 1543 626 qui
1582 572 1666 613 sibi
1705 572 1935 626 plurimum
1975 573 2045 615 ad—

290 652 310 682 5
336 642 536 698 rogabat.
598 641 805 685 Cornutus
834 646 883 685 ut
911 645 1125 699 sordiolum
1156 643 1358 697 inprobat.

455 713 555 756 548.
607 726 855 766 CAELOQVE
887 726 1069 757 ANIMVM
1102 726 1337 758 FORTASSE
1371 726 1585 756 FEREBAT
1625 715 1736 756 forte
1767 728 1809 757 se
1839 729 2045 771 exaequa-

334 787 458 827 verat
489 786 629 841 caelo,
661 788 711 827 ut
737 786 788 827 de
814 785 961 828 Aenea
988 786 1178 828 Drances
1206 785 1297 840 <XI
1320 786 1432 840 125>
1466 786 1651 841 quibus
1683 787 1825 828 caelo
1856 789 1905 828 te
1938 787 2046 829 lau-

333 856 484 898 dibus
524 871 750 912 aequem:
792 861 868 899 aut
898 856 1084 910 ‘ferebat’
1117 858 1312 912 elevabat,
1349 859 1459 911 quod
1485 858 1598 900 solus
1627 862 1727 900 esset
1755 859 1912 900 maiore
1940 872 2046 901 senc-

334 931 440 969 ctute
469 928 670 983 victurus,
701 929 909 971 debellatis
939 929 1145 984 omnibus,
1176 930 1223 971 id
1251 932 1309 971 est
1340 929 1481 971 Aenea
1512 943 1604 971 cum
1633 931 1731 972 suis.

266 1008 308 1040 10
453 998 553 1042 549.
603 1017 750 1042 Lozvaos
775 1014 857 1054 pro
889 998 1085 1042 ‘multos’-

456 1070 555 1112 551.
606 1082 883 1114 smvmonAE
910 1082 1066 1114 FAVNO
1093 1083 1280 1113 DRYOPE
1311 1083 1441 1121 QVEM
1468 1083 1663 1113 NYMPHA
1696 1084 1905 1114 CREARAT
1937 1071 2044 1114 Fau-

335 1157 417 1184 nus
459 1142 542 1184 hoe
580 1142 675 1184 loco
715 1142 890 1198 quidam
927 1143 1112 1184 rusticus
1151 1143 1469 1198 intellegendus
1513 1146 1596 1198 est,
1639 1158 1726 1186 non
1770 1144 1891 1198 deus,
1936 1144 2046 1185 sicut

335 1228 466 1268 supra
493 1213 660 1268 Anxyr,
693 1228 818 1268 quem
850 1213 1034 1269 legimus
1061 1213 1220 1256 Iovem.
1271 1214 1349 1256 alii
1372 1214 1519 1256 Fauni
1547 1215 1700 1268 filium,
1731 1216 1802 1257 sed
1827 1218 2045 1269 antequam

333 1285 513 1327 Faunus
553 1285 598 1326 in
635 1286 802 1327 deorum
839 1299 1008 1327 numero
1045 1285 1298 1339 reciperetur.
1360 1300 1445 1328 non
1488 1286 1595 1327 nulli
1636 1286 1766 1328 etiam
1806 1286 2043 1342 nympham

264 1367 307 1398 15
333 1371 420 1398 non
453 1356 577 1398 deam
609 1357 779 1412 volunt,
813 1357 886 1398 sed
918 1370 1070 1412 graece
1103 1371 1308 1411 sponsam
1334 1356 1513 1411 dictam,
1543 1358 1605 1399 vel
1629 1371 1732 1411 quae
1755 1371 1890 1400 recens
1914 1360 2046 1411 nupta

330 1428 403 1483 sit,
428 1442 481 1469 ne
509 1427 762 1469 incredibile
783 1427 840 1469 sit
859 1443 910 1469 ex
930 1427 1096 1470 duobus
1117 1428 1366 1470 numinibus
1386 1431 1656 1483 procreatum
1686 1443 1779 1471 esse
1798 1429 2045 1470 mortalem:

334 1514 596 1554 quamquam
622 1498 729 1541 haec
754 1499 934 1541 numina
960 1499 1193 1542 secundum
1215 1499 1498 1542 Aristotelem
1527 1499 1759 1555 aliquando
1787 1501 2043 1542 moriantur:

331 1584 433 1612 nam
464 1573 502 1611 ct
530 1570 669 1624 Eryx,
710 1570 876 1629 Veneris
906 1574 946 1614 et
975 1571 1161 1625 Neptuni
1191 1571 1322 1625 filius,
1355 1571 1406 1613 ab
1438 1571 1616 1614 Hercule
1646 1572 1798 1614 occisus
1829 1575 1897 1614 est.

450 1639 551 1714 532.
601 1653 710 1683 ILLE
738 1654 959 1685 REDVCTA
991 1638 1035 1684 iil
1063 1645 1129 1684 est
1153 1643 1304 1697 longa,
1336 1645 1384 1684 ut
1409 1642 1499 1696 <VI
1526 1643 1639 1697 703>
1671 1643 1873 1685 interea
1904 1643 2045 1685 videt

257 1725 304 1756 20
331 1712 529 1756 Aeneas
568 1713 620 1755 in
657 1714 793 1756 valle
838 1715 1061 1757 reducta
1123 1717 1166 1756 et
1204 1714 1496 1770 intellegimus
1533 1717 1738 1769 protenta
1774 1715 1903 1757 hasta
1939 1714 2042 1756 Tar-

332 1785 444 1840 quiti
477 1800 599 1827 arma
631 1800 724 1827 esse
755 1785 962 1841 inpedita.
1013 1785 1086 1827 alii
1113 1784 1319 1827 reducta'
1353 1787 1468 1827 retro
1497 1790 1593 1828 acta
1618 1785 1781 1842 dicunt,
1814 1785 1927 1841 quod
1955 1800 2042 1828 non

332 1857 537 1911 procedit.
745 1915 749 1917 μ

449 1928 547 1971 553.
598 1946 761 1972 merom
792 1943 876 1972 non
906 1930 1101 1983 permisit
1135 1930 1232 1972 usui
1266 1943 1348 1971 esse
1379 1930 1436 1971 acl
1456 1930 1748 1984 proteqenclum
1784 1929 2041 1983 Tarquitum.

449 1999 549 2042 555.
599 2018 809 2043 hermen
836 2018 987 2044 manae
1016 2001 1088 2043 lioc
1118 2004 1177 2043 est
1206 2001 1251 2043 in
1284 2005 1447 2043 terram.

258 2083 304 2114 25
449 2070 547 2113 556.
598 2087 722 2115 SVPER
754 2089 859 2115 ΗΔΕσ
884 2089 1035 2116 zmmco
1064 2090 1233 2115 merom:
1259 2090 1388 2115 FATVR
1418 2074 1633 2126 quaeritur
1657 2074 1758 2127 quid
1781 2075 1942 2116 tantum
1967 2073 2041 2114 istc

329 2143 604 2198 commiserat,
634 2146 682 2184 ut
710 2144 770 2185 sic
798 2144 974 2186 saeviret
997 2144 1189 2187 Aeneas?
1221 2145 1291 2187 secl
1318 2144 1464 2198 ubique
1494 2145 1542 2186 cle
1566 2148 1693 2186 morte
1717 2144 1928 2187 Pallantis
1959 2145 2039 2186 obi-

328 2215 436 2256 citur
466 2215 592 2256 dolor.

450 2286 550 2330 557.
600 2298 722 2330 ISTIC
754 2299 881 2330 NVNC
919 2301 1160 2330 sarcasmos
1193 2289 1275 2338 est,
1313 2286 1356 2328 id
1390 2289 1456 2328 est
1486 2286 1659 2329 hostilis
1690 2286 1854 2328 inrisio.
1911 2286 2037 2329 ‘istic'

327 2361 463 2400 autem
490 2371 567 2412 pro
601 2356 720 2399 ‘hid
842 2375 923 2402 ΝοΝ
950 2377 997 2401 TE
1026 2376 1164 2402 omma
1194 2375 1325 2401 MATER
1361 2361 1502 2400 utrum
1538 2372 1627 2400 vere
1656 2361 1802 2411 mater,
1839 2371 1897 2400 an
1928 2361 2038 2400 terra

257 2440 302 2470 30
322 2429 499 2483 patria?

423 2562 445 2592 4
471 2557 697 2603 adrogabat]
725 2554 774 2602 μὴ
803 2555 887 2602 μέγ’
916 2558 1024 2603 εἴπῃς
1050 2558 1134 2593 add.
1162 2557 1372 2593 Fabricius.
1412 2559 1457 2601 cf.
1485 2557 1594 2602 Soph.
1622 2557 1683 2591 Ai.
1708 2560 1777 2592 386
1803 2555 1923 2602 μηδεν
1947 2553 2034 2603 μέγ’

329 2607 437 2651 εἴπῃς
454 2606 467 2650 ΙΙ
487 2607 508 2639 5
534 2603 705 2640 Corintus
724 2605 864 2639 Domiel
900 2592 1098 2640 Corinthus
1121 2604 1361 2640 Gommelinus
1379 2606 1390 2651 ΙΙ
1410 2609 1431 2640 6
1457 2606 1733 2649 exaequaueiat
1753 2616 1791 2640 se
1814 2605 1863 2639 M
1879 2606 1891 2651 u
1911 2609 1930 2640 7
1956 2604 2036 2650 qui-

327 2653 414 2708 bus]
446 2664 477 2701 p
513 2652 648 2697 quibus
672 2651 710 2687 R
746 2653 758 2698 ΙΙ
795 2655 816 2686 8
844 2653 910 2686 aut
934 2651 1078 2687 ferebat
1104 2653 1189 2687 aolcl.
1215 2652 1364 2688 Daniel.
1404 2652 1579 2687 elevabat
1603 2655 1722 2687 autem
1749 2680 1757 2688 .
1780 2681 1787 2688 .
1810 2681 1817 2687 .
1845 2663 1927 2687 cum
1960 2652 2036 2688 suis

326 2702 369 2735 in
394 2701 521 2735 dextro
545 2699 799 2735 Floriacensis
821 2700 986 2744 niarqine
1011 2711 1035 2735 a
1058 2710 1173 2735 manu
1197 2701 1392 2735 recentiore
1415 2701 1556 2745 scripta
1580 2703 1666 2735 sunt
1684 2701 1697 2744 u
1727 2703 1767 2734 11
1797 2700 1930 2734 faunus
1955 2699 2034 2745 qui-

328 2747 415 2783 dam
441 2747 513 2783 hoc
538 2748 621 2783 loco
647 2747 687 2782 F
702 2748 715 2791 ΙΙ
735 2751 778 2782 12
803 2746 1098 2791 intellegendum
1125 2746 1166 2782 F
1180 2748 1193 2793 ΙΙ
1211 2748 1301 2794 non]
1327 2759 1413 2783 nam
1440 2748 1480 2782 F
1495 2749 1508 2793 ΙΙ
1529 2751 1571 2783 13
1597 2759 1709 2792 ansyr
1734 2747 1802 2793 Fu
1833 2751 1876 2782 14
1902 2746 2032 2792 etiam]

328 2797 366 2830 et
386 2795 427 2830 F
440 2795 453 2839 ΙΙ
475 2799 517 2830 15
543 2795 608 2830 sed
633 2805 699 2830 om.
714 2794 802 2830 LH
824 2795 923 2840 (add
940 2795 966 2838 l)
986 2796 997 2840 ll
1017 2794 1156 2830 dictam
1182 2806 1355 2840 sponsam
1375 2795 1424 2830 M
1440 2796 1452 2842 Η
1472 2795 1611 2830 dictum
1633 2794 1674 2829 F
1688 2796 1700 2841 ΙΙ
1722 2799 1764 2830 17
1790 2796 2032 2848 quamquam}

328 2843 552 2887 quandoque
577 2842 614 2877 R
637 2843 650 2889 ΙΙ
678 2841 901 2878 aristotilem
926 2841 1058 2877 ΑΒΓ
1091 2842 1309 2878 aristotelen
1334 2843 1422 2877 LH
1443 2845 1456 2887 ΙΙ
1486 2842 1710 2888 moriantur]
1736 2842 1856 2887 perire
1882 2841 2034 2876 credan-

326 2892 387 2924 tur
412 2889 452 2924 F
467 2890 480 2936 ΙΙ
513 2892 556 2925 18
581 2889 765 2936 Neptuni]
791 2891 948 2935 nuptum
974 2888 1015 2924 F
1039 2891 1051 2935 ΙΙ
1083 2893 1127 2924 20
1152 2890 1288 2935 tarcyti
1313 2890 1470 2925 ASRL
1507 2889 1673 2934 tarquito
1698 2889 1743 2923 H
1774 2888 1934 2933 turquiti
1959 2889 1999 2923 F
2023 2890 2032 2932 Ιξ

327 2941 372 2972 23
399 2938 449 2972 ad
473 2949 616 2971 mpamr
641 2948 890 2973 11.s.v.non
914 2936 1101 2982 permittit
1125 2937 1208 2972 usui
1234 2947 1312 2973 esse
1339 2937 1387 2973 ad
1413 2948 1452 2972 se
1477 2935 1746 2982 protegendum
1778 2936 1811 2969 T
1840 2937 1853 2981 ΙΙ
1888 2935 2030 2981 tarqui-

326 2984 430 3019 nium
456 2984 496 3019 F
512 2985 523 3030 ΙΙ
543 2987 588 3019 24
614 2985 664 3019 ad
688 2996 874 3020 nervuum
899 2997 929 3019 Τ.
954 2995 983 3020 s.
1008 2995 1040 3019 v.
1068 2984 1183 3020 deicit
1213 2984 1254 3019 in
1282 2986 1419 3020 terram
1447 2985 1480 3019 T
1497 2986 1508 3030 ΙΙ
1528 2988 1571 3019 25
1598 2985 1649 3019 ad
1673 2995 1810 3018 immeo
1836 2997 1867 3019 P.
1888 2997 1920 3021 F.
1945 2995 1973 3019 s.
1999 2995 2031 3019 v.

326 3031 436 3067 irato.
475 3032 514 3066 et
538 3031 609 3066 hoc
635 3030 794 3068 dicendo
820 3030 995 3077 exprimit
1018 3032 1105 3067 irati
1130 3043 1338 3077 personam.
1381 3034 1419 3067 et
1442 3032 1535 3067 haec
1561 3030 1686 3066 omnia
1709 3031 1828 3065 morte
1854 3029 2032 3076 pallantis

302 3118 305 3121 ,
327 3079 535 3124 agebantur
559 3078 592 3113 Τ
605 3079 617 3125 ΙΙ
637 3079 744 3133 quid]
769 3079 821 3125 qd
840 3079 881 3114 F
895 3081 907 3126 ΙΙ
926 3083 971 3114 26
991 3079 1150 3114 seruiret
1169 3079 1203 3114 G
1221 3081 1233 3126 ss
1253 3084 1297 3114 28
1316 3091 1433 3114 mrmc
1451 3079 1488 3114 R
1513 3090 1592 3113 ism
1611 3078 1655 3112 Η
1669 3079 1681 3123 ΙΙ
1699 3077 1916 3114 sarcaismos
1935 3079 2035 3113 HM

327 3126 528 3162 arcaismos
554 3125 595 3161 F
610 3128 622 3172 ΙΙ
641 3126 786 3173 inrisio]
812 3126 957 3162 homeri
982 3127 1038 3162 est
1063 3139 1191 3162 uersus
1217 3128 1282 3172 (Il.
1309 3126 1395 3161 XXl
1421 3129 1501 3168 122)
1528 3123 1718 3161 ἐνταυθοῖ
1736 3126 1807 3160 νῦν
1833 3129 1936 3161 κεῖσο
1962 3155 1971 3162 .
1992 3154 1999 3161 .
2021 3152 2029 3159 .

327 3171 469 3219 ἀργέτα
493 3171 614 3219 δημόν
641 3175 726 3210 aad.
747 3175 786 3209 D
805 3176 816 3221 ΙΙ
835 3175 885 3210 ad
910 3186 1000 3210 ISTIC
1026 3185 1053 3209 s.
1079 3185 1111 3209 v.
1136 3174 1198 3209 hic
1226 3174 1259 3208 Τ
1275 3176 1287 3219 ΙΙ
1315 3178 1360 3209 29
1388 3175 1436 3209 acl
1462 3185 1588 3208 omma
1614 3186 1649 3207 M.
1675 3183 1702 3208 s
1728 3183 1759 3208 v.
1788 3174 1854 3208 aut
1876 3183 1917 3208 re
1941 3184 2032 3208 uera

327 3222 448 3257 mater
473 3221 539 3257 aut
563 3221 686 3267 patria
711 3223 812 3258 terra
842 3222 874 3257 T
