2092 3614
489 288 641 325 COMM.
668 287 721 323 IN
747 287 889 324 VERG.
915 287 1028 324 AEN.
1054 287 1141 323 VIII
1170 291 1368 322 ier-183.
1681 284 1768 327 225

180 399 278 441 176.
328 415 528 442 GRAMINEO
563 397 630 440 hic
660 396 729 440 ‘de
755 397 946 452 yraniine
973 395 1118 451 facto',
1155 396 1259 438 alibi
1289 394 1542 450 ‘yramineo’
1568 409 1649 449 pro
1677 408 1772 449 ¹qra-

57 471 233 525 minoso,
264 473 312 512 ut
341 468 457 524 <VII
486 470 598 524 106>
627 470 885 525 yramineo
915 469 1056 523 ripae
1085 467 1323 522 reliyavit
1351 467 1408 508 ab
1439 481 1614 521 ayyere
1644 467 1771 509 clas-

57 557 166 586 sem.
287 552 444 584 SEDILI
468 540 579 583 bene
606 539 793 582 ‘sedili'2
825 555 927 582 nam
958 539 1005 581 in
1035 538 1200 594 templo
1226 536 1427 580 Herculis
1460 538 1773 580 lectisternium

59 629 152 656 esse
184 628 273 656 non
302 612 476 655 licebat.
537 602 726 666 quamvis
756 612 870 666 apud
897 614 1044 653 veteres
1074 623 1211 671 omnes
1240 610 1418 652 sedentes
1447 613 1708 651 vescerentur.

186 685 281 727 177.
330 700 580 727 PRAEOIPVVM
601 686 735 738 potest
764 686 803 729 et
832 681 1089 737 ‘praecipue'
1121 683 1263 736 accipi.

183 757 277 799 178.
329 766 511 798 ACCIPIT
554 758 628 797 aut
669 755 851 810 suscipit
893 754 945 796 ad
988 754 1239 796 sedendum:
1281 754 1356 795 aut
1394 752 1554 808 pascit,
1594 754 1642 793 ut
1681 750 1776 806 <III

60 827 176 882 353>
203 827 328 869 illos
360 825 771 882 porticibus'rex
805 826 1100 881 accipiebat
1131 825 1179 867 in
1214 824 1411 879 amplis.
1461 826 1604 866 torum
1632 824 1776 865 autem

60 899 292 941 herbarum
319 912 448 953 super
474 897 631 940 solium
662 897 796 940 fuisse
824 897 1151 953 intellegamus,
1183 911 1238 939 116
1264 896 1323 938 sit
1338 887 1473 937 'sedili
1499 894 1778 937 contrarium.

60 984 248 1027 congrue
289 972 434 1012 autem
472 970 523 1012 de
554 969 691 1012 leonis
729 969 843 1024 pelle
882 969 984 1011 dicit
1021 970 1291 1023 coopertum,
1333 967 1456 1023 quasi
1498 967 1545 1008 in
1576 966 1778 1008 Herculis

61 1042 207 1085 sacris.
327 1041 350 1067 '¹‘
365 1058 530 1085 JNVJTAT
557 1045 595 1084 et
625 1058 776 1084 ACCIPIT
802 1040 923 1083 verba
953 1040 1188 1094 hospitalia.
1202 1039 1226 1064 ‘¹‘

184 1113 280 1156 179.
331 1125 429 1156 TVM
469 1124 608 1156 LEc'ri
649 1124 850 1155 1VVENEs
894 1126 982 1154 non
1023 1114 1149 1154 vacat
1190 1109 1354 1153 ‘lecti'z
1399 1111 1445 1152 in
1488 1109 1622 1152 sacris
1665 1109 1778 1151 enim

63 1184 264 1228 Herculis
296 1199 375 1227 nec
407 1183 520 1227 servi
550 1184 789 1226 intererant
819 1198 898 1226 nec
928 1183 1094 1238 liberti,
1125 1183 1232 1225 adeo
1258 1184 1307 1224 111
1333 1182 1522 1237 Appius,
1556 1181 1630 1236 qui
1656 1195 1780 1223 sacra

63 1255 171 1297 haec
202 1255 430 1298 transtulit
466 1255 512 1296 in
550 1255 733 1298 libertos
764 1255 840 1306 vel,
877 1257 925 1296 ut
954 1254 1124 1308 quidam
1155 1253 1313 1307 volunt,
1350 1254 1398 1295 in
1427 1266 1561 1296 servos
1583 1249 1781 1307 publicos,

62 1330 106 1369 et
137 1327 326 1370 caruerit
357 1326 491 1369 oculis
525 1329 568 1368 et
598 1326 715 1369 intra
746 1341 907 1368 annum
939 1340 1113 1368 omnem
1145 1324 1360 1367 familiam
1391 1324 1627 1380 perdiderit
1657 1323 1780 1366 Pina-

62 1400 238 1442 riorum.
330 1410 565 1441 CERTATIM
590 1398 633 1440 id
659 1401 725 1440 est
750 1397 956 1453 studiose.
1054 1407 1275 1446 ARAEQVE
1301 1407 1538 1439 SACERDOS
1565 1396 1780 1438 maximae

47 1471 243 1514 scilicet:
269 1469 461 1512 nondum
488 1470 603 1511 enim
628 1470 839 1524 templum
859 1468 1059 1510 Herculis
1085 1467 1239 1522 fuerat,
1266 1468 1340 1510 sed
1366 1483 1441 1510 ara
1467 1467 1782 1522 tantummodo,

63 1556 194 1597 quam
227 1541 460 1583 maximam
493 1540 597 1582 dicit
629 1539 775 1594 <271>
809 1554 860 1582 ex
891 1539 1191 1595 magnitudine
1221 1539 1426 1583 fabricae.

186 1613 282 1655 181.
332 1623 611 1655 LABORATAE
643 1622 836 1654 onnnms
876 1625 985 1667 quae
1019 1613 1117 1667 eget
1147 1611 1330 1666 laboris,
1367 1614 1416 1653 ut
1448 1625 1561 1653 mox
1594 1614 1643 1653 et
1674 1611 1781 1653 fru-

65 1684 253 1726 mentis
286 1683 436 1726 labor
468 1683 693 1739 additus,
724 1685 778 1726 ut
810 1683 943 1725 mala
969 1683 1162 1725 culmos
1195 1684 1334 1724 esset
1364 1683 1571 1739 robigo:
1603 1683 1781 1739 glandes

68 1755 182 1797 enim
214 1755 305 1798 sine
337 1755 426 1797 ullo
459 1755 608 1798 labore
638 1756 888 1797 nascuntur.

192 1826 285 1869 183.
335 1838 567 1869 PERPETVI
592 1837 747 1869 TERGO
774 1836 912 1868 BOVIS
941 1826 1051 1878 [aut]
1086 1824 1321 1867 secundum
1345 1823 1586 1867 Homerum
1617 1826 1783 1867 intelle-

69 1897 275 1953 gendum,
313 1897 388 1953 qui
425 1897 533 1939 dicit
570 1912 720 1940 carnes
753 1896 871 1938 dorsi
903 1896 1064 1952 apponi
1097 1896 1247 1938 solitas
1280 1896 1697 1952 honorabilioribus,
1735 1899 1784 1939 ut

1802 689 1823 719 5

1807 1046 1851 1077 10

1811 1405 1852 1434 15

1809 1763 1854 1794 20

68 1969 126 2010 611
157 1983 307 2011 66116116
340 1968 459 2010 talis:
492 1969 639 2023 posuit
670 1970 769 2011 ante
803 1982 876 2010 eos
909 1967 1059 2022 magni
1091 1967 1217 2010 bovis
1250 1982 1399 2010 carnes
1433 1983 1504 2010 eas
1532 1983 1640 2024 quae
1668 1968 1783 2024 apud
1821 2023 1824 2027 Ι

67 2040 251 2082 maiores
284 2040 328 2082 in
360 2040 523 2093 honore
554 2039 743 2081 fuerunt.
795 2040 839 2080 et
864 2053 910 2080 re
937 2053 1039 2081 vera
1065 2037 1313 2094 ‘perpetui':
1344 2053 1446 2080 nam
1478 2039 1529 2080 de
1561 2038 1643 2081 hoc
1675 2039 1783 2081 bove

67 2110 294 2153 immolato
334 2110 510 2154 Herculi
553 2126 704 2153 carnes
750 2110 892 2153 carius
937 2109 1233 2152 vendebantur
1276 2123 1408 2151 causa
1450 2109 1695 2164 religionis,
1740 2113 1783 2151 et

68 2182 168 2224 inde
207 2182 316 2224 alter
353 2182 663 2238 redimebatur,
700 2182 773 2237 qui
794 2189 857 2223 ‘ex
888 2181 1004 2223 illius
1043 2180 1185 2237 pretio
1224 2184 1500 2235 comparatus
1534 2182 1656 2237 quasi
1688 2195 1784 2235 per-

67 2256 221 2309 petuus
254 2268 348 2296 esse
381 2254 617 2297 videbatur.
669 2253 823 2309 ‘tergo’
852 2255 995 2296 autem
1027 2254 1174 2308 potest
1200 2267 1225 2294 a
1250 2256 1373 2307 parte
1399 2254 1540 2294 totum
1568 2252 1782 2308 intellegi:

170 2399 186 2430 1
214 2394 275 2430 hic
397 2394 623 2441 graminoso]
651 2383 697 2430 cf.
725 2394 811 2430 Isid.
838 2393 917 2429 diff.
944 2394 1044 2429 verb.
1072 2397 1140 2429 223
1178 2394 1191 2439 1}
1228 2397 1249 2428 3
1275 2393 1371 2428 bene
1398 2393 1505 2428 sedili
1533 2423 1539 2429 .
1562 2421 1568 2428 .
1591 2421 1598 2428 .
1627 2393 1782 2439 licebat]

69 2442 115 2477 cf.
143 2441 305 2477 Macrob.
334 2442 409 2479 Sat.
435 2441 487 2477 III
515 2447 547 2487 6,
576 2448 618 2479 16
655 2444 667 2489 ΙΙ
709 2446 751 2478 16
783 2443 948 2478 nondum
980 2441 1079 2478 enim
1107 2468 1114 2475 .
1138 2470 1145 2477 .
1167 2470 1175 2478 .
1201 2440 1385 2487 fabricae]
1423 2441 1468 2476 cf.
1501 2440 1617 2477 schol.
1644 2443 1719 2477 vet.
1746 2442 1783 2476 in

71 2490 197 2525 Iuven.
223 2488 312 2524 VIII
333 2491 407 2537 1411
434 2493 478 2525 18
503 2490 605 2536 mox]
631 2501 757 2536 georg.
785 2490 801 2525 I
829 2494 896 2526 150
916 2491 927 2536 ΙΙ
953 2493 995 2524 21
1024 2489 1243 2535 Homerum]
1270 2489 1313 2524 Il.
1339 2487 1497 2524 V11321

169 2611 189 2643 5
215 2608 266 2643 ad
289 2619 582 2649 PnAncrrvvnQvE
606 2619 708 2654 supr.
733 2620 821 2644 vers.
848 2609 973 2655 potest
998 2619 1065 2653 pro
1091 2607 1293 2661 praecipue
1319 2607 1440 2653 accipi
1469 2607 1502 2641 T
1537 2608 1549 2653 Η
1587 2610 1608 2642 8
1634 2607 1782 2642 11116116-

0 2659 2 2698 s
75 2655 197 2700 gimus
223 2655 266 2690 H
294 2657 307 2703 ΙΙ
337 2660 358 2691 9
384 2666 546 2702 congrue
572 2658 697 2691 autem
725 2656 822 2691 sieut
847 2657 892 2691 de
917 2656 1036 2691 leonis
1061 2656 1160 2701 pelle
1186 2657 1282 2690 sicut
1308 2654 1450 2690 dictum
1478 2657 1536 2690 est
1561 2654 1698 2690 (licitur
1724 2666 1783 2690 60-

0 2723 5 2751 1,
75 2703 247 2748 opertum
273 2702 321 2737 F.
360 2703 457 2739 sicut
482 2707 515 2738 et
540 2703 638 2739 616111
664 2704 805 2739 dictum
832 2705 890 2739 est
915 2704 1035 2739 omisit
1059 2703 1208 2738 Daniel.
1249 2704 1403 2746 fortasse
1436 2701 1533 2737 616111
1558 2702 1699 2738 dictum
1728 2705 1785 2737 est

0 2774 7 2798 2
67 2754 153 2795 post
178 2750 441 2796 intellegamus
466 2751 558 2786 addi
581 2752 696 2786 voluit
715 2752 896 2796 plenioris
922 2751 1170 2786 commentarii
1194 2754 1335 2793 auctor,
1361 2761 1441 2785 cum
1466 2761 1582 2795 supra
1607 2751 1657 2785 ad
1684 2750 1781 2796 ‘yra-

0 2803 6 2821 ἲ
70 2797 201 2833 mineo’
230 2798 456 2843 ademptum
481 2802 567 2833 esset
595 2798 652 2833 ‘de
675 2799 842 2844 ¹oramine
866 2798 992 2842 facto’.
1018 2799 1030 2844 ΙΙ
1059 2798 1120 2844 de]
1147 2798 1233 2842 fort.
1261 2798 1378 2833 sedile
1403 2798 1457 2832 vel
1482 2797 1521 2831 id
1540 2798 1551 2843 ΙΙ
1582 2798 1680 2842 pelle
1707 2798 1783 2832 leo—

0 2851 14 2895 Δ(
70 2845 128 2880 nis
153 2845 190 2880 R
220 2846 233 2890 ΙΙ
264 2845 371 2890 quasi
397 2872 405 2880 .
428 2873 435 2880 .
457 2872 464 2880 .
492 2844 622 2891 sacris]
655 2846 744 2890 quia
774 2845 871 2880 nihil
895 2845 1115 2891 oportunius
1139 2845 1180 2880 in
1205 2845 1376 2880 Herculis
1402 2845 1499 2880 festo
1525 2846 1664 2881 Daniel
1694 2846 1707 2891 ΙΙ
1740 2849 1783 2880 10

73 2905 211 2928 mvriwr
237 2922 245 2929 .
267 2922 275 2929 .
299 2921 306 2928 .
332 2892 537 2938 hospitalia
557 2896 642 2938 post
666 2893 900 2928 Pinariorum
925 2894 1007 2929 hab.
1034 2891 1075 2927 F
1108 2894 1130 2940 μ’
1159 2897 1201 2928 13
1233 2892 1295 2928 vel
1326 2893 1369 2927 ut
1393 2893 1547 2939 Daniel:
1581 2892 1677 2927 uelit
1701 2892 1742 2927 F
1773 2894 1784 2938 ᾗ

73 2938 226 2975 inserios
251 2940 292 2975 F
325 2939 477 2975 inferios
505 2940 550 2983 G,
576 2951 667 2977 corr.
688 2941 827 2976 Daniel
845 2942 857 2987 ΙΙ
885 2944 928 2975 14
954 2939 1205 2986 Pinariorum]
1232 2941 1340 2975 inimo
1366 2938 1600 2975 Potitiorum.
1629 2941 1674 2983 cf.
1697 2940 1783 2974 Ma—

0 3013 1 3018 ,
73 2987 165 3022 crob.
192 2987 270 3023 Sat.
297 2987 349 3022 III
375 2991 407 3031 6,
436 2991 498 3031 13;
530 2987 614 3024 Liv.
643 2989 657 3023 I
685 2991 716 3029 7,
745 2992 805 3031 14;
837 2988 937 3023 Fest.
962 2998 990 3023 s.
1016 2999 1048 3023 v.
1078 2987 1305 3024 ‘Potitium’.
1351 2990 1503 3022 ceterum
1528 2987 1783 3032 pinnariorum

0 3065 14 3091 3
73 3033 159 3068 LH
173 3035 185 3080 Η
216 3038 258 3070 17
285 3035 449 3070 maxima
474 3034 514 3070 F
530 3036 541 3082 ΙΙ
567 3035 663 3070 dixit
688 3035 762 3071 AS
779 3037 791 3081 ss
810 3035 992 3082 fabricae]
1020 3036 1182 3071 Viscera.
1210 3035 1333 3070 uiscus
1360 3034 1505 3069 uiscera
1530 3035 1680 3080 (uisceri
1705 3035 1782 3069 ead.

892 3092 911 3110 V

77 3126 173 3151 man.
201 3116 272 3161 leye
296 3117 464 3163 uisceris)
489 3118 582 3153 facit
606 3118 690 3154 add.
713 3118 754 3153 F
767 3118 780 3164 ΙΙ
800 3122 844 3154 19
869 3118 1000 3164 robigo
1019 3118 1118 3153 AM
1152 3117 1285 3162 rubigo
1311 3117 1445 3162 reliqui
1463 3118 1474 3163 ΙΙ
1494 3121 1537 3152 21
1565 3119 1632 3152 aut
1655 3116 1784 3151 seclusi

75 3165 108 3196 et
132 3163 236 3206 infra
261 3164 342 3209 (lin.
362 3166 423 3210 24)
450 3166 488 3200 61
513 3176 551 3201 16
576 3177 666 3201 vera
690 3166 822 3211 scripsi
840 3177 913 3212 pro
939 3167 1005 3201 aut
1029 3176 1068 3200 re
1093 3176 1199 3200 vera:
1225 3175 1313 3200 nam
1338 3165 1540 3200 secundum
1560 3193 1567 3200 .
1584 3191 1614 3199 ..
1634 3163 1785 3198 fuerunt

76 3219 152 3243 non
176 3210 259 3254 ipsa
283 3222 421 3257 quoque
445 3223 484 3248 eo
508 3216 672 3258 spectant
695 3217 737 3249 ut
764 3205 972 3260 ‘peso-petum
998 3213 1073 3249 bos'
1102 3213 1167 3257 qui
1191 3213 1239 3247 sit
1263 3212 1524 3258 intelleyenclus
1543 3214 1749 3255 eoeponatur
1773 3210 1785 3256 ΙΙ

78 3259 122 3291 26
149 3255 261 3303 alter]
288 3257 384 3293 alter
407 3259 475 3294 bos
502 3260 550 3294 M
588 3261 725 3295 vitulus
751 3261 845 3297 alter
870 3261 1073 3297 Fabricius
1091 3262 1103 3307 ll
1135 3259 1198 3304 qui
1221 3287 1229 3295 .
1255 3289 1262 3296 .
1285 3289 1291 3295 .
1319 3259 1517 3295 videbatur
1542 3270 1607 3294 oni.
1628 3258 1665 3292 R

149 3321 247 3348 Servii
265 3329 372 3350 comm.
390 3323 459 3351 Vol.
476 3324 519 3350 11.
538 3324 627 3351 Fano.
645 3326 671 3351 Ι.
1456 3322 1498 3352 15
