2092 3614
533 277 683 315 GOMM.
710 277 764 314 IN
788 276 931 313 VERG.
958 276 1068 313 AEN.
1095 275 1147 311 XI
1174 279 1373 312 187-206.
1720 273 1807 315 499

223 389 321 432 196.
370 401 467 432 NON
499 399 688 431 FELIOEA
721 399 844 430 TELA
874 386 1027 443 quibus
1061 401 1106 429 se
1137 385 1364 428 defendere
1395 384 1691 440 nequiverunt.

223 461 318 504 197.
368 472 655 503 MAOTANTVR
681 471 899 503 CORPORA
923 470 1071 502 monn
1103 460 1178 500 aut
1203 457 1265 499 ‘in
1289 455 1510 500 mortem':
1544 458 1620 499 aut
1648 454 1809 499 ‘Morti'

99 533 184 588 ipsi
221 532 343 575 deae:
382 531 550 575 Statius
587 533 638 575 in
677 531 906 587 seopulis
938 529 1074 573 Mors
1108 544 1260 573 saeva
1292 529 1451 584 sedet,
1489 528 1687 571 Lucanus
1720 526 1813 583 <V1

101 603 217 659 600>
261 604 528 660 ipsamque
572 605 807 647 vocatam
846 616 991 658 quem
1028 603 1174 658 petat
1211 616 1233 643 e
1269 601 1419 645 nobis
1458 600 1676 643 Mortem
1713 599 1812 642 tibi

100 673 225 732 c'oge
256 674 427 718 fateri.
520 686 656 718 CIRCA
684 676 827 717 autem
853 674 963 730 ideo,
995 673 1107 730 quia,
1139 675 1188 715 ut
1212 672 1428 716 Homerus
1457 672 1572 727 dicit,
1603 673 1649 714 in
1674 673 1812 714 morte
1839 679 1859 711 5

99 746 288 790 Patrocli
327 748 441 790 circa
479 762 634 802 corpus
673 746 852 789 extincti
882 748 975 788 tam
1007 745 1222 801 homines,
1264 759 1395 801 quam
1426 759 1586 800 pecora
1617 744 1813 787 immola-

100 818 269 875 bantur,
300 821 350 861 ut
379 833 465 861 uno
497 817 590 875 igni
616 819 929 860 cremarentur:
960 817 1075 860 unde
1102 820 1168 859 est
1192 817 1238 858 in
1266 819 1387 859 sexto
1417 815 1564 872 <228>
1592 830 1813 872 ossaque

99 890 237 932 lecta
268 890 392 932 cado
424 889 557 932 texit
590 887 885 945 Corynaeus
919 903 1055 932 aeno.

221 962 318 1005 198.
368 973 549 1005 RAPTAS
587 960 749 1016 raptim
788 960 1008 1016 advectas3
1046 975 1150 1003 nam
1188 963 1291 1015 post
1320 960 1510 1003 indutias
1543 974 1695 1015 rapere
1726 974 1815 1002 non

100 1035 320 1088 poterant:
353 1035 428 1076 aut
459 1035 574 1076 certe
605 1035 701 1075 ante
731 1031 925 1088 ‘raptas’,
958 1032 1062 1074 belli
1095 1031 1262 1074 scilicet
1291 1035 1498 1088 tempore.
1843 1039 1886 1070 10

221 1105 317 1148 199.
367 1122 414 1148 IN
438 1122 634 1148 FLAMMAM
660 1105 708 1146 id
735 1107 795 1147 est
822 1105 870 1147 in
899 1118 1055 1160 roynrn.

220 1177 319 1219 201.
369 1193 492 1219 Bvsffl
522 1176 684 1218 bustum
715 1176 867 1218 dicitur
896 1177 944 1218 in
974 1190 1052 1231 quo
1083 1180 1272 1219 mortuus
1299 1176 1516 1220 conbustus
1546 1178 1615 1231 est,
1646 1188 1815 1230 ossaque

100 1248 188 1292 eius
218 1248 277 1291 ibi
306 1249 428 1291 iuaeta
456 1251 556 1290 sunt
584 1248 753 1302 sepulta.
815 1248 894 1290 alii
923 1248 1082 1304 dieunt,
1119 1248 1190 1291 ubi
1219 1248 1337 1291 horno
1368 1248 1595 1291 combustus
1625 1250 1699 1303 est,
1730 1246 1816 1289 nisi

99 1320 250 1363 ibidem
279 1319 474 1363 humatus
502 1320 642 1376 fuerit,
673 1333 758 1362 non
789 1333 870 1363 esse
900 1320 959 1362 ibi
989 1320 1162 1372 bustum,
1192 1321 1263 1363 sect
1291 1320 1512 1362 ustrinurn.

223 1392 321 1435 202.
371 1408 561 1435 mmmm·
577 1408 673 1434 CAEL
681 1407 738 1433 VM
763 1392 919 1445 †pater
954 1392 1063 1445 illud
1096 1392 1207 1446 quod
1240 1392 1287 1434 in
1316 1394 1516 1445 promptu
1546 1394 1604 1434 est
1635 1390 1819 1433 ‘invertit
1844 1400 1887 1431 15

101 1462 286 1520 eaelum’‚
321 1466 370 1506 ut
403 1477 453 1506 ea
481 1477 587 1518 pars
617 1477 721 1517 quae
750 1467 905 1506 noctem
936 1463 1115 1519 haberet,
1145 1463 1220 1506 sub
1252 1466 1363 1505 terra
1392 1466 1501 1506 esset.
1624 1474 1815 1506 STELLIS

101 1547 262 1578 APTVM
294 1534 587 1590 coniunctum,
619 1530 705 1577 ἀπὸ
737 1535 818 1578 τοῦ
851 1531 1082 1578 ἅπτεσθαι.

222 1607 322 1651 204.
370 1618 641 1649 INNVMERAS
663 1618 905 1650 STRVXERE
924 1618 1070 1650 PYRAs
1090 1606 1172 1649 hoc
1191 1607 1286 1649 loco
1307 1606 1456 1648 multis
1476 1606 1604 1649 rebus
1625 1605 1818 1648 ostendit

104 1679 346 1722 inmensam
376 1678 549 1721 caedem
580 1677 744 1721 factam
777 1693 870 1722 esse
901 1678 1177 1722 Rutulorum.

222 1750 322 1793 206.
371 1761 615 1793 FINITIMOS
647 1761 866 1793 'ronnvnr
899 1762 949 1793 m
970 1762 1132 1794 nenos
1169 1750 1242 1806 qui
1274 1750 1386 1793 enim
1420 1764 1442 1792 e
1474 1750 1712 1807 longinquo
1745 1765 1818 1794 ve·
1842 1758 1888 1790 20

103 1825 270 1879 nerant,
302 1822 454 1864 referri
484 1837 574 1865 non
605 1824 820 1877 poterant.
941 1834 1146 1874 VRBIQVE
1178 1834 1451 1864 REMITTVNT
1485 1822 1605 1864 deest
1637 1821 1818 1865 ‘unicui-

104 1893 214 1950 que'.
254 1896 297 1936 et
322 1894 520 1937 meminit
546 1894 748 1949 antiquae
775 1894 1117 1937 consuetudinis:
1148 1909 1249 1937 nam
1276 1895 1375 1935 ante
1402 1894 1533 1935 etiam
1559 1894 1604 1935 in
1631 1894 1817 1936 civitati-

106 1965 185 2008 bus
218 1965 548 2021 sepeliebantur,
578 1965 691 2020 quod
722 1967 875 2021 postea
906 1964 1079 2007 Duellio
1112 1965 1289 2008 consule
1320 1966 1495 2007 senatus
1521 1964 1749 2021 prohibuit
1775 1968 1819 2007 et

103 2039 198 2092 lege
231 2036 357 2092 cavit,
388 2051 441 2079 ne
474 2036 569 2093 quis
601 2036 646 2078 111
675 2036 780 2080 urbe
808 2036 1078 2092 sepeliretur:
1110 2036 1222 2079 unde
1248 2036 1533 2092 imperatores
1560 2038 1603 2079 et
1628 2037 1818 2093 virgines

200 2175 407 2260 BbStsstius]
435 2177 552 2214 Theb.
579 2177 631 2214 IV
657 2180 725 2213 528
745 2178 758 2223 ΙΙ
785 2180 828 2213 12
854 2176 1005 2213 bustum
1032 2176 1170 2213 dicitur
1196 2205 1204 2213 .
1227 2206 1234 2213 .
1256 2205 1264 2214 .
1290 2178 1485 2224 ustrinum]
1513 2178 1559 2214 cf.
1586 2178 1684 2214 Fest.
1711 2178 1816 2215 Paul.

106 2237 134 2261 s.
160 2238 196 2262 v.
248 2235 291 2260 us
310 2236 374 2260 11111

202 2361 223 2393 3
258 2356 367 2403 deae]
395 2366 491 2402 quae
517 2354 588 2392 dea
613 2357 672 2391 est
696 2355 732 2391 R
771 2355 843 2392 dea
868 2357 926 2392 est
949 2356 994 2391 H
1020 2357 1033 2402 ΙΙ
1069 2356 1256 2402 speluncis
1282 2356 1356 2392 AS
1391 2356 1553 2402 scopolis
1578 2357 1624 2392 H
1657 2358 1817 2403 speculis

107 2404 222 2441 Statii
246 2405 365 2451 libriss
394 2404 516 2439 lumus
541 2404 586 2439 H
600 2405 612 2450 ΙΙ
640 2407 662 2438 4
688 2415 800 2449 quem
825 2403 1023 2439 RHMF:
1050 2415 1142 2449 quos
1167 2404 1240 2440 AS
1258 2405 1270 2451 ΙΙ
1293 2405 1401 2450 petat
1427 2415 1446 2439 e
1473 2404 1588 2440 HM:
1614 2404 1756 2451 pietate
1781 2405 1818 2440 R

134 2453 215 2488 etat
239 2463 262 2487 a
279 2451 352 2487 As
360 2451 402 2487 F
415 2453 428 2497 ΙΙ
448 2455 468 2487 5
495 2451 598 2497 cogis
617 2451 706 2487 RH
720 2452 732 2498 ss
753 2455 772 2487 7
799 2453 838 2486 et
860 2461 934 2486 11110
960 2451 1046 2497 igne
1072 2453 1334 2488 cremabantur
1355 2452 1396 2487 F
1411 2453 1423 2499 ΙΙ
1448 2455 1469 2488 8
1496 2453 1606 2499 aeno]
1633 2453 1817 2489 Homerus

106 2464 150 2535 {v
176 2500 226 2547 τῷ
252 2507 283 2541 ψ
310 2500 408 2545 (170)
440 2499 489 2534 ad
514 2499 675 2544 patrocli
699 2510 832 2544 pyram
859 2496 900 2535 ἐν
926 2495 964 2534 δ’
993 2496 1115 2535 ἐτίθει
1144 2529 1151 2535 .
1172 2528 1179 2535 .
1202 2529 1209 2535 .
1237 2499 1308 2535 δύο
1334 2498 1604 2545 δειροτομήσας
1630 2501 1715 2537 add.
1741 2501 1781 2536 D
1805 2501 1817 2548 Η

107 2552 128 2582 9
154 2547 255 2593 post]
282 2557 348 2591 per
373 2546 493 2582 ASF
507 2548 520 2591 ΙΙ
538 2546 707 2582 inducias
734 2547 821 2582 libri
839 2548 851 2594 ΙΙ
882 2550 926 2582 10
952 2547 1045 2583 belli
1069 2558 1135 2582 om.
1157 2547 1197 2582 F
1213 2549 1225 2595 ΙΙ
1246 2551 1288 2583 11
1315 2548 1365 2583 ad
1390 2559 1560 2583 FLAMMAM
1585 2559 1612 2585 s.
1638 2560 1670 2585 v.
1697 2548 1736 2584 id
1763 2552 1821 2584 est

106 2606 240 2640 rogum
269 2594 302 2628 T
318 2594 330 2640 ΙΙ
359 2598 402 2629 12
427 2605 455 2630 s.
475 2605 508 2630 v.
534 2598 602 2630 201
629 2595 779 2630 bustum
804 2597 861 2630 est
886 2594 987 2640 quod
1011 2597 1157 2631 mortuo
1183 2594 1342 2631 soluitur
1367 2607 1525 2640 ossaque
1551 2595 1629 2631 eius
1656 2595 1709 2632 ibi
1734 2598 1820 2632 usta

107 2643 204 2678 sunt.
255 2640 320 2677 alii
346 2640 478 2676 dicunt
504 2670 511 2678 .
533 2669 540 2676 .
562 2669 570 2677 .
598 2641 664 2677 sed.
687 2641 871 2677 ustrinum
899 2642 933 2677 T
955 2643 968 2687 ΙΙ
996 2641 1034 2677 111
1060 2654 1134 2687 quo
1161 2670 1168 2678 .
1191 2669 1199 2678 .
1222 2672 1228 2679 .
1257 2644 1343 2678 sunt
1368 2644 1516 2688 sepulta
1541 2643 1820 2680 Kirchmannus

107 2690 151 2725 de
174 2689 257 2733 fuat.
283 2688 387 2725 Rom.
413 2688 467 2723 III
495 2694 531 2724 1:
560 2688 600 2723 id
625 2699 698 2735 quo
724 2690 891 2725 mortuos
918 2690 1102 2725 conbusta
1128 2691 1147 2727 0
1176 2701 1259 2726 ossa
1284 2700 1379 2736 quae
1406 2690 1484 2726 eius
1510 2691 1583 2726 sibi
1608 2690 1707 2726 iusta
1732 2694 1821 2727 sunt

108 2736 256 2782 sepulta
276 2735 317 2772 F
351 2735 391 2770 id
416 2747 490 2781 quo
514 2737 682 2772 mortuus
703 2737 903 2773 conbustus
917 2736 937 2757 *
956 2748 1113 2782 ossaque
1140 2737 1218 2773 eius
1243 2737 1297 2773 ibi
1316 2739 1417 2782 usta,
1444 2740 1530 2773 sunt
1550 2738 1698 2783 sepulta
1718 2739 1819 2774 Com—

107 2785 262 2820 melinas
298 2784 337 2819 id
363 2794 436 2828 quo
462 2782 601 2819 mortui
626 2783 822 2819 combusta
848 2795 933 2820 ossa
959 2786 1045 2820 sunt
1065 2785 1211 2831 sepulta
1231 2785 1373 2821 Lucius
1410 2786 1448 2820 id
1469 2797 1541 2831 quo
1563 2786 1700 2822 mortui
1719 2797 1816 2822 com-

108 2831 218 2868 busta
243 2833 351 2867 erant
375 2842 469 2874 ossa,
496 2830 597 2876 quod
621 2830 701 2866 eius
726 2831 780 2868 ibi
806 2842 890 2867 ossa
914 2834 999 2867 usta
1018 2832 1094 2868 sint
1113 2833 1260 2879 sepulta
1278 2833 1458 2869 Heinsius
1478 2835 1489 2880 ΙΙ
1520 2837 1563 2869 13
1589 2833 1662 2868 nisi
1687 2834 1816 2868 huma-

108 2880 169 2915 tus
194 2878 248 2915 ibi
273 2879 388 2914 fuerit
415 2878 448 2913 T
464 2879 477 2926 ΙΙ
497 2882 542 2913 14
566 2877 620 2913 ibi
646 2878 801 2914 Daniel:
825 2879 890 2914 ubi
918 2879 967 2923 F,
993 2890 1059 2915 om.
1084 2880 1143 2927 ΤΙΙ
1162 2880 1343 2916 astrinum
1369 2881 1410 2915 F
1424 2882 1437 2927 ΙΙ
1458 2885 1500 2916 15
1527 2892 1553 2918 s.
1574 2892 1606 2916 v.
1629 2885 1697 2916 202
1723 2881 1818 2917 1111111

110 2925 254 2962 scilicet
277 2926 378 2972 quod
403 2926 443 2961 in
466 2928 644 2972 promptu
670 2927 728 2961 est
751 2927 794 2961 ut
818 2937 863 2962 ea
881 2937 969 2971 pars
1068 2929 1167 2964 esset
1190 2928 1224 2963 Τ
1239 2930 1252 2974 ΙΙ
1270 2929 1394 2975 pater]
1420 2930 1526 2974 patet
1544 2929 1693 2964 Daniel.
1729 2930 1819 2964 mihi

109 2975 318 3020 interpretis
341 2985 470 3010 nomen
496 2974 605 3009 latere
629 2973 783 3009 videtur.
821 2974 975 3018 fortasse
994 2974 1122 3012 Hater.
1162 2976 1202 3011 id
1221 2979 1271 3011 est
1290 2976 1540 3020 Haterianus,
1565 2977 1607 3012 in
1626 2977 1819 3023 archetypo

109 3022 194 3065 fuit.
233 3022 278 3066 ef.
305 3021 412 3058 schol.
440 3021 520 3057 Ver.
547 3021 597 3057 ad
622 3020 656 3055 X
675 3024 756 3056 397.
780 3022 899 3066 possis
924 3025 957 3057 et
980 3022 1024 3058 de
1042 3022 1158 3068 Aspri
1183 3024 1327 3059 nornine
1352 3024 1518 3070 coyitare.
1540 3026 1552 3069 Ι]
1577 3026 1756 3070 prumptu
1782 3024 1822 3058 F

110 3070 259 3113 promtu
285 3069 318 3105 G-
353 3070 366 3115 ΙΙ
404 3073 447 3104 17
480 3081 601 3104 anror
626 3079 798 3104 ώηοεεεὼῐ
824 3068 861 3103 Α
905 3080 976 3104 ano
1007 3082 1075 3105 'ror
1101 3082 1278 3106 ΛΛτεεΒΛΤ
1303 3070 1340 3115 R
1385 3084 1454 3106 ΛΛο
1480 3084 1551 3106 ΤΟΥ
1576 3083 1755 3107 ’κω-1101111·
1779 3071 1824 3105 H

110 3127 183 3150 ano
209 3128 278 3151 ’1οΥ
302 3127 481 3152 an'rt-:cna'r
503 3117 551 3152 M
568 3117 581 3162 ΙΙ
599 3116 649 3152 ad
674 3128 739 3151 11110
764 3127 871 3151 muvs
897 3117 942 3161 (v.
964 3118 1048 3163 203)
1075 3117 1248 3153 similiter
1271 3117 1311 3161 T,
1337 3118 1451 3154 etiam
1471 3119 1510 3153 D
1529 3120 1540 3164 ΙΙ
1560 3123 1605 3154 20
1632 3130 1655 3154 a
1674 3118 1817 3164 longin-

112 3173 184 3207 quo
198 3163 271 3198 AS
287 3164 300 3208 ss
319 3168 363 3199 22
390 3163 564 3200 ciuitates
583 3164 629 3198 H
661 3163 816 3199 ciuitate
836 3163 887 3198 M
899 3164 912 3209 ΙΙ
930 3167 975 3199 23
999 3164 1138 3200 (11101110
1158 3165 1258 3200 RH:
1287 3176 1309 3199 a
1330 3165 1470 3201 duellio
1483 3166 1558 3201 AS
1594 3166 1759 3200 duellino
1774 3165 1825 3200 M

111 3220 134 3244 a
159 3209 275 3246 diulio
301 3210 349 3246 F.
387 3212 434 3255 οἷ’.
463 3212 711 3247 Mommsenus
738 3209 776 3247 O.
804 3211 839 3246 I.
866 3210 911 3247 L.
937 3210 954 3245 Ι
974 3223 1013 3258 p.
1041 3216 1085 3248 39
1112 3214 1237 3249 adnot.
1257 3213 1269 3259 u
1300 3216 1347 3247 24
1372 3213 1455 3259 lege
1482 3213 1583 3249 cavit
1607 3212 1740 3248 ASF:
1766 3212 1819 3249 le-

111 3257 218 3303 gauit
241 3257 331 3293 RH
334 3258 384 3293 M
403 3260 415 3305 ΙΙ
445 3259 542 3294 unde
568 3260 607 3294 et
630 3258 874 3304 imperatores
894 3258 966 3294 AS

184 3323 283 3351 Servii
303 3331 410 3351 comm.
430 3324 502 3351 Vol.
521 3325 564 3351 ΙΙ.
585 3325 674 3351 Fasc.
695 3324 738 3350 11.
1490 3323 1533 3354 33
