2124 3600
255 1034 300 1065 10

258 1391 300 1422 15

253 1749 298 1779 20

254 2105 298 2136 25

329 272 381 314 78
804 306 808 307 γ
1099 275 1258 313 SERVH

328 396 422 423 mus
462 381 626 438 Sibylla
667 383 782 425 aliud
824 383 1014 440 volente,
1059 385 1225 427 scilieet
1271 387 1317 426 ut
1360 379 1627 441 abscederet,
1672 384 1947 441 Deiphobum
1986 387 2038 429 ad

328 453 445 494 aliud
478 454 766 508 respondisse.

446 525 544 568 546.
594 538 610 567 Ι
643 537 794 569 DECVS
828 539 843 568 Ι
876 539 1094 570 NOSTRVM
1127 530 1202 570 aut
1235 527 1288 583 ‘i‚
1328 543 1352 570 o
1385 527 1512 570 decus
1545 531 1762 585 nostrum,
1801 533 1921 572 utere
1952 545 2035 572 me—

326 596 506 639 lioribus
535 597 672 654 fatis',
704 598 938 641 inferorum
972 599 1136 641 scilicet
1167 599 1492 655 conparatione,
1524 600 1626 655 quia
1652 600 1713 642 ait
1738 615 1868 656 supra
1893 600 2037 657 (533)

327 682 388 708 an
421 682 547 723 quae
578 671 627 710 te
654 669 865 711 fortuna
891 669 1101 725 fatigat,
1136 673 1187 712 ut
1213 670 1396 712 tristes
1424 670 1531 712 sine
1560 671 1667 713 sole
1700 671 1894 728 domos,
1926 673 2039 715 loca

325 739 534 781 turbida
567 740 768 782 adires?
818 742 893 783 aut
924 743 1036 783 certe
1070 741 1099 783 ‘i
1132 742 1278 797 decus,
1311 744 1354 783 et
1385 741 1485 784 fatis
1519 745 1637 785 utere
1663 746 1862 785 nostrum
1889 744 2037 787 melio-

325 809 474 866 ribus’,
505 810 547 852 id
581 814 648 854 est
680 826 807 868 quam
840 815 916 855 aut
947 826 1026 868 ego
1060 815 1136 855 aut
1166 815 1215 855 tu
1247 813 1489 855 habuimus.
1675 807 1684 816 ¹

444 881 541 924 549.
594 894 774 925 MOENIA
819 895 942 926 LATA
988 896 1132 926 VIDET
1178 883 1410 926 Tartarum
1455 884 1577 939 (licit,
1628 900 1755 940 quem
1808 885 1901 928 vult
1945 900 2037 928 esse

325 967 536 996 carcerem
570 954 818 996 inferorum.
865 955 977 1010 quod
1004 957 1149 998 autem
1175 956 1238 997 ait
1263 954 1408 1010 elata',
1440 959 1670 998 nocentum
1698 957 1898 1011 exprimit
1932 957 2038 999 mul-

325 1024 567 1067 titudinem.
688 1037 893 1068 TRIPLIOI
925 1039 1054 1070 MVRO
1087 1026 1212 1070 valde
1244 1027 1458 1068 munitum
1491 1027 1654 1069 indicat
1685 1028 1839 1070 locum.

444 1096 544 1138 551.
596 1109 813 1147 TORQVET
846 1098 998 1154 trahit,
1033 1098 1181 1141 volvit.

444 1167 543 1211 552.
594 1180 747 1210 PORTA
775 1181 989 1212 ADVERSA
1025 1181 1194 1212 INGENS
1228 1169 1504 1212 distinctione
1538 1170 1847 1213 excludendum
1881 1174 1946 1214 est
1978 1173 2035 1214 vi-

324 1239 434 1280 tium
467 1239 517 1281 de
550 1239 716 1282 duobus
749 1240 964 1295 epithetis.
1074 1252 1339 1292 SOLIDOQVE
1372 1252 1626 1283 ADAMANTE
1660 1242 1783 1302 lapis·
1804 1244 1870 1284 est
1901 1243 2036 1285 duris-

326 1310 460 1352 simus
493 1314 536 1353 et
566 1313 713 1353 tantae
745 1311 998 1367 soliditatis,
1038 1313 1085 1354 ut
1118 1326 1194 1354 nec
1226 1311 1340 1354 ferro
1379 1312 1519 1368 possit
1551 1313 1742 1368 infringi.
1805 1328 1922 1367 quem
1953 1314 2036 1356 hir-

325 1382 417 1424 cino
447 1384 649 1437 sanquine
676 1383 824 1438 franyi
854 1384 1004 1426 dicunt.

445 1454 544 1497 553.
595 1466 667 1497 VIS
700 1466 760 1497 VT
793 1467 949 1497 NVLLA
982 1466 1128 1497 VIRVM
1163 1453 1347 1497 ‘virum’
1380 1470 1468 1497 non
1499 1455 1551 1497 ad
1585 1470 1733 1497 sexum
1766 1456 1930 1509 retulit,
1965 1457 2038 1499 sed

325 1525 379 1566 ad
411 1526 635 1581 virtutem,
676 1525 757 1568 hoc
798 1529 863 1568 est
901 1527 1091 1569 virorum
1130 1526 1325 1577 fortium,
1364 1530 1411 1567 ut
1444 1526 1592 1569 Cicero
1625 1527 1788 1569 virum
1827 1542 1907 1570 res
1944 1528 2039 1570 illa

325 1597 630 1652 quaerebat,
675 1613 770 1640 cum
814 1598 865 1639 de
910 1599 1003 1641 viro
1048 1598 1152 1640 forti
1197 1598 1365 1639 diceret.
1429 1613 1506 1652 per
1545 1598 1625 1640 hoc.
1665 1601 1810 1641 autem
1849 1600 2039 1642 ostendit

322 1669 491 1710 nullum
524 1669 575 1710 de
607 1668 792 1711 Tartaro
826 1669 878 1712 ad
912 1684 1090 1725 superos
1122 1684 1248 1724 posse
1280 1684 1489 1723 remeare,
1520 1684 1572 1711 ne
1605 1671 1831 1714 numinum
1866 1671 2038 1726 quidem

324 1739 485 1783 favore.

445 1811 542 1865 554.
594 1823 707 1854 STAT
748 1813 923 1868 eminet,
961 1812 1125 1855 *erecta
1156 1813 1261 1855 cst*
1384 1824 1533 1855 AVRAS
1572 1815 1716 1855 autem
1755 1813 1904 1856 inferis
1942 1829 2036 1857 0011-

326 1896 457 1937 gruas
503 1883 819 1939 intellegamus.
884 1882 1049 1927 Statius
1095 1884 1145 1925 de
1191 1883 1403 1925 Mercurio
1447 1884 1525 1926 ait:
1577 1884 1727 1940 pigrae
1773 1900 1901 1928 aurae
1945 1887 2036 1928 eius

323 1953 605 2008 inpediebant
638 1954 844 1997 volatum.
896 1955 946 1997 de
978 1955 1055 1998 illo
1083 1955 1196 2012 enim
1228 1955 1324 1998 loco
1352 1955 1476 1997 multi
1503 1958 1716 2010 quaerunt
1743 1956 1888 2011 <561>
1916 1954 2036 2012 quis

323 2027 501 2067 tantus
541 2026 760 2082 clangor
797 2026 857 2068 ad
896 2027 1076 2069 auras?
1138 2029 1181 2068 et
1218 2026 1357 2069 Pollio
1397 2027 1502 2069 dicit
1543 2026 1712 2069 Aeneae
1750 2029 1793 2069 et
1831 2026 2036 2084 Sibyllae,

326 2111 433 2150 quas
466 2096 531 2148 illi
566 2111 707 2139 secum
740 2100 983 2153 traxerant,
1017 2113 1111 2140 cum
1146 2100 1314 2140 constet
1347 2113 1441 2140 esse
1474 2098 1606 2140 etiam
1639 2098 1728 2140 illic
1761 2113 1898 2141 auras.

444 2167 541 2210 557.
591 2180 821 2211 EXAVDIRI
855 2169 1209 2211 exaudiebantur.

422 2313 463 2343 13
490 2310 586 2354 lapis
613 2338 620 2346 .
644 2339 650 2345 .
676 2341 680 2346 .
708 2309 853 2355 dicunt]
882 2309 927 2345 cf.
957 2309 1038 2346 Isid.
1066 2320 1116 2344 or.
1144 2307 1230 2345 XVI
1260 2313 1312 2354 13,
1340 2313 1360 2344 2

407 2441 443 2475 ’1
470 2440 639 2475 uolentes
663 2440 691 2475 S
707 2441 720 2486 11
739 2440 956 2476 abscederet
975 2440 1004 2476 S
1027 2440 1239 2483 (abscedere
1259 2443 1290 2483 s)
1316 2438 1555 2483 abscenderet
1576 2439 1618 2474 H
1632 2440 1644 2486 ΙΙ
1663 2439 1888 2485 deiphebum
1907 2441 1981 2477 AS
1989 2442 2039 2478 M

329 2487 578 2533 deiphoebum
600 2487 664 2523 Ra
685 2489 696 2534 ΙΙ
716 2488 761 2523 ad
789 2498 853 2522 om.
871 2487 948 2523 FC
962 2489 974 2534 ss
993 2488 1087 2524 aliut
1108 2487 1138 2522 (J
1154 2489 1166 2534 ΙΙ
1185 2491 1207 2523 4
1233 2486 1376 2522 scilicet
1400 2487 1472 2521 hac
1498 2486 1776 2531 comparatione
1798 2487 1876 2522 FO
1890 2489 1902 2535 ΙΙ
1921 2492 1942 2524 5
1968 2490 2034 2536 an]

329 2536 395 2570 aut
423 2536 470 2569 M
486 2537 499 2581 ΙΙ
517 2538 555 2570 te
580 2547 646 2570 om.
674 2535 719 2569 H
733 2536 745 2581 Η
765 2535 842 2570 sole
869 2535 948 2570 sine
977 2536 1025 2570 M
1042 2537 1053 2582 ΙΙ
1079 2535 1211 2571 domus
1234 2534 1270 2569 Ὀ
1285 2536 1297 2581 ΙΙ
1322 2539 1342 2569 9
1369 2535 1564 2568 nocentem
1589 2534 1625 2568 A
1652 2535 1758 2578 (corr.
1785 2537 1821 2580 a)
1841 2536 1853 2582 ΙΙ
1887 2539 1929 2570 10
1956 2537 2036 2572 uin-

329 2583 431 2618 dicat
456 2583 491 2617 J:
521 2584 534 2628 ΙΙ
568 2587 607 2618 11
636 2584 811 2618 scholium
836 2584 886 2618 ad
911 2596 1067 2623 ronovn'r
1091 2594 1157 2619 om.
1185 2582 1224 2617 F
1252 2583 1264 2627 ΙΙ
1297 2585 1339 2616 14
1365 2581 1450 2627 000]
1476 2592 1521 2616 ne
1550 2581 1626 2616 FO
1650 2583 1663 2626 ΙΙ
1695 2583 1745 2617 ad
1770 2582 1968 2619 adamante
1993 2585 2036 2619 in

328 2631 493 2675 margine
530 2630 751 2665 Turonensis
783 2631 815 2665 is
846 2631 1023 2675 interpres
1054 2631 1118 2675 qui
1149 2630 1365 2664 Tironiam's
1394 2630 1490 2664 notis
1521 2640 1610 2663 usus
1641 2633 1691 2664 est
1722 2630 1808 2664 haec
1839 2631 2036 2676 adscripsit

329 2678 508 2712 adamans
541 2678 682 2722 species
713 2676 851 2722 lapidis
884 2681 942 2713 est
974 2677 1164 2713 durissimi
1190 2677 1283 2712 adeo
1308 2677 1350 2711 ut
1377 2676 1481 2711 nulla
1508 2687 1545 2711 re
1571 2677 1689 2721 possit
1714 2676 1854 2712 molliri
1879 2677 1950 2713 nisi
1976 2689 2034 2714 ca-

327 2724 406 2759 lido
439 2725 618 2769 sanguine
649 2724 806 2759 hircino.
839 2726 851 2770 ΙΙ
889 2724 1057 2771 infringi]
1094 2724 1192 2759 unde
1228 2722 1457 2769 etymologia
1489 2724 1546 2758 est
1578 2724 1625 2758 ab
1657 2737 1681 2759 α
1714 2724 1790 2759 sine
1817 2726 1856 2759 et
1880 2722 2033 2770 ὃαμάζω

328 2772 457 2817 domo,
482 2772 521 2806 id
547 2773 605 2807 est
629 2772 724 2816 lapis
749 2771 952 2808 indomitus
980 2773 1054 2808 add
1090 2772 1129 2806 D
1153 2774 1165 2816 ΙΙ
1195 2771 1347 2806 hercino
1374 2770 1441 2816 Fu
1469 2774 1509 2805 18
1536 2770 1625 2805 forti
1650 2782 1715 2806 om.
1738 2770 1816 2807 FO
1830 2772 1844 2816 ΙΙ
1874 2784 1940 2817 per
1965 2773 2033 2808 hoc

328 2820 451 2855 autem
480 2819 660 2865 ostendit]
688 2820 759 2855 hac
784 2831 851 2864 per
876 2820 1069 2854 hostendit
1087 2819 1128 2853 F
1162 2830 1205 2854 ac
1223 2830 1290 2863 per
1309 2818 1380 2853 hoc
1401 2817 1564 2853 ostendit
1585 2818 1615 2853 0
1630 2820 1643 2863 ΙΙ
1664 2823 1706 2853 19
1735 2818 1796 2865 ne]
1823 2830 1890 2854 nec
1911 2819 2007 2854 AM
2023 2822 2033 2866 Η

327 2877 493 2902 remeare
521 2895 528 2901 .
550 2895 556 2901 .
580 2894 586 2901 .
614 2867 756 2912 favore]
784 2877 951 2902 remeare
973 2866 1058 2913 ssssss
1081 2866 1160 2900 sine
1186 2864 1378 2900 numinum
1404 2865 1553 2909 quidem
1582 2866 1706 2901 favore
1728 2865 1773 2908 G,
1798 2867 1930 2910 quibus
1955 2867 2035 2902 alia

328 2925 460 2950 manus
483 2914 569 2949 haec
594 2914 741 2950 addidit
773 2913 907 2948 educta
938 2912 977 2947 in
1009 2912 1249 2948 altitudinem
1280 2912 1433 2947 nimiam
1464 2914 1541 2947 tam
1575 2913 1682 2948 fortis
1715 2913 1758 2947 ut
1783 2913 1911 2949 ferreis
1937 2914 2033 2949 saxis

328 2962 524 3007 putaretur
549 2962 727 2996 extructa.
766 2970 841 2995 una
866 2961 911 2995 de
938 2959 1042 2995 furiis
1069 2959 1187 2994 tribus
1214 2959 1358 2994 filiabus
1383 2959 1549 3004 plutonis
1575 2962 1614 2995 et
1638 2959 1758 2995 noctis
1784 2960 1806 2996 i.
1834 2961 2033 3006 tysiphone

328 3009 450 3045 alecto
477 3020 628 3053 megara
652 3007 759 3053 quasi
785 3007 884 3053 tysia
909 3006 998 3043 fanu
1024 3007 1046 3042 i.
1074 3006 1188 3041 ultrix
1214 3017 1287 3040 uox
1310 3005 1483 3050 tysifone.
1510 3008 1522 3052 ss
1548 3011 1591 3042 21
1620 3019 1706 3041 surr
1733 3007 1879 3042 eminet.
1918 3019 2032 3043 AVRAS

329 3058 454 3092 autem
480 3054 607 3091 inferis
634 3057 759 3091 erecta
790 3056 848 3090 est
879 3066 1043 3100 congrua
1068 3053 1108 3087 F
1135 3055 1147 3099 ΙΙ
1184 3057 1227 3088 22
1256 3052 1396 3088 Statius
1422 3054 1467 3088 de
1495 3053 1677 3089 Mercurio
1703 3052 1758 3087 ait
1784 3053 1908 3097 (Theb.
1934 3054 1968 3088 Il
1994 3056 2032 3099 2)

331 3104 508 3148 ‘undique
536 3102 662 3148 pigrae
688 3103 741 3137 ire
761 3103 893 3137 uetant
912 3103 1026 3136 nubes
1047 3101 1112 3136 aut
1131 3100 1300 3134 turbidus
1320 3100 1489 3145 implicat
1508 3101 1598 3135 aei-³.
1638 3099 1768 3145 pigrae
1794 3100 1891 3135 enim
1918 3113 2032 3136 aurae

329 3151 408 3186 eius
435 3149 689 3196 impediebant
714 3150 883 3184 uolatum
908 3148 1138 3192 Fabriciusss
1166 3151 1210 3182 23
1237 3147 1319 3191 quis
1347 3148 1492 3192 tantus]
1519 3147 1684 3192 quisquis
1709 3147 1838 3182 tantus
1865 3148 1895 3183 C
1936 3149 2032 3193 quis-

328 3198 444 3233 tatius
472 3198 512 3232 H
540 3198 552 3243 ΙΙ
588 3200 633 3232 24
660 3196 818 3242 plangor
845 3197 872 3230 S
883 3197 930 3231 M
958 3198 970 3242 ΙΙ
1007 3195 1121 3242 pallio
1147 3195 1188 3229 H
1217 3195 1229 3239 ll
1264 3193 1428 3240 Aeneae]
1466 3196 1504 3229 et
1535 3205 1670 3229 aeneae
1698 3194 1770 3229 AS
1812 3206 1929 3231 aenea
1955 3195 2000 3230 H
2019 3195 2032 3242 J]

329 3250 374 3280 25
401 3256 491 3290 quas
516 3256 639 3280 secum
664 3245 855 3279 traxerant
879 3244 936 3278 illi
963 3244 1012 3278 M
1038 3245 1051 3288 u
1087 3253 1167 3277 esse
1193 3252 1258 3276 om.
1286 3241 1322 3276 R
