2092 3614
238 1029 282 1060 10

240 1388 281 1419 15

236 1746 283 1778 20

240 2109 284 2140 25

240 2466 286 2499 30

303 266 390 308 498
1078 269 1241 306 SERVII

303 378 386 428 tur,
418 375 492 417 alii
524 374 721 431 proprias
754 376 1035 421 remittuntur
1062 380 1116 422 ad
1142 380 1322 436 patrias;
1357 380 1432 422 alii
1457 394 1534 434 per
1561 379 1686 431 diem,
1717 380 1767 421 ut
1790 392 1902 420 nunc
1926 376 2014 430 isti,

306 447 380 489 alii
413 462 489 502 per
519 449 704 503 noctem,
736 451 786 490 ut
817 464 947 504 supra
972 450 1129 494 Pallas.
1181 454 1225 494 et
1254 452 1392 507 perite
1424 451 1504 494 has
1536 450 1768 494 varietates
1793 448 2013 504 Vergilius

304 519 468 574 posuit:
507 533 691 574 namque
723 519 972 564 Heraclitus
1011 523 1085 579 qui
1123 523 1270 566 omnia
1308 523 1402 566 vult
1441 538 1491 565 ex
1526 523 1624 579 igne
1657 523 1872 573 constare,
1910 519 2015 562 dicit

306 590 459 633 debere
491 605 676 646 corpora
707 591 752 634 in
782 591 928 648 ignem
959 594 1131 637 resolvi.
1182 595 1343 637 Thales
1375 609 1477 637 vero
1510 594 1583 650 qui
1615 594 1840 636 confirmat
1871 591 2015 633 omnia

306 676 357 704 ex
388 677 539 706 umore
570 663 718 719 creari,
749 663 854 706 dicit
885 665 1107 709 obruenda
1140 682 1334 723 corpora,
1365 669 1414 708 ut
1445 666 1616 721 possint
1645 665 1692 707 in
1723 678 1916 707 umorem
1949 676 2015 706 re-

306 735 428 778 solvi.
548 746 738 779 IGNIBVS
777 747 911 779 ATRIS
952 738 1074 793 atqui
1110 739 1233 795 ignes
1273 738 1359 780 atri
1395 752 1484 780 non
1521 739 1639 792 sunt3
1680 736 1755 779 sed
1793 735 2017 791 epitheton

307 807 439 849 traxit
475 806 527 849 de
564 807 762 863 negotio,
800 811 849 850 ut
887 808 1025 852 ‘atris'
1065 811 1242 866 diceret,
1279 810 1362 852 hoc
1401 811 1467 851 est
1496 808 1769 863 funebribus,
1806 810 1855 849 ut
1885 806 2015 861 paulo

306 880 408 934 post
451 878 597 933 <189>
643 881 890 922 maestum
941 881 1140 925 funeris
1192 882 1381 937 ignem,
1431 881 1474 923 id
1514 882 1581 922 est
1623 880 1864 922 funebrem:
1914 892 2015 919 nam

308 952 499 993 maestus
531 965 625 993 esse
655 966 744 994 non
776 954 921 1007 potest
952 952 1082 1008 ignis.
1203 970 1318 996 mus
1344 967 1436 995 omn
1466 952 1762 1006 concipiuntur.

431 1023 525 1065 187.
576 1033 817 1065 CONDITVR
847 1035 897 1064 IN
928 1035 1170 1066 TENEBRAS
1202 1035 1365 1066 ALTVM
1398 1034 1621 1066 CALIGINE
1655 1033 1844 1065 OAELVM
1875 1020 1920 1063 id
1952 1022 2019 1063 est

308 1108 380 1136 aer
410 1093 519 1136 fumi
552 1093 816 1135 obscuritate
849 1094 1103 1149 completur.

430 1165 526 1208 188.
576 1177 732 1209 emon
775 1177 1102 1209 Fvnonn'rmvs
1148 1178 1286 1209 ARM1s
1335 1167 1381 1209 id
1427 1170 1486 1209 est
1527 1166 1695 1208 incincti
1739 1167 1777 1206 et
1815 1164 2017 1207 instructi.

308 1237 472 1279 frustra
509 1236 592 1279 hoc
630 1237 855 1292 epitheton
889 1239 1043 1279 notant
1074 1237 1231 1293 critici,
1271 1237 1394 1293 quasi
1426 1238 1737 1280 circumeuntes
1770 1251 1899 1293 rogos
1932 1235 2018 1278 alia

309 1323 430 1351 arma
460 1308 619 1351 habere
652 1307 891 1350 debuerint.
1014 1320 1173 1351 CINCTI
1206 1309 1418 1352 instructi.

430 1381 527 1423 189.
575 1391 855 1423 DECVRRERE
894 1391 1048 1424 ROGOS
1088 1396 1166 1436 pro
1207 1380 1387 1423 ‘circum
1426 1395 1556 1437 rogos
1595 1380 1849 1423 cucurrere'.
1911 1381 2019 1423 bene

309 1455 454 1495 autem
480 1452 543 1494 ait
569 1450 835 1507 ‘decurrere',
861 1466 948 1494 non
974 1451 1300 1495 ‘decucurrere'z
1333 1467 1518 1508 namque
1544 1453 1677 1495 verba
1703 1466 1813 1507 quae
1833 1451 1877 1493 in
1898 1465 2018 1506 prae-

307 1525 439 1567 terito
466 1523 656 1580 perfecto
683 1524 868 1578 primam
895 1523 1105 1578 syllabam
1133 1525 1367 1580 geminant,
1393 1527 1442 1566 ut
1462 1523 1601 1567 ‘curro
1623 1523 1819 1579 cucurri',
1845 1523 2018 1566 ‘tondeo

309 1595 508 1651 totondi',
547 1610 643 1638 cum
682 1595 926 1649 composita
962 1585 1140 1651 fuerint,
1178 1596 1399 1651 geminare
1436 1610 1525 1639 non
1563 1597 1762 1651 possunt:
1799 1609 1901 1637 nam
1933 1593 2018 1636 ‘de-

309 1667 437 1711 curri’
476 1670 519 1709 et
558 1666 764 1709 ‘detondi’
803 1666 1004 1722 dicimus,
1041 1682 1130 1710 non
1169 1667 1421 1710 ‘decucurri'
1459 1681 1596 1722 neque
1634 1665 1908 1708 ‘detotondi'z
1952 1679 2019 1706 ex-

309 1740 446 1795 ceptis
477 1741 649 1782 tantum
681 1738 860 1781 duobus.

431 1811 529 1854 191.
578 1825 793 1853 SPARGITVR
822 1828 873 1853 ΕΤ
903 1828 998 1855 TELL
1008 1828 1051 1854 Vs
1081 1828 1265 1855 LAGRJMJS
1294 1811 1564 1867 hysteroloyia
1589 1813 1667 1853 est:
1696 1823 1796 1852 nam
1816 1810 1938 1866 prius
1961 1812 2022 1852 est

308 1887 356 1926 nt
385 1897 508 1926 arma
537 1886 789 1937 spaqyantur
820 1883 1015 1939 lacrimis,
1046 1898 1149 1937 quae
1179 1884 1340 1939 corpori
1370 1882 1603 1937 adhaerent,
1634 1895 1760 1936 quam
1791 1885 1911 1924 terra.

431 1955 528 1997 192.
578 1972 620 1997 ιφ
643 1971 763 1997 ωηο
790 1969 872 2009 pro
910 1954 972 1997 ‘in
1002 1954 1185 1998 caelnm’.
1319 1965 1631 2005 CLANGORQVE
1666 1964 1888 1996 'rvnARVM
1921 1954 2020 1994 ante

310 2027 424 2070 enim
456 2026 617 2068 mortui
650 2025 704 2068 ad
735 2026 886 2068 tubam
918 2027 1255 2069 deducebantur:
1287 2026 1399 2068 unde
1431 2025 1603 2068 Persius
1631 2024 1726 2080 <ΙΙΙ
1757 2024 1868 2079 103>
1900 2024 2020 2067 hinc

310 2100 454 2155 tuba,
486 2097 747 2152 candelae,
778 2098 1086 2154 tandemque
1118 2098 1361 2140 beatulus
1395 2098 1502 2139 alto
1537 2095 1839 2151 conpositus
1871 2095 2018 2141 lect0.

434 2171 529 2213 193.
579 2181 660 2212 HIC
704 2180 802 2211 ALII
853 2181 1020 2212 SPOLIA
1064 2180 1240 2212 0001818
1285 2180 1505 2211 DEREPTA
1549 2178 1736 2210 LATINIs
1787 2167 2019 2209 secundum

312 2257 414 2285 suae
453 2241 595 2298 gentis
634 2241 766 2283 ritum
806 2240 881 2282 alii
912 2240 1090 2283 hostilia
1122 2255 1259 2296 arma,
1298 2241 1373 2283 alii
1404 2242 1726 2295 peremptorum
1758 2239 2020 2281 cremabant.

432 2313 530 2356 195.
579 2323 945 2363 FERVENTESQVE
983 2323 1134 2355 ROTAS
1179 2312 1314 2354 nimio
1354 2312 1519 2355 scilicet
1555 2325 1698 2353 cursu:
1736 2309 1841 2352 alibi
1878 2310 2021 2352 volat

310 2385 361 2429 vi
403 2384 635 2427 fervidus
681 2384 807 2439 axis,
851 2383 1059 2426 Horatius
1103 2385 1338 2439 metaque
1379 2382 1599 2425 fervidis
1639 2381 1838 2424 evitata
1875 2382 2019 2424 rotis.

310 2461 349 2500 et
372 2454 595 2510 ‘ferventes'
620 2469 703 2498 non
729 2454 861 2498 ‘modo
884 2454 1108 2510 fewentes',
1140 2455 1210 2497 sed
1232 2469 1336 2508 qnae
1359 2455 1516 2498 soleant
1537 2454 1701 2507 fervere,
1725 2455 1774 2495 nt
1790 2450 1883 2507 <IV
1907 2452 2019 2508 135>

310 2527 600 2583 spumantia
628 2527 786 2579 frena.

406 2625 451 2656 23
478 2620 565 2656 ante
591 2619 688 2655 enim
715 2646 723 2653 .
746 2647 753 2656 .
776 2648 783 2655 .
809 2619 924 2666 lecto]
953 2619 999 2654 cf.
1025 2619 1131 2657 Luct.
1157 2618 1257 2655 Plao.
1284 2619 1332 2655 ad
1357 2618 1450 2655 Stat.
1475 2618 1590 2654 Theb.
1616 2617 1668 2654 VI
1696 2621 1761 2653 121
1781 2619 1794 2663 ΙΙ
1824 2622 1869 2654 28
1895 2617 2015 2665 volat]

312 2680 440 2715 georg.
467 2668 520 2703 III
547 2670 615 2703 107
640 2668 652 2714 ΙΙ
683 2670 728 2702 29
754 2665 949 2713 Horatius]
976 2677 1087 2703 carm.
1115 2668 1131 2702 Ι
1158 2672 1190 2711 1,
1215 2671 1239 2702 4

407 2744 428 2775 2
456 2737 624 2785 superius
649 2738 686 2774 R
704 2739 717 2786 ΙΙ
747 2736 927 2784 uergilius
953 2738 994 2772 F
1009 2740 1020 2785 ΙΙ
1052 2742 1072 2773 3
1100 2737 1178 2784 igni
1203 2737 1276 2773 AS
1293 2739 1305 2784 ΙΙ
1336 2741 1358 2772 4
1383 2738 1517 2774 debere
1543 2749 1608 2773 om.
1635 2737 1673 2773 R
1691 2738 1703 2784 ΙΙ
1731 2736 1914 2772 thalesius
1939 2736 1989 2771 M

314 2792 335 2824 5
354 2799 399 2823 ex
418 2797 545 2823 umore
567 2814 574 2822 .
597 2815 605 2823 .
627 2815 633 2821 .
654 2785 792 2822 resolvi
817 2796 883 2821 om.
899 2785 940 2820 F
954 2786 967 2831 ΙΙ
985 2797 1112 2821 umore
1134 2797 1231 2821 unus
1250 2786 1294 2820 H
1309 2788 1321 2832 ΙΙ
1340 2785 1529 2831 procreari
1550 2786 1599 2820 M
1615 2787 1627 2832 ΙΙ
1646 2795 1813 2820 umorem
1838 2783 1994 2819 nnusH

315 2841 334 2872 7
360 2835 550 2871 funeribus
577 2833 706 2869 ΑΒΜ
726 2834 832 2878 (corr.
859 2833 937 2878 am)
968 2834 981 2879 ΙΙ
1013 2838 1056 2869 10
1081 2834 1187 2869 schol.
1214 2834 1265 2869 ad
1288 2845 1319 2870 v.
1350 2837 1416 2869 187
1442 2844 1509 2869 om.
1536 2833 1571 2868 A
1602 2834 1614 2880 ΙΙ
1650 2836 1691 2868 12
1718 2832 1768 2867 ad
1793 2843 1909 2866 emon
1932 2841 1960 2866 s.
1986 2842 2017 2866 v.

312 2881 466 2919 incincti
491 2881 665 2917 instructi
689 2881 812 2927 parati
835 2880 868 2916 T
883 2882 896 2927 11
917 2884 959 2915 13
985 2881 1061 2916 alia
1082 2909 1089 2916 .
1108 2909 1115 2916 .
1133 2911 1140 2917 .
1161 2893 1273 2917 110008
1294 2893 1360 2916 om.
1375 2881 1421 2915 H
1433 2882 1446 2925 ΙΙ
1473 2884 1517 2915 14
1542 2892 1659 2915 0111011
1678 2877 1852 2914 instructi
1871 2889 1937 2914 om.
1953 2877 1993 2913 F
2009 2878 2020 2925 ΙΙ

312 2931 352 2966 id
377 2932 435 2966 est
457 2928 632 2964 instructi
656 2930 763 2975 vulqo
781 2929 794 2974 ΙΙ
819 2931 862 2963 15
889 2940 1001 2963 nosos
1029 2955 1036 2962 .
1059 2956 1067 2964 .
1091 2957 1098 2964 .
1125 2939 1319 2964 cucurrere
1344 2940 1410 2964 om.
1430 2928 1467 2963 R
1486 2929 1497 2975 ΙΙ
1517 2938 1662 2963 01111010
1687 2927 1733 2961 H
1746 2927 1758 2972 ΙΙ
1790 2929 1832 2961 16
1858 2935 1933 2960 11011
1958 2925 2020 2961 de-

314 2988 459 3014 currere
485 2975 574 3011 RH
579 2975 620 3011 F
643 2977 656 3021 ΙΙ
676 2987 773 3021 ,nam
798 2976 839 3011 F
865 2977 878 3021 ΙΙ
910 2979 954 3011 17
979 2976 1022 3010 ut
1047 2987 1153 3012 curro
1180 2977 1278 3011 curri
1301 2975 1428 3012 toideo
1454 2975 1560 3010 tondi
1585 2974 1630 3010 H
1656 2975 1668 3021 ΙΙ
1697 2973 1813 3009 tondo
1838 2973 1945 3008 tondi
1972 2973 2021 3008 M

315 3024 476 3072 (totondi
495 3025 544 3069 m)
564 3025 576 3069 ΙΙ
596 3027 640 3060 18
666 3023 848 3069 geminari
869 3023 918 3058 M
924 3022 965 3058 F
979 3023 992 3068 ΙΙ
1013 3026 1055 3058 19
1082 3023 1242 3059 decondi
1260 3024 1305 3059 H
1318 3024 1331 3070 {l
1350 3022 1498 3058 totondi
1519 3022 1563 3057 H
1596 3020 1751 3057 detondi
1772 3020 1810 3055 F
1825 3022 1837 3066 ΙΙ
1856 3024 1902 3055 20
1928 3020 2018 3056 duo-

313 3073 400 3155 busi]
426 3073 474 3108 do
500 3073 538 3107 et
563 3072 621 3106 sto
647 3072 732 3107 add.
749 3070 843 3106 MD
859 3072 873 3117 ΙΙ
891 3074 935 3106 21
955 3081 982 3106 s.
1002 3082 1034 3106 v.
1056 3075 1122 3106 191
1148 3071 1379 3116 ysterologia
1402 3070 1504 3116 prius
1530 3069 1587 3104 est
1611 3067 1709 3104 enim
1736 3096 1744 3103 .
1766 3095 1774 3103 .
1797 3097 1804 3104 .
1830 3070 1931 3103 terra
1951 3067 1986 3102 Τ
2009 3067 2019 3114 Η

314 3125 358 3157 22
401 3119 559 3156 acrimas
584 3118 625 3154 F
640 3120 652 3165 ΙΙ
670 3123 715 3154 23
742 3119 792 3154 ad
816 3130 927 3154 canno
952 3129 979 3154 s.
1005 3129 1037 3153 v.
1065 3119 1111 3153 ad
1138 3119 1283 3154 caelum
1312 3119 1345 3152 T
1361 3119 1372 3164 ss
1391 3120 1436 3153 25
1463 3115 1650 3152 canendae
1676 3116 1735 3151 lae
1755 3115 1829 3151 AS
1846 3117 1857 3162 ΙΙ
1877 3118 1922 3151 28
1948 3114 2019 3151 sci—

313 3169 404 3204 licet
428 3178 495 3204 om.
509 3167 556 3202 H
569 3167 581 3212 ΙΙ
599 3170 644 3201 29
672 3166 830 3213 evitata]
858 3165 1013 3203 euictita
1030 3165 1119 3200 RH
1151 3166 1318 3201 euectita
1343 3166 1393 3200 M
1408 3165 1485 3210 1130
1509 3164 1559 3199 ad
1585 3175 1856 3203 sunvsmnsqvn
1880 3175 1913 3198 n.
1938 3173 1966 3198 s.
1986 3173 2018 3198 v.

314 3227 389 3252 non
414 3215 524 3251 modo
550 3214 737 3250 feruentes
763 3214 828 3250 sed
853 3223 948 3260 quae
974 3213 1121 3249 soleant
1145 3213 1288 3249 feruere
1315 3212 1430 3248 nimio
1457 3210 1601 3247 scilicet
1626 3221 1735 3246 cursu
1758 3209 1791 3245 Τ
1805 3211 1816 3257 ΙΙ
1834 3209 2019 3246 ferventes

313 3267 396 3309 post
413 3262 524 3299 modo
545 3273 610 3298 om.
626 3261 667 3296 F
682 3264 694 3308 ΙΙ
713 3261 777 3297 8οᾶ
803 3273 870 3298 om.
888 3260 923 3296 G·
941 3262 953 3308 ΙΙ
972 3265 1015 3296 31
1043 3261 1094 3296 ad
1118 3273 1216 3296 normx
1235 3263 1279 3305 (v.
1303 3261 1384 3305 195)
1411 3261 1477 3295 aut
1501 3269 1587 3294 cara
1612 3260 1678 3307 aut
1701 3269 1741 3293 re
1766 3269 1856 3293 uera
1879 3258 1970 3293 nota
1988 3256 2022 3291 Τ
