<?xml version="1.0" encoding="UTF-8"?>
<!DOCTYPE html PUBLIC "-//W3C//DTD XHTML 1.0 Transitional//EN"
    "http://www.w3.org/TR/xhtml1/DTD/xhtml1-transitional.dtd">
<html xmlns="http://www.w3.org/1999/xhtml" xml:lang="en" lang="en">
 <head>
  <title>
</title>
<meta http-equiv="Content-Type" content="text/html;charset=utf-8" />
  <meta name='ocr-system' content='tesseract 3.04.00' />
  <meta name='ocr-capabilities' content='ocr_page ocr_carea ocr_par ocr_line ocrx_word'/>
</head>
<body>
  <div class='ocr_page' id='page_1' title='image "./invergiliicarmin02servuoft_0112.png"; bbox 0 0 2124 3600; ppageno 0'>
   <div class='ocr_carea' id='block_1_1' title="bbox 284 1018 328 1050">
    <p class='ocr_par' dir='ltr' id='par_1_1' title="bbox 284 1018 328 1050">
     <span class='ocr_line' id='line_1_1' title="bbox 284 1018 328 1050; baseline 0.023 -1"><span class='ocrx_word' id='word_1_1' title='bbox 284 1018 328 1050; x_wconf 93' lang='lat'>10</span> 
     </span>
    </p>
   </div>
   <div class='ocr_carea' id='block_1_2' title="bbox 284 1376 325 1408">
    <p class='ocr_par' dir='ltr' id='par_1_2' title="bbox 284 1376 325 1408">
     <span class='ocr_line' id='line_1_2' title="bbox 284 1376 325 1408; baseline 0.024 -1"><span class='ocrx_word' id='word_1_2' title='bbox 284 1376 325 1408; x_wconf 88' lang='lat'>15</span> 
     </span>
    </p>
   </div>
   <div class='ocr_carea' id='block_1_3' title="bbox 258 1733 325 1782">
    <p class='ocr_par' dir='ltr' id='par_1_3' title="bbox 258 1733 325 1782">
     <span class='ocr_line' id='line_1_3' title="bbox 258 1733 325 1782; baseline 0.015 -18"><span class='ocrx_word' id='word_1_3' title='bbox 258 1733 325 1782; x_wconf 30' lang='lat'>‘20</span> 
     </span>
    </p>
   </div>
   <div class='ocr_carea' id='block_1_4' title="bbox 276 2090 321 2122">
    <p class='ocr_par' dir='ltr' id='par_1_4' title="bbox 276 2090 321 2122">
     <span class='ocr_line' id='line_1_4' title="bbox 276 2090 321 2122; baseline -0.022 0"><span class='ocrx_word' id='word_1_4' title='bbox 276 2090 321 2122; x_wconf 77' lang='lat'>25</span> 
     </span>
    </p>
   </div>
   <div class='ocr_carea' id='block_1_5' title="bbox 361 257 1295 299">
    <p class='ocr_par' dir='ltr' id='par_1_5' title="bbox 361 257 1295 299">
     <span class='ocr_line' id='line_1_5' title="bbox 361 257 1295 299; baseline -0.005 0"><span class='ocrx_word' id='word_1_5' title='bbox 361 257 418 299; x_wconf 87' lang='grc'>98</span> <span class='ocrx_word' id='word_1_6' title='bbox 1134 259 1295 295; x_wconf 83' lang='lat' dir='ltr'>SERVII</span> 
     </span>
    </p>
   </div>
   <div class='ocr_carea' id='block_1_6' title="bbox 346 368 2068 2207">
    <p class='ocr_par' dir='ltr' id='par_1_6' title="bbox 359 368 2068 497">
     <span class='ocr_line' id='line_1_6' title="bbox 481 368 2068 422; baseline 0.002 -13"><span class='ocrx_word' id='word_1_7' title='bbox 481 368 578 410; x_wconf 82' lang='lat'>709.</span> <span class='ocrx_word' id='word_1_8' title='bbox 629 379 801 410; x_wconf 73' lang='lat' dir='ltr'>cmcvn</span> <span class='ocrx_word' id='word_1_9' title='bbox 832 379 960 410; x_wconf 85' lang='lat' dir='ltr'>LILIA</span> <span class='ocrx_word' id='word_1_10' title='bbox 991 379 1280 410; x_wconf 80' lang='lat' dir='ltr'>FVNDVNTVR</span> <span class='ocrx_word' id='word_1_11' title='bbox 1310 368 1383 410; x_wconf 79' lang='lat' dir='ltr'>hoe</span> <span class='ocrx_word' id='word_1_12' title='bbox 1406 372 1465 411; x_wconf 82' lang='lat' dir='ltr'>est</span> <span class='ocrx_word' id='word_1_13' title='bbox 1488 369 1877 422; x_wconf 79' lang='lat' dir='ltr'>circumfunduntur</span> <span class='ocrx_word' id='word_1_14' title='bbox 1908 370 2068 412; x_wconf 85' lang='lat' dir='ltr'>circum</span> 
     </span>
     <span class='ocr_line' id='line_1_7' title="bbox 359 438 2068 497; baseline 0.003 -18"><span class='ocrx_word' id='word_1_15' title='bbox 359 438 498 480; x_wconf 90' lang='lat' dir='ltr'>flores.</span> <span class='ocrx_word' id='word_1_16' title='bbox 543 438 666 481; x_wconf 71' lang='lat' dir='ltr'>‘Zilia&#39;</span> <span class='ocrx_word' id='word_1_17' title='bbox 686 442 823 481; x_wconf 85' lang='lat' dir='ltr'>autem</span> <span class='ocrx_word' id='word_1_18' title='bbox 839 453 920 493; x_wconf 77' lang='lat' dir='ltr'>pro</span> <span class='ocrx_word' id='word_1_19' title='bbox 938 439 1180 493; x_wconf 74' lang='lat' dir='ltr'><em>quibuslibet</em></span> <span class='ocrx_word' id='word_1_20' title='bbox 1203 439 1385 494; x_wconf 78' lang='lat' dir='ltr'>floribus,</span> <span class='ocrx_word' id='word_1_21' title='bbox 1412 439 1598 494; x_wconf 89' lang='lat' dir='ltr'>speciem</span> <span class='ocrx_word' id='word_1_22' title='bbox 1622 455 1702 495; x_wconf 91' lang='lat' dir='ltr'>pro</span> <span class='ocrx_word' id='word_1_23' title='bbox 1730 455 1884 497; x_wconf 85' lang='lat' dir='ltr'>genere</span> <span class='ocrx_word' id='word_1_24' title='bbox 1910 442 2068 496; x_wconf 89' lang='lat' dir='ltr'>posuit.</span> 
     </span>
    </p>

    <p class='ocr_par' dir='ltr' id='par_1_7' title="bbox 358 510 2068 638">
     <span class='ocr_line' id='line_1_8' title="bbox 480 510 2066 565; baseline 0.001 -13"><span class='ocrx_word' id='word_1_25' title='bbox 480 510 577 553; x_wconf 86' lang='lat'>711.</span> <span class='ocrx_word' id='word_1_26' title='bbox 626 522 838 553; x_wconf 79' lang='lat' dir='ltr'>FLVMINA</span> <span class='ocrx_word' id='word_1_27' title='bbox 858 522 1012 553; x_wconf 83' lang='lat' dir='ltr'>PORRO</span> <span class='ocrx_word' id='word_1_28' title='bbox 1039 511 1170 565; x_wconf 83' lang='lat' dir='ltr'>longe</span> <span class='ocrx_word' id='word_1_29' title='bbox 1196 513 1380 552; x_wconf 88' lang='lat' dir='ltr'>remota:</span> <span class='ocrx_word' id='word_1_30' title='bbox 1413 513 1456 551; x_wconf 88' lang='lat' dir='ltr'>et</span> <span class='ocrx_word' id='word_1_31' title='bbox 1483 513 1548 552; x_wconf 90' lang='lat' dir='ltr'>est</span> <span class='ocrx_word' id='word_1_32' title='bbox 1568 510 1780 555; x_wconf 84' lang='lat' dir='ltr'>Graecum</span> <span class='ocrx_word' id='word_1_33' title='bbox 1804 512 2066 555; x_wconf 84' lang='lat' dir='ltr'>adverbium.</span> 
     </span>
     <span class='ocr_line' id='line_1_9' title="bbox 358 580 2068 638; baseline 0.002 -15"><span class='ocrx_word' id='word_1_34' title='bbox 358 581 466 622; x_wconf 87' lang='lat' dir='ltr'>bene</span> <span class='ocrx_word' id='word_1_35' title='bbox 499 583 643 623; x_wconf 89' lang='lat' dir='ltr'>autem</span> <span class='ocrx_word' id='word_1_36' title='bbox 674 580 852 623; x_wconf 83' lang='lat' dir='ltr'><strong>Aenean</strong></span> <span class='ocrx_word' id='word_1_37' title='bbox 883 582 1011 638; x_wconf 85' lang='lat' dir='ltr'>longe</span> <span class='ocrx_word' id='word_1_38' title='bbox 1044 596 1070 623; x_wconf 89' lang='lat' dir='ltr'>a</span> <span class='ocrx_word' id='word_1_39' title='bbox 1100 581 1292 624; x_wconf 87' lang='lat' dir='ltr'>Lethaeo</span> <span class='ocrx_word' id='word_1_40' title='bbox 1325 581 1450 637; x_wconf 86' lang='lat' dir='ltr'>facit,</span> <span class='ocrx_word' id='word_1_41' title='bbox 1489 582 1589 637; x_wconf 90' lang='lat' dir='ltr'>quia</span> <span class='ocrx_word' id='word_1_42' title='bbox 1621 582 1760 626; x_wconf 89' lang='lat' dir='ltr'>adhuc</span> <span class='ocrx_word' id='word_1_43' title='bbox 1790 583 1957 626; x_wconf 90' lang='lat' dir='ltr'>iuvenis</span> <span class='ocrx_word' id='word_1_44' title='bbox 1991 586 2068 626; x_wconf 90' lang='lat' dir='ltr'>est.</span> 
     </span>
    </p>

    <p class='ocr_par' dir='ltr' id='par_1_8' title="bbox 355 653 2066 780">
     <span class='ocr_line' id='line_1_10' title="bbox 478 653 2066 709; baseline 0.001 -14"><span class='ocrx_word' id='word_1_45' title='bbox 478 653 575 695; x_wconf 83' lang='lat'>712.</span> <span class='ocrx_word' id='word_1_46' title='bbox 624 664 805 695; x_wconf 81' lang='lat' dir='ltr'><strong>AGMINE</strong></span> <span class='ocrx_word' id='word_1_47' title='bbox 836 668 985 708; x_wconf 90' lang='lat' dir='ltr'>cursu,</span> <span class='ocrx_word' id='word_1_48' title='bbox 1015 653 1197 708; x_wconf 86' lang='lat' dir='ltr'>impetu:</span> <span class='ocrx_word' id='word_1_49' title='bbox 1238 667 1316 708; x_wconf 89' lang='lat' dir='ltr'>per</span> <span class='ocrx_word' id='word_1_50' title='bbox 1347 653 1462 709; x_wconf 91' lang='lat' dir='ltr'>quod</span> <span class='ocrx_word' id='word_1_51' title='bbox 1494 654 1683 696; x_wconf 90' lang='lat' dir='ltr'>ostendit</span> <span class='ocrx_word' id='word_1_52' title='bbox 1714 655 1800 697; x_wconf 89' lang='lat' dir='ltr'>cito</span> <span class='ocrx_word' id='word_1_53' title='bbox 1833 655 1885 696; x_wconf 90' lang='lat' dir='ltr'>iri</span> <span class='ocrx_word' id='word_1_54' title='bbox 1918 655 1970 697; x_wconf 90' lang='lat' dir='ltr'>ad</span> <span class='ocrx_word' id='word_1_55' title='bbox 2003 670 2066 697; x_wconf 90' lang='lat' dir='ltr'>se-</span> 
     </span>
     <span class='ocr_line' id='line_1_11' title="bbox 355 711 1892 780; baseline 0.002 -15"><span class='ocrx_word' id='word_1_56' title='bbox 355 725 545 778; x_wconf 85' lang='lat' dir='ltr'>nectam,</span> <span class='ocrx_word' id='word_1_57' title='bbox 578 724 679 780; x_wconf 91' lang='lat' dir='ltr'>quia</span> <span class='ocrx_word' id='word_1_58' title='bbox 710 726 806 766; x_wconf 90' lang='lat' dir='ltr'>tota</span> <span class='ocrx_word' id='word_1_59' title='bbox 838 724 1059 766; x_wconf 90' lang='lat' dir='ltr'>celeritate</span> <span class='ocrx_word' id='word_1_60' title='bbox 1092 739 1193 766; x_wconf 89' lang='lat' dir='ltr'>usus</span> <span class='ocrx_word' id='word_1_61' title='bbox 1227 725 1389 767; x_wconf 75' lang='lat' dir='ltr'>labitur</span> <span class='ocrx_word' id='word_1_62' title='bbox 1420 726 1550 767; x_wconf 89' lang='lat' dir='ltr'>vitae.</span> <span class='ocrx_word' id='word_1_63' title='bbox 1882 711 1892 722; x_wconf 37' lang='lat'>⁸</span> 
     </span>
    </p>

    <p class='ocr_par' dir='ltr' id='par_1_9' title="bbox 355 795 2068 1065">
     <span class='ocr_line' id='line_1_12' title="bbox 477 795 2067 847; baseline 0.002 -10"><span class='ocrx_word' id='word_1_64' title='bbox 477 795 574 838; x_wconf 85' lang='lat'>713.</span> <span class='ocrx_word' id='word_1_65' title='bbox 624 807 802 838; x_wconf 82' lang='lat' dir='ltr'>ANIMAE</span> <span class='ocrx_word' id='word_1_66' title='bbox 837 808 1005 847; x_wconf 78' lang='lat' dir='ltr'>QVIBVS</span> <span class='ocrx_word' id='word_1_67' title='bbox 1038 807 1222 838; x_wconf 78' lang='lat' dir='ltr'>ALTERA</span> <span class='ocrx_word' id='word_1_68' title='bbox 1250 808 1371 839; x_wconf 76' lang='lat' dir='ltr'>FA&#39;ro</span> <span class='ocrx_word' id='word_1_69' title='bbox 1399 807 1614 839; x_wconf 85' lang='lat' dir='ltr'>CORPORA</span> <span class='ocrx_word' id='word_1_70' title='bbox 1645 809 1899 840; x_wconf 83' lang='lat' dir='ltr'>DEBENTVR</span> <span class='ocrx_word' id='word_1_71' title='bbox 1931 798 2067 840; x_wconf 84' lang='lat' dir='ltr'>scien-</span> 
     </span>
     <span class='ocr_line' id='line_1_13' title="bbox 355 858 2068 929; baseline 0.002 -21"><span class='ocrx_word' id='word_1_72' title='bbox 355 858 473 909; x_wconf 32' lang='lat' dir='ltr'>dum*</span> <span class='ocrx_word' id='word_1_73' title='bbox 494 881 584 909; x_wconf 93' lang='lat' dir='ltr'>non</span> <span class='ocrx_word' id='word_1_74' title='bbox 622 882 770 909; x_wconf 90' lang='lat' dir='ltr'>omnes</span> <span class='ocrx_word' id='word_1_75' title='bbox 810 868 977 909; x_wconf 87' lang='lat' dir='ltr'>animas</span> <span class='ocrx_word' id='word_1_76' title='bbox 1009 867 1063 909; x_wconf 90' lang='lat' dir='ltr'>ad</span> <span class='ocrx_word' id='word_1_77' title='bbox 1095 882 1278 929; x_wconf 74' lang='lat' dir='ltr'>corpora</span> <span class='ocrx_word' id='word_1_78' title='bbox 1314 868 1490 911; x_wconf 87' lang='lat' dir='ltr'>reverti:</span> <span class='ocrx_word' id='word_1_79' title='bbox 1530 868 1698 924; x_wconf 84' lang='lat' dir='ltr'>aliquae</span> <span class='ocrx_word' id='word_1_80' title='bbox 1738 870 1853 911; x_wconf 90' lang='lat' dir='ltr'>enim</span> <span class='ocrx_word' id='word_1_81' title='bbox 1892 873 2068 924; x_wconf 88' lang='lat' dir='ltr'>propter</span> 
     </span>
     <span class='ocr_line' id='line_1_14' title="bbox 355 938 2066 997; baseline 0.002 -17"><span class='ocrx_word' id='word_1_82' title='bbox 355 938 470 980; x_wconf 90' lang='lat' dir='ltr'>vitae</span> <span class='ocrx_word' id='word_1_83' title='bbox 509 939 664 980; x_wconf 89' lang='lat' dir='ltr'>merita</span> <span class='ocrx_word' id='word_1_84' title='bbox 701 954 789 981; x_wconf 91' lang='lat' dir='ltr'>non</span> <span class='ocrx_word' id='word_1_85' title='bbox 825 939 1024 994; x_wconf 83' lang='lat' dir='ltr'>redeunt3</span> <span class='ocrx_word' id='word_1_86' title='bbox 1068 939 1238 994; x_wconf 84' lang='lat' dir='ltr'>aliquae</span> <span class='ocrx_word' id='word_1_87' title='bbox 1282 940 1462 982; x_wconf 88' lang='lat' dir='ltr'>redeunt</span> <span class='ocrx_word' id='word_1_88' title='bbox 1504 942 1684 996; x_wconf 90' lang='lat' dir='ltr'>propter</span> <span class='ocrx_word' id='word_1_89' title='bbox 1721 941 1880 982; x_wconf 90' lang='lat' dir='ltr'>malam</span> <span class='ocrx_word' id='word_1_90' title='bbox 1918 941 2066 997; x_wconf 90' lang='lat' dir='ltr'>vitam,</span> 
     </span>
     <span class='ocr_line' id='line_1_15' title="bbox 355 1010 1189 1065; baseline 0.002 -15"><span class='ocrx_word' id='word_1_91' title='bbox 355 1010 522 1064; x_wconf 81' lang='lat' dir='ltr'>aliquae</span> <span class='ocrx_word' id='word_1_92' title='bbox 555 1012 731 1065; x_wconf 90' lang='lat' dir='ltr'>propter</span> <span class='ocrx_word' id='word_1_93' title='bbox 761 1010 843 1052; x_wconf 88' lang='lat' dir='ltr'>fati</span> <span class='ocrx_word' id='word_1_94' title='bbox 874 1011 1189 1052; x_wconf 86' lang='lat' dir='ltr'>necessitatem.</span> 
     </span>
    </p>

    <p class='ocr_par' dir='ltr' id='par_1_10' title="bbox 346 1082 2066 2065">
     <span class='ocr_line' id='line_1_16' title="bbox 475 1082 2066 1125; baseline 0.001 -2"><span class='ocrx_word' id='word_1_95' title='bbox 475 1082 571 1124; x_wconf 88' lang='lat'>714.</span> <span class='ocrx_word' id='word_1_96' title='bbox 622 1093 826 1123; x_wconf 80' lang='lat' dir='ltr'><strong>LETHAEI</strong></span> <span class='ocrx_word' id='word_1_97' title='bbox 864 1094 927 1123; x_wconf 89' lang='lat' dir='ltr'>AD</span> <span class='ocrx_word' id='word_1_98' title='bbox 967 1092 1188 1124; x_wconf 79' lang='lat' dir='ltr'><strong>FLVMINIS</strong></span> <span class='ocrx_word' id='word_1_99' title='bbox 1226 1093 1392 1124; x_wconf 79' lang='lat' dir='ltr'>VNDAM</span> <span class='ocrx_word' id='word_1_100' title='bbox 1435 1082 1470 1123; x_wconf 87' lang='lat' dir='ltr'>si</span> <span class='ocrx_word' id='word_1_101' title='bbox 1513 1082 1657 1124; x_wconf 85' lang='lat' dir='ltr'>anima</span> <span class='ocrx_word' id='word_1_102' title='bbox 1699 1085 1874 1124; x_wconf 86' lang='lat' dir='ltr'>aeterna</span> <span class='ocrx_word' id='word_1_103' title='bbox 1916 1086 1982 1125; x_wconf 88' lang='lat' dir='ltr'>est</span> <span class='ocrx_word' id='word_1_104' title='bbox 2023 1087 2066 1125; x_wconf 86' lang='lat' dir='ltr'>et</span> 
     </span>
     <span class='ocr_line' id='line_1_17' title="bbox 354 1152 2064 1210; baseline 0.002 -16"><span class='ocrx_word' id='word_1_105' title='bbox 354 1153 510 1194; x_wconf 89' lang='lat' dir='ltr'>summi</span> <span class='ocrx_word' id='word_1_106' title='bbox 550 1153 728 1208; x_wconf 86' lang='lat' dir='ltr'>spiritus</span> <span class='ocrx_word' id='word_1_107' title='bbox 761 1168 880 1209; x_wconf 90' lang='lat' dir='ltr'>pars,</span> <span class='ocrx_word' id='word_1_108' title='bbox 919 1167 1004 1208; x_wconf 91' lang='lat' dir='ltr'>qua</span> <span class='ocrx_word' id='word_1_109' title='bbox 1034 1152 1204 1195; x_wconf 91' lang='lat' dir='ltr'>ratione</span> <span class='ocrx_word' id='word_1_110' title='bbox 1235 1153 1281 1194; x_wconf 91' lang='lat' dir='ltr'>in</span> <span class='ocrx_word' id='word_1_111' title='bbox 1312 1166 1489 1207; x_wconf 89' lang='lat' dir='ltr'>corpore</span> <span class='ocrx_word' id='word_1_112' title='bbox 1521 1168 1608 1195; x_wconf 90' lang='lat' dir='ltr'>non</span> <span class='ocrx_word' id='word_1_113' title='bbox 1639 1155 1782 1195; x_wconf 87' lang='lat' dir='ltr'>totum</span> <span class='ocrx_word' id='word_1_114' title='bbox 1814 1154 1949 1210; x_wconf 86' lang='lat' dir='ltr'>videt,</span> <span class='ocrx_word' id='word_1_115' title='bbox 1986 1169 2064 1197; x_wconf 91' lang='lat' dir='ltr'>nec</span> 
     </span>
     <span class='ocr_line' id='line_1_18' title="bbox 353 1223 2063 1281; baseline 0.001 -16"><span class='ocrx_word' id='word_1_116' title='bbox 353 1226 419 1266; x_wconf 88' lang='lat' dir='ltr'>est</span> <span class='ocrx_word' id='word_1_117' title='bbox 442 1226 595 1267; x_wconf 87' lang='lat' dir='ltr'>tantae</span> <span class='ocrx_word' id='word_1_118' title='bbox 612 1225 861 1278; x_wconf 74' lang='lat' dir='ltr'>prudentiae</span> <span class='ocrx_word' id='word_1_119' title='bbox 880 1227 1093 1278; x_wconf 78' lang='lat' dir='ltr'>tantaeque</span> <span class='ocrx_word' id='word_1_120' title='bbox 1117 1223 1375 1279; x_wconf 87' lang='lat' dir='ltr'>vivacitatis,</span> <span class='ocrx_word' id='word_1_121' title='bbox 1399 1227 1449 1266; x_wconf 91' lang='lat' dir='ltr'>ut</span> <span class='ocrx_word' id='word_1_122' title='bbox 1469 1224 1614 1266; x_wconf 90' lang='lat' dir='ltr'>omnia</span> <span class='ocrx_word' id='word_1_123' title='bbox 1639 1225 1779 1279; x_wconf 89' lang='lat' dir='ltr'>possit</span> <span class='ocrx_word' id='word_1_124' title='bbox 1799 1225 2063 1281; x_wconf 83' lang='lat' dir='ltr'>agnoscere?</span> 
     </span>
     <span class='ocr_line' id='line_1_19' title="bbox 353 1295 2063 1355; baseline 0.001 -17"><span class='ocrx_word' id='word_1_125' title='bbox 353 1296 453 1350; x_wconf 91' lang='lat' dir='ltr'>quia</span> <span class='ocrx_word' id='word_1_126' title='bbox 484 1311 581 1355; x_wconf 87' lang='lat' dir='ltr'>cum</span> <span class='ocrx_word' id='word_1_127' title='bbox 614 1296 807 1351; x_wconf 89' lang='lat' dir='ltr'>coeperit</span> <span class='ocrx_word' id='word_1_128' title='bbox 835 1295 882 1338; x_wconf 91' lang='lat' dir='ltr'>in</span> <span class='ocrx_word' id='word_1_129' title='bbox 908 1310 1062 1351; x_wconf 87' lang='lat' dir='ltr'>corpus</span> <span class='ocrx_word' id='word_1_130' title='bbox 1089 1295 1364 1351; x_wconf 84' lang='lat' dir='ltr'>descendere,</span> <span class='ocrx_word' id='word_1_131' title='bbox 1395 1298 1520 1351; x_wconf 84' lang='lat' dir='ltr'>potat</span> <span class='ocrx_word' id='word_1_132' title='bbox 1546 1296 1776 1338; x_wconf 71' lang='lat' dir='ltr'>stultitiam</span> <span class='ocrx_word' id='word_1_133' title='bbox 1810 1299 1853 1339; x_wconf 90' lang='lat' dir='ltr'>et</span> <span class='ocrx_word' id='word_1_134' title='bbox 1884 1297 2063 1340; x_wconf 88' lang='lat' dir='ltr'>oblivio-</span> 
     </span>
     <span class='ocr_line' id='line_1_20' title="bbox 350 1367 2063 1423; baseline 0.002 -15"><span class='ocrx_word' id='word_1_135' title='bbox 350 1381 467 1421; x_wconf 90' lang='lat' dir='ltr'>nem,</span> <span class='ocrx_word' id='word_1_136' title='bbox 504 1367 617 1409; x_wconf 91' lang='lat' dir='ltr'>unde</span> <span class='ocrx_word' id='word_1_137' title='bbox 655 1382 743 1409; x_wconf 91' lang='lat' dir='ltr'>non</span> <span class='ocrx_word' id='word_1_138' title='bbox 781 1370 927 1423; x_wconf 87' lang='lat' dir='ltr'>potest</span> <span class='ocrx_word' id='word_1_139' title='bbox 956 1367 1136 1422; x_wconf 91' lang='lat' dir='ltr'>implere</span> <span class='ocrx_word' id='word_1_140' title='bbox 1168 1367 1255 1409; x_wconf 87' lang='lat' dir='ltr'>vim</span> <span class='ocrx_word' id='word_1_141' title='bbox 1286 1367 1478 1409; x_wconf 90' lang='lat' dir='ltr'>numinis</span> <span class='ocrx_word' id='word_1_142' title='bbox 1518 1368 1584 1409; x_wconf 90' lang='lat' dir='ltr'>sui</span> <span class='ocrx_word' id='word_1_143' title='bbox 1621 1370 1719 1422; x_wconf 90' lang='lat' dir='ltr'>post</span> <span class='ocrx_word' id='word_1_144' title='bbox 1749 1370 1928 1411; x_wconf 88' lang='lat' dir='ltr'>naturae</span> <span class='ocrx_word' id='word_1_145' title='bbox 1961 1383 2063 1411; x_wconf 90' lang='lat' dir='ltr'>suae</span> 
     </span>
     <span class='ocr_line' id='line_1_21' title="bbox 351 1438 2062 1496; baseline 0.002 -16"><span class='ocrx_word' id='word_1_146' title='bbox 351 1438 627 1481; x_wconf 87' lang='lat' dir='ltr'>oblivionem.</span> <span class='ocrx_word' id='word_1_147' title='bbox 684 1438 958 1481; x_wconf 85' lang='lat' dir='ltr'>obliviscitur</span> <span class='ocrx_word' id='word_1_148' title='bbox 990 1440 1133 1481; x_wconf 90' lang='lat' dir='ltr'>autem</span> <span class='ocrx_word' id='word_1_149' title='bbox 1165 1438 1396 1481; x_wconf 89' lang='lat' dir='ltr'>secundum</span> <span class='ocrx_word' id='word_1_150' title='bbox 1429 1441 1581 1493; x_wconf 87' lang='lat' dir='ltr'>poetas</span> <span class='ocrx_word' id='word_1_151' title='bbox 1613 1439 1965 1496; x_wconf 87' lang='lat' dir='ltr'>praeteritorum,</span> <span class='ocrx_word' id='word_1_152' title='bbox 1997 1455 2062 1483; x_wconf 90' lang='lat' dir='ltr'>se-</span> 
     </span>
     <span class='ocr_line' id='line_1_22' title="bbox 350 1509 2058 1566; baseline 0.001 -14"><span class='ocrx_word' id='word_1_153' title='bbox 350 1509 537 1552; x_wconf 92' lang='lat' dir='ltr'>cundum</span> <span class='ocrx_word' id='word_1_154' title='bbox 568 1510 853 1566; x_wconf 90' lang='lat' dir='ltr'>philosophos</span> <span class='ocrx_word' id='word_1_155' title='bbox 890 1510 1042 1552; x_wconf 87' lang='lat' dir='ltr'>futuri:</span> <span class='ocrx_word' id='word_1_156' title='bbox 1082 1509 1194 1552; x_wconf 91' lang='lat' dir='ltr'>unde</span> <span class='ocrx_word' id='word_1_157' title='bbox 1234 1510 1423 1552; x_wconf 91' lang='lat' dir='ltr'>medium</span> <span class='ocrx_word' id='word_1_158' title='bbox 1454 1511 1596 1553; x_wconf 91' lang='lat' dir='ltr'>tenuit</span> <span class='ocrx_word' id='word_1_159' title='bbox 1627 1511 1806 1553; x_wconf 90' lang='lat' dir='ltr'>dicendo</span> <span class='ocrx_word' id='word_1_160' title='bbox 1840 1510 2058 1554; x_wconf 75' lang='lat' dir='ltr'>‘oblivia&#39;.</span> 
     </span>
     <span class='ocr_line' id='line_1_23' title="bbox 351 1581 2061 1638; baseline 0.001 -14"><span class='ocrx_word' id='word_1_161' title='bbox 351 1581 508 1624; x_wconf 84' lang='lat' dir='ltr'>docent</span> <span class='ocrx_word' id='word_1_162' title='bbox 542 1584 687 1624; x_wconf 87' lang='lat' dir='ltr'>autem</span> <span class='ocrx_word' id='word_1_163' title='bbox 724 1581 995 1637; x_wconf 85' lang='lat' dir='ltr'>philosophi,</span> <span class='ocrx_word' id='word_1_164' title='bbox 1033 1581 1179 1624; x_wconf 88' lang='lat' dir='ltr'>anima</span> <span class='ocrx_word' id='word_1_165' title='bbox 1217 1581 1480 1624; x_wconf 88' lang='lat' dir='ltr'>descendens</span> <span class='ocrx_word' id='word_1_166' title='bbox 1512 1582 1614 1637; x_wconf 90' lang='lat' dir='ltr'>quid</span> <span class='ocrx_word' id='word_1_167' title='bbox 1646 1597 1722 1637; x_wconf 90' lang='lat' dir='ltr'>per</span> <span class='ocrx_word' id='word_1_168' title='bbox 1754 1582 1948 1638; x_wconf 86' lang='lat' dir='ltr'>singulos</span> <span class='ocrx_word' id='word_1_169' title='bbox 1979 1583 2061 1625; x_wconf 88' lang='lat' dir='ltr'>cir-</span> 
     </span>
     <span class='ocr_line' id='line_1_24' title="bbox 349 1652 2059 1710; baseline 0.001 -15"><span class='ocrx_word' id='word_1_170' title='bbox 349 1653 469 1696; x_wconf 88' lang='lat' dir='ltr'>culos</span> <span class='ocrx_word' id='word_1_171' title='bbox 513 1653 686 1708; x_wconf 89' lang='lat' dir='ltr'>perdat:</span> <span class='ocrx_word' id='word_1_172' title='bbox 731 1653 842 1695; x_wconf 93' lang='lat' dir='ltr'>unde</span> <span class='ocrx_word' id='word_1_173' title='bbox 888 1653 1018 1695; x_wconf 88' lang='lat' dir='ltr'>etiam</span> <span class='ocrx_word' id='word_1_174' title='bbox 1063 1652 1361 1695; x_wconf 82' lang='lat' dir='ltr'>mathematici</span> <span class='ocrx_word' id='word_1_175' title='bbox 1404 1653 1591 1709; x_wconf 90' lang='lat' dir='ltr'>fingunt,</span> <span class='ocrx_word' id='word_1_176' title='bbox 1635 1654 1748 1708; x_wconf 88' lang='lat' dir='ltr'>quod</span> <span class='ocrx_word' id='word_1_177' title='bbox 1789 1654 2059 1710; x_wconf 87' lang='lat' dir='ltr'>singulorum</span> 
     </span>
     <span class='ocr_line' id='line_1_25' title="bbox 350 1724 2059 1781; baseline 0.001 -15"><span class='ocrx_word' id='word_1_178' title='bbox 350 1725 577 1767; x_wconf 91' lang='lat' dir='ltr'>numinum</span> <span class='ocrx_word' id='word_1_179' title='bbox 602 1724 895 1779; x_wconf 82' lang='lat' dir='ltr'>potestatibus</span> <span class='ocrx_word' id='word_1_180' title='bbox 923 1739 1077 1779; x_wconf 89' lang='lat' dir='ltr'>corpus</span> <span class='ocrx_word' id='word_1_181' title='bbox 1104 1726 1147 1766; x_wconf 90' lang='lat' dir='ltr'>et</span> <span class='ocrx_word' id='word_1_182' title='bbox 1167 1725 1313 1766; x_wconf 87' lang='lat' dir='ltr'>anima</span> <span class='ocrx_word' id='word_1_183' title='bbox 1336 1727 1488 1766; x_wconf 88' lang='lat' dir='ltr'>nostra</span> <span class='ocrx_word' id='word_1_184' title='bbox 1507 1739 1667 1767; x_wconf 84' lang='lat' dir='ltr'>conexa</span> <span class='ocrx_word' id='word_1_185' title='bbox 1687 1727 1790 1767; x_wconf 92' lang='lat' dir='ltr'>sunt</span> <span class='ocrx_word' id='word_1_186' title='bbox 1809 1740 1858 1767; x_wconf 86' lang='lat' dir='ltr'>ea</span> <span class='ocrx_word' id='word_1_187' title='bbox 1877 1725 2059 1781; x_wconf 85' lang='lat' dir='ltr'>ratione,</span> 
     </span>
     <span class='ocr_line' id='line_1_26' title="bbox 349 1782 2058 1851; baseline 0.001 -14"><span class='ocrx_word' id='word_1_188' title='bbox 349 1795 450 1851; x_wconf 90' lang='lat' dir='ltr'>quia</span> <span class='ocrx_word' id='word_1_189' title='bbox 481 1809 578 1838; x_wconf 89' lang='lat' dir='ltr'>cum</span> <span class='ocrx_word' id='word_1_190' title='bbox 610 1794 874 1837; x_wconf 90' lang='lat' dir='ltr'>descendunt</span> <span class='ocrx_word' id='word_1_191' title='bbox 907 1795 1074 1836; x_wconf 86' lang='lat' dir='ltr'>animae</span> <span class='ocrx_word' id='word_1_192' title='bbox 1106 1795 1285 1837; x_wconf 87' lang='lat' dir='ltr'>trahunt</span> <span class='ocrx_word' id='word_1_193' title='bbox 1313 1809 1456 1837; x_wconf 88' lang='lat' dir='ltr'>secum</span> <span class='ocrx_word' id='word_1_194' title='bbox 1481 1782 1701 1850; x_wconf 86' lang='lat' dir='ltr'>torporem</span> <span class='ocrx_word' id='word_1_195' title='bbox 1727 1794 1914 1851; x_wconf 84' lang='lat' dir='ltr'>Saturni,</span> <span class='ocrx_word' id='word_1_196' title='bbox 1945 1795 2058 1838; x_wconf 87' lang='lat' dir='ltr'>Mar-</span> 
     </span>
     <span class='ocr_line' id='line_1_27' title="bbox 348 1865 2057 1923; baseline 0.001 -15"><span class='ocrx_word' id='word_1_197' title='bbox 348 1867 406 1908; x_wconf 87' lang='lat' dir='ltr'>tis</span> <span class='ocrx_word' id='word_1_198' title='bbox 436 1866 723 1921; x_wconf 84' lang='lat' dir='ltr'>iracundiam,</span> <span class='ocrx_word' id='word_1_199' title='bbox 755 1866 977 1908; x_wconf 88' lang='lat' dir='ltr'>libidinem</span> <span class='ocrx_word' id='word_1_200' title='bbox 1003 1865 1204 1921; x_wconf 88' lang='lat' dir='ltr'>Veneris,</span> <span class='ocrx_word' id='word_1_201' title='bbox 1234 1865 1438 1908; x_wconf 88' lang='lat' dir='ltr'>Mercurii</span> <span class='ocrx_word' id='word_1_202' title='bbox 1469 1866 1579 1908; x_wconf 89' lang='lat' dir='ltr'>lucri</span> <span class='ocrx_word' id='word_1_203' title='bbox 1611 1867 1909 1923; x_wconf 88' lang='lat' dir='ltr'>cupiditatem,</span> <span class='ocrx_word' id='word_1_204' title='bbox 1940 1867 2057 1910; x_wconf 88' lang='lat' dir='ltr'>Iovis</span> 
     </span>
     <span class='ocr_line' id='line_1_28' title="bbox 348 1937 2053 1994; baseline 0.001 -15"><span class='ocrx_word' id='word_1_205' title='bbox 348 1938 473 1994; x_wconf 84' lang='lat' dir='ltr'>regni</span> <span class='ocrx_word' id='word_1_206' title='bbox 514 1937 788 1980; x_wconf 90' lang='lat' dir='ltr'>desiderium:</span> <span class='ocrx_word' id='word_1_207' title='bbox 835 1952 943 1993; x_wconf 90' lang='lat' dir='ltr'>quae</span> <span class='ocrx_word' id='word_1_208' title='bbox 984 1952 1052 1979; x_wconf 88' lang='lat' dir='ltr'>res</span> <span class='ocrx_word' id='word_1_209' title='bbox 1094 1937 1260 1980; x_wconf 89' lang='lat' dir='ltr'>faciunt</span> <span class='ocrx_word' id='word_1_210' title='bbox 1299 1938 1670 1993; x_wconf 87' lang='lat' dir='ltr'>perturbationem</span> <span class='ocrx_word' id='word_1_211' title='bbox 1712 1939 1957 1994; x_wconf 88' lang='lat' dir='ltr'>animabus,</span> <span class='ocrx_word' id='word_1_212' title='bbox 2000 1953 2053 1980; x_wconf 92' lang='lat' dir='ltr'>ne</span> 
     </span>
     <span class='ocr_line' id='line_1_29' title="bbox 346 2009 1404 2065; baseline -0.001 -14"><span class='ocrx_word' id='word_1_213' title='bbox 346 2010 517 2064; x_wconf 89' lang='lat' dir='ltr'>possint</span> <span class='ocrx_word' id='word_1_214' title='bbox 548 2010 613 2051; x_wconf 91' lang='lat' dir='ltr'>uti</span> <span class='ocrx_word' id='word_1_215' title='bbox 646 2009 792 2065; x_wconf 87' lang='lat' dir='ltr'>vigore</span> <span class='ocrx_word' id='word_1_216' title='bbox 826 2024 902 2051; x_wconf 90' lang='lat' dir='ltr'>suo</span> <span class='ocrx_word' id='word_1_217' title='bbox 935 2011 978 2051; x_wconf 91' lang='lat' dir='ltr'>et</span> <span class='ocrx_word' id='word_1_218' title='bbox 1009 2009 1173 2052; x_wconf 87' lang='lat' dir='ltr'>viribus</span> <span class='ocrx_word' id='word_1_219' title='bbox 1203 2009 1404 2064; x_wconf 90' lang='lat' dir='ltr'>propriis.</span> 
     </span>
    </p>

    <p class='ocr_par' dir='ltr' id='par_1_11' title="bbox 347 2080 2054 2207">
     <span class='ocr_line' id='line_1_30' title="bbox 469 2080 2054 2136; baseline 0 -13"><span class='ocrx_word' id='word_1_220' title='bbox 469 2081 565 2123; x_wconf 82' lang='lat'>715.</span> <span class='ocrx_word' id='word_1_221' title='bbox 617 2091 819 2123; x_wconf 83' lang='lat' dir='ltr'>SECVROS</span> <span class='ocrx_word' id='word_1_222' title='bbox 845 2092 1039 2123; x_wconf 84' lang='lat' dir='ltr'>LATICES</span> <span class='ocrx_word' id='word_1_223' title='bbox 1073 2081 1146 2136; x_wconf 92' lang='lat' dir='ltr'>qui</span> <span class='ocrx_word' id='word_1_224' title='bbox 1178 2094 1349 2122; x_wconf 89' lang='lat' dir='ltr'>securos</span> <span class='ocrx_word' id='word_1_225' title='bbox 1380 2080 1564 2136; x_wconf 90' lang='lat' dir='ltr'>faciunt,</span> <span class='ocrx_word' id='word_1_226' title='bbox 1597 2082 1645 2122; x_wconf 87' lang='lat' dir='ltr'>ut</span> <span class='ocrx_word' id='word_1_227' title='bbox 1669 2081 1842 2123; x_wconf 88' lang='lat' dir='ltr'>morbos</span> <span class='ocrx_word' id='word_1_228' title='bbox 1869 2081 2054 2136; x_wconf 86' lang='lat' dir='ltr'>pallidos</span> 
     </span>
     <span class='ocr_line' id='line_1_31' title="bbox 347 2150 1114 2207; baseline 0.001 -14"><span class='ocrx_word' id='word_1_229' title='bbox 347 2151 545 2207; x_wconf 90' lang='lat' dir='ltr'>dicimus,</span> <span class='ocrx_word' id='word_1_230' title='bbox 577 2152 692 2207; x_wconf 90' lang='lat' dir='ltr'>quod</span> <span class='ocrx_word' id='word_1_231' title='bbox 722 2151 907 2207; x_wconf 87' lang='lat' dir='ltr'>pallidos</span> <span class='ocrx_word' id='word_1_232' title='bbox 939 2150 1114 2194; x_wconf 86' lang='lat' dir='ltr'>faciunt.</span> 
     </span>
    </p>
   </div>
   <div class='ocr_carea' id='block_1_7' title="bbox 344 2233 629 2241">
    <p class='ocr_par' dir='ltr' id='par_1_12' title="bbox 344 2233 629 2241">
     <span class='ocr_line' id='line_1_32' title="bbox 344 2233 629 2241; baseline 0 0"><span class='ocrx_word' id='word_1_233' title='bbox 344 2233 629 2241; x_wconf 95' lang='lat' dir='ltr'> </span> 
     </span>
    </p>
   </div>
   <div class='ocr_carea' id='block_1_8' title="bbox 346 2279 2050 2374">
    <p class='ocr_par' dir='ltr' id='par_1_13' title="bbox 346 2279 2050 2374">
     <span class='ocr_line' id='line_1_33' title="bbox 443 2279 2050 2326; baseline 0 -10"><span class='ocrx_word' id='word_1_234' title='bbox 443 2285 462 2316; x_wconf 83' lang='lat'><strong>7</strong></span> <span class='ocrx_word' id='word_1_235' title='bbox 489 2280 677 2316; x_wconf 88' lang='lat' dir='ltr'>sciendum</span> <span class='ocrx_word' id='word_1_236' title='bbox 704 2305 713 2315; x_wconf 94' lang='lat'>.</span> <span class='ocrx_word' id='word_1_237' title='bbox 735 2309 742 2316; x_wconf 90' lang='lat'>.</span> <span class='ocrx_word' id='word_1_238' title='bbox 765 2308 773 2315; x_wconf 91' lang='lat'>.</span> <span class='ocrx_word' id='word_1_239' title='bbox 798 2279 1078 2326; x_wconf 75' lang='lat' dir='ltr'>necessitatem]</span> <span class='ocrx_word' id='word_1_240' title='bbox 1105 2291 1220 2315; x_wconf 86' lang='lat' dir='ltr'>exscr.</span> <span class='ocrx_word' id='word_1_241' title='bbox 1245 2279 1429 2324; x_wconf 83' lang='lat' dir='ltr'>mythogr.</span> <span class='ocrx_word' id='word_1_242' title='bbox 1457 2279 1509 2313; x_wconf 93' lang='lat' dir='ltr'>III</span> <span class='ocrx_word' id='word_1_243' title='bbox 1536 2283 1568 2323; x_wconf 89' lang='grc'>6,</span> <span class='ocrx_word' id='word_1_244' title='bbox 1597 2283 1638 2314; x_wconf 81' lang='grc'>12</span> <span class='ocrx_word' id='word_1_245' title='bbox 1665 2281 1676 2325; x_wconf 81' lang='grc' dir='ltr'>Η</span> <span class='ocrx_word' id='word_1_246' title='bbox 1707 2283 1747 2314; x_wconf 88' lang='grc'>11</span> <span class='ocrx_word' id='word_1_247' title='bbox 1776 2279 1806 2315; x_wconf 81' lang='lat' dir='ltr'>si</span> <span class='ocrx_word' id='word_1_248' title='bbox 1831 2280 1956 2316; x_wconf 85' lang='lat' dir='ltr'>anima</span> <span class='ocrx_word' id='word_1_249' title='bbox 1982 2309 1990 2316; x_wconf 92' lang='lat'>.</span> <span class='ocrx_word' id='word_1_250' title='bbox 2012 2308 2020 2316; x_wconf 95' lang='lat'>.</span> <span class='ocrx_word' id='word_1_251' title='bbox 2042 2308 2050 2316; x_wconf 94' lang='lat'>.</span> 
     </span>
     <span class='ocr_line' id='line_1_34' title="bbox 346 2326 1363 2374; baseline -0.001 -11"><span class='ocrx_word' id='word_1_252' title='bbox 346 2328 488 2363; x_wconf 89' lang='lat' dir='ltr'>viribus</span> <span class='ocrx_word' id='word_1_253' title='bbox 513 2326 691 2374; x_wconf 86' lang='lat' dir='ltr'>propriis]</span> <span class='ocrx_word' id='word_1_254' title='bbox 719 2339 832 2363; x_wconf 83' lang='lat' dir='ltr'>exscr.</span> <span class='ocrx_word' id='word_1_255' title='bbox 860 2328 1044 2372; x_wconf 82' lang='lat' dir='ltr'>mythogr.</span> <span class='ocrx_word' id='word_1_256' title='bbox 1073 2327 1123 2361; x_wconf 87' lang='lat' dir='ltr'>III</span> <span class='ocrx_word' id='word_1_257' title='bbox 1150 2331 1182 2372; x_wconf 88' lang='grc'>6,</span> <span class='ocrx_word' id='word_1_258' title='bbox 1210 2331 1254 2362; x_wconf 85' lang='grc'>16</span> <span class='ocrx_word' id='word_1_259' title='bbox 1280 2328 1318 2362; x_wconf 90' lang='lat' dir='ltr'>et</span> <span class='ocrx_word' id='word_1_260' title='bbox 1343 2330 1363 2361; x_wconf 88' lang='grc'>8</span> 
     </span>
    </p>
   </div>
   <div class='ocr_carea' id='block_1_9' title="bbox 343 2401 627 2409">
    <p class='ocr_par' dir='ltr' id='par_1_14' title="bbox 343 2401 627 2409">
     <span class='ocr_line' id='line_1_35' title="bbox 343 2401 627 2409; baseline 0 0"><span class='ocrx_word' id='word_1_261' title='bbox 343 2401 627 2409; x_wconf 95' lang='lat' dir='ltr'> </span> 
     </span>
    </p>
   </div>
   <div class='ocr_carea' id='block_1_10' title="bbox 344 2433 2051 2696">
    <p class='ocr_par' dir='ltr' id='par_1_15' title="bbox 344 2433 2051 2677">
     <span class='ocr_line' id='line_1_36' title="bbox 445 2433 2050 2480; baseline 0.001 -11"><span class='ocrx_word' id='word_1_262' title='bbox 445 2439 463 2469; x_wconf 94' lang='grc'>1</span> <span class='ocrx_word' id='word_1_263' title='bbox 491 2447 619 2470; x_wconf 73' lang='lat' dir='ltr'>cmcvn</span> <span class='ocrx_word' id='word_1_264' title='bbox 645 2445 711 2469; x_wconf 89' lang='lat' dir='ltr'>om.</span> <span class='ocrx_word' id='word_1_265' title='bbox 739 2434 827 2469; x_wconf 80' lang='lat' dir='ltr'>libri</span> <span class='ocrx_word' id='word_1_266' title='bbox 853 2435 865 2479; x_wconf 71' lang='grc' dir='ltr'><strong>Η</strong></span> <span class='ocrx_word' id='word_1_267' title='bbox 896 2433 1032 2468; x_wconf 89' lang='lat' dir='ltr'>circum</span> <span class='ocrx_word' id='word_1_268' title='bbox 1059 2433 1168 2469; x_wconf 86' lang='lat' dir='ltr'>flores</span> <span class='ocrx_word' id='word_1_269' title='bbox 1194 2444 1260 2469; x_wconf 86' lang='lat' dir='ltr'>om.</span> <span class='ocrx_word' id='word_1_270' title='bbox 1287 2433 1328 2468; x_wconf 81' lang='lat' dir='ltr'><em>F</em></span> <span class='ocrx_word' id='word_1_271' title='bbox 1348 2435 1361 2478; x_wconf 81' lang='grc' dir='ltr'>ΙΙ</span> <span class='ocrx_word' id='word_1_272' title='bbox 1389 2433 1527 2468; x_wconf 86' lang='lat' dir='ltr'>circum</span> <span class='ocrx_word' id='word_1_273' title='bbox 1552 2445 1617 2470; x_wconf 85' lang='lat' dir='ltr'>om.</span> <span class='ocrx_word' id='word_1_274' title='bbox 1644 2434 1738 2469; x_wconf 78' lang='grc' dir='ltr'>ΒΜ</span> <span class='ocrx_word' id='word_1_275' title='bbox 1759 2436 1772 2480; x_wconf 80' lang='grc' dir='ltr'>ΙΙ</span> <span class='ocrx_word' id='word_1_276' title='bbox 1798 2434 1922 2480; x_wconf 85' lang='lat' dir='ltr'>flores]</span> <span class='ocrx_word' id='word_1_277' title='bbox 1949 2434 2050 2470; x_wconf 83' lang='lat' dir='ltr'>floris</span> 
     </span>
     <span class='ocr_line' id='line_1_37' title="bbox 345 2481 2047 2527; baseline 0 -10"><span class='ocrx_word' id='word_1_278' title='bbox 345 2482 420 2517; x_wconf 78' lang='lat' dir='ltr'>AS</span> <span class='ocrx_word' id='word_1_279' title='bbox 426 2482 463 2517; x_wconf 86' lang='lat' dir='ltr'><strong><em>R</em></strong></span> <span class='ocrx_word' id='word_1_280' title='bbox 470 2483 515 2517; x_wconf 88' lang='lat' dir='ltr'><em>H</em></span> <span class='ocrx_word' id='word_1_281' title='bbox 548 2482 656 2518; x_wconf 89' lang='lat' dir='ltr'>flores</span> <span class='ocrx_word' id='word_1_282' title='bbox 677 2484 904 2527; x_wconf 84' lang='lat' dir='ltr'>sparguntur</span> <span class='ocrx_word' id='word_1_283' title='bbox 924 2482 981 2516; x_wconf 89' lang='lat' dir='ltr'>M.</span> <span class='ocrx_word' id='word_1_284' title='bbox 1009 2485 1162 2516; x_wconf 83' lang='lat' dir='ltr'>ceterum</span> <span class='ocrx_word' id='word_1_285' title='bbox 1181 2482 1255 2517; x_wconf 89' lang='lat' dir='ltr'>duo</span> <span class='ocrx_word' id='word_1_286' title='bbox 1273 2481 1410 2516; x_wconf 81' lang='lat' dir='ltr'>scholia</span> <span class='ocrx_word' id='word_1_287' title='bbox 1425 2492 1564 2526; x_wconf 77' lang='lat' dir='ltr'>parum</span> <span class='ocrx_word' id='word_1_288' title='bbox 1583 2485 1664 2527; x_wconf 76' lang='lat' dir='ltr'>apte</span> <span class='ocrx_word' id='word_1_289' title='bbox 1682 2483 1936 2527; x_wconf 72' lang='lat' dir='ltr'>eonylutinata</span> <span class='ocrx_word' id='word_1_290' title='bbox 1953 2486 2047 2517; x_wconf 84' lang='lat' dir='ltr'>swnt.</span> 
     </span>
     <span class='ocr_line' id='line_1_38' title="bbox 344 2528 2050 2575; baseline -0.001 -10"><span class='ocrx_word' id='word_1_291' title='bbox 344 2530 468 2565; x_wconf 83' lang='lat' dir='ltr'>Servii</span> <span class='ocrx_word' id='word_1_292' title='bbox 491 2534 579 2565; x_wconf 83' lang='lat' dir='ltr'>sunt</span> <span class='ocrx_word' id='word_1_293' title='bbox 604 2529 743 2565; x_wconf 89' lang='lat' dir='ltr'>circum</span> <span class='ocrx_word' id='word_1_294' title='bbox 768 2529 893 2565; x_wconf 86' lang='lat' dir='ltr'>flores:</span> <span class='ocrx_word' id='word_1_295' title='bbox 926 2528 1086 2574; x_wconf 87' lang='lat' dir='ltr'>speciem</span> <span class='ocrx_word' id='word_1_296' title='bbox 1118 2539 1186 2573; x_wconf 88' lang='lat' dir='ltr'>pro</span> <span class='ocrx_word' id='word_1_297' title='bbox 1217 2538 1352 2573; x_wconf 86' lang='lat' dir='ltr'>genere</span> <span class='ocrx_word' id='word_1_298' title='bbox 1382 2528 1526 2574; x_wconf 83' lang='lat' dir='ltr'>posuit,</span> <span class='ocrx_word' id='word_1_299' title='bbox 1558 2530 1710 2564; x_wconf 85' lang='lat' dir='ltr'>alterius</span> <span class='ocrx_word' id='word_1_300' title='bbox 1734 2531 1941 2575; x_wconf 78' lang='lat' dir='ltr'>interpretis</span> <span class='ocrx_word' id='word_1_301' title='bbox 1965 2530 2050 2565; x_wconf 81' lang='lat' dir='ltr'>haec</span> 
     </span>
     <span class='ocr_line' id='line_1_39' title="bbox 345 2575 2051 2623; baseline -0.001 -11"><span class='ocrx_word' id='word_1_302' title='bbox 345 2578 415 2613; x_wconf 91' lang='lat' dir='ltr'>hoc</span> <span class='ocrx_word' id='word_1_303' title='bbox 443 2578 501 2612; x_wconf 88' lang='lat' dir='ltr'>est</span> <span class='ocrx_word' id='word_1_304' title='bbox 526 2577 883 2613; x_wconf 86' lang='lat' dir='ltr'>circumfunduntur.</span> <span class='ocrx_word' id='word_1_305' title='bbox 937 2576 1047 2611; x_wconf 81' lang='lat' dir='ltr'>‘lilia’</span> <span class='ocrx_word' id='word_1_306' title='bbox 1075 2578 1201 2611; x_wconf 86' lang='lat' dir='ltr'>autem</span> <span class='ocrx_word' id='word_1_307' title='bbox 1225 2587 1294 2620; x_wconf 92' lang='lat' dir='ltr'>pro</span> <span class='ocrx_word' id='word_1_308' title='bbox 1319 2575 1548 2620; x_wconf 84' lang='lat' dir='ltr'>quibuslibet</span> <span class='ocrx_word' id='word_1_309' title='bbox 1571 2576 1733 2612; x_wconf 84' lang='lat' dir='ltr'>floribus.</span> <span class='ocrx_word' id='word_1_310' title='bbox 1754 2579 1766 2622; x_wconf 79' lang='grc' dir='ltr'>ΙΙ</span> <span class='ocrx_word' id='word_1_311' title='bbox 1794 2581 1814 2611; x_wconf 89' lang='grc'><strong>3</strong></span> <span class='ocrx_word' id='word_1_312' title='bbox 1840 2576 1952 2622; x_wconf 88' lang='lat' dir='ltr'>longo</span> <span class='ocrx_word' id='word_1_313' title='bbox 1977 2576 2014 2611; x_wconf 80' lang='lat' dir='ltr'><em>R</em></span> <span class='ocrx_word' id='word_1_314' title='bbox 2038 2576 2051 2623; x_wconf 82' lang='grc' dir='ltr'>ΙΙ</span> 
     </span>
     <span class='ocr_line' id='line_1_40' title="bbox 346 2621 2048 2677; baseline -0.001 -17"><span class='ocrx_word' id='word_1_315' title='bbox 346 2625 581 2671; x_wconf 85' lang='lat' dir='ltr'>adverbium]</span> <span class='ocrx_word' id='word_1_316' title='bbox 610 2623 755 2660; x_wconf 79' lang='lat' dir='ltr'>scilicet</span> <span class='ocrx_word' id='word_1_317' title='bbox 779 2621 907 2669; x_wconf 77' lang='grc' dir='ltr'><strong><em>πόρῤω</em></strong></span> <span class='ocrx_word' id='word_1_318' title='bbox 934 2624 1018 2660; x_wconf 83' lang='lat' dir='ltr'>add.</span> <span class='ocrx_word' id='word_1_319' title='bbox 1045 2623 1277 2668; x_wconf 66' lang='lat' dir='ltr'>Fabricius]</span> <span class='ocrx_word' id='word_1_320' title='bbox 1307 2627 1330 2658; x_wconf 87' lang='lat'>4</span> <span class='ocrx_word' id='word_1_321' title='bbox 1354 2622 1661 2677; x_wconf 34' lang='lat' dir='ltr'>longe]&#39;longere</span> <span class='ocrx_word' id='word_1_322' title='bbox 1689 2623 1726 2659; x_wconf 81' lang='lat'>0.</span> <span class='ocrx_word' id='word_1_323' title='bbox 1760 2625 1913 2668; x_wconf 81' lang='lat' dir='ltr'>fortasse</span> <span class='ocrx_word' id='word_1_324' title='bbox 1937 2624 2048 2670; x_wconf 88' lang='lat' dir='ltr'>longe</span> 
     </span>
    </p>

    <p class='ocr_par' dir='ltr' id='par_1_16' title="bbox 1486 2679 1498 2696">
     <span class='ocr_line' id='line_1_41' title="bbox 1486 2679 1498 2696; baseline 0 0"><span class='ocrx_word' id='word_1_325' title='bbox 1486 2679 1498 2696; x_wconf 83' lang='lat'><strong>1</strong></span> 
     </span>
    </p>
   </div>
   <div class='ocr_carea' id='block_1_11' title="bbox 338 2705 2048 3274">
    <p class='ocr_par' dir='ltr' id='par_1_17' title="bbox 338 2705 2048 3274">
     <span class='ocr_line' id='line_1_42' title="bbox 345 2705 2047 2753; baseline -0.001 -11"><span class='ocrx_word' id='word_1_326' title='bbox 345 2709 528 2742; x_wconf 89' lang='lat' dir='ltr'>remotum</span> <span class='ocrx_word' id='word_1_327' title='bbox 548 2709 560 2753; x_wconf 86' lang='grc' dir='ltr'>ΙΙ</span> <span class='ocrx_word' id='word_1_328' title='bbox 579 2708 616 2753; x_wconf 87' lang='lat' dir='ltr'>a]</span> <span class='ocrx_word' id='word_1_329' title='bbox 646 2707 694 2742; x_wconf 87' lang='lat' dir='ltr'>ad</span> <span class='ocrx_word' id='word_1_330' title='bbox 719 2707 759 2742; x_wconf 88' lang='lat' dir='ltr'><strong><em>F</em></strong></span> <span class='ocrx_word' id='word_1_331' title='bbox 775 2708 787 2752; x_wconf 84' lang='grc' dir='ltr'>ΙΙ</span> <span class='ocrx_word' id='word_1_332' title='bbox 806 2706 894 2742; x_wconf 85' lang='lat' dir='ltr'>fatit</span> <span class='ocrx_word' id='word_1_333' title='bbox 920 2706 950 2741; x_wconf 84' lang='lat'><em>0</em></span> <span class='ocrx_word' id='word_1_334' title='bbox 965 2707 977 2751; x_wconf 82' lang='grc' dir='ltr'>ΙΙ</span> <span class='ocrx_word' id='word_1_335' title='bbox 1009 2710 1029 2741; x_wconf 84' lang='grc'>5</span> <span class='ocrx_word' id='word_1_336' title='bbox 1055 2717 1122 2751; x_wconf 89' lang='lat' dir='ltr'>per</span> <span class='ocrx_word' id='word_1_337' title='bbox 1147 2717 1213 2746; x_wconf 82' lang='lat' dir='ltr'>om.</span> <span class='ocrx_word' id='word_1_338' title='bbox 1239 2705 1275 2740; x_wconf 84' lang='lat' dir='ltr'><em>R</em></span> <span class='ocrx_word' id='word_1_339' title='bbox 1293 2706 1306 2751; x_wconf 87' lang='grc' dir='ltr'>ΙΙ</span> <span class='ocrx_word' id='word_1_340' title='bbox 1333 2708 1354 2740; x_wconf 89' lang='grc'>8</span> <span class='ocrx_word' id='word_1_341' title='bbox 1381 2705 1505 2750; x_wconf 90' lang='lat' dir='ltr'>alique</span> <span class='ocrx_word' id='word_1_342' title='bbox 1533 2707 1563 2741; x_wconf 83' lang='lat' dir='ltr'>O</span> <span class='ocrx_word' id='word_1_343' title='bbox 1578 2708 1590 2752; x_wconf 86' lang='grc' dir='ltr'>ΙΙ</span> <span class='ocrx_word' id='word_1_344' title='bbox 1616 2706 1713 2742; x_wconf 90' lang='lat' dir='ltr'>enim</span> <span class='ocrx_word' id='word_1_345' title='bbox 1739 2717 1805 2742; x_wconf 87' lang='lat' dir='ltr'>om.</span> <span class='ocrx_word' id='word_1_346' title='bbox 1831 2706 1899 2752; x_wconf 80' lang='lat' dir='ltr'>Rss</span> <span class='ocrx_word' id='word_1_347' title='bbox 1926 2710 1947 2741; x_wconf 88' lang='grc'><strong>9</strong></span> <span class='ocrx_word' id='word_1_348' title='bbox 1972 2717 2047 2742; x_wconf 89' lang='lat' dir='ltr'>non</span> 
     </span>
     <span class='ocr_line' id='line_1_43' title="bbox 344 2753 2047 2801; baseline -0.001 -12"><span class='ocrx_word' id='word_1_349' title='bbox 344 2755 502 2790; x_wconf 86' lang='lat' dir='ltr'>redeant</span> <span class='ocrx_word' id='word_1_350' title='bbox 526 2755 571 2790; x_wconf 99' lang='lat' dir='ltr'><em>H</em></span> <span class='ocrx_word' id='word_1_351' title='bbox 593 2756 606 2800; x_wconf 88' lang='grc' dir='ltr'>ΙΙ</span> <span class='ocrx_word' id='word_1_352' title='bbox 637 2754 804 2800; x_wconf 84' lang='lat' dir='ltr'>aliquae]</span> <span class='ocrx_word' id='word_1_353' title='bbox 830 2754 935 2798; x_wconf 87' lang='lat' dir='ltr'>aliqu</span> <span class='ocrx_word' id='word_1_354' title='bbox 960 2754 1002 2801; x_wconf 78' lang='lat' dir='ltr'>in</span> <span class='ocrx_word' id='word_1_355' title='bbox 1025 2764 1098 2788; x_wconf 83' lang='lat' dir='ltr'>ras.</span> <span class='ocrx_word' id='word_1_356' title='bbox 1126 2766 1149 2789; x_wconf 87' lang='lat' dir='ltr'>a</span> <span class='ocrx_word' id='word_1_357' title='bbox 1180 2755 1192 2798; x_wconf 83' lang='grc' dir='ltr'>ΙΙ</span> <span class='ocrx_word' id='word_1_358' title='bbox 1222 2753 1380 2788; x_wconf 86' lang='lat' dir='ltr'>redeunt</span> <span class='ocrx_word' id='word_1_359' title='bbox 1405 2781 1412 2788; x_wconf 93' lang='lat'>.</span> <span class='ocrx_word' id='word_1_360' title='bbox 1433 2781 1441 2788; x_wconf 91' lang='lat'>.</span> <span class='ocrx_word' id='word_1_361' title='bbox 1464 2782 1470 2788; x_wconf 93' lang='lat'>.</span> <span class='ocrx_word' id='word_1_362' title='bbox 1498 2754 1774 2800; x_wconf 85' lang='lat' dir='ltr'>necessitatem]</span> <span class='ocrx_word' id='word_1_363' title='bbox 1801 2756 1954 2799; x_wconf 88' lang='lat' dir='ltr'>propter</span> <span class='ocrx_word' id='word_1_364' title='bbox 1976 2753 2047 2788; x_wconf 88' lang='lat' dir='ltr'>fati</span> 
     </span>
     <span class='ocr_line' id='line_1_44' title="bbox 341 2800 2046 2847; baseline -0.001 -11"><span class='ocrx_word' id='word_1_365' title='bbox 341 2803 605 2837; x_wconf 83' lang='lat' dir='ltr'>necessitatem</span> <span class='ocrx_word' id='word_1_366' title='bbox 630 2802 780 2847; x_wconf 86' lang='lat' dir='ltr'>aliquae</span> <span class='ocrx_word' id='word_1_367' title='bbox 803 2805 957 2846; x_wconf 86' lang='lat' dir='ltr'>propter</span> <span class='ocrx_word' id='word_1_368' title='bbox 982 2801 1122 2836; x_wconf 83' lang='lat' dir='ltr'>malam</span> <span class='ocrx_word' id='word_1_369' title='bbox 1146 2801 1265 2836; x_wconf 84' lang='lat' dir='ltr'>uitam</span> <span class='ocrx_word' id='word_1_370' title='bbox 1290 2800 1447 2835; x_wconf 87' lang='lat' dir='ltr'>redeunt</span> <span class='ocrx_word' id='word_1_371' title='bbox 1471 2801 1508 2836; x_wconf 80' lang='lat' dir='ltr'><em>R</em></span> <span class='ocrx_word' id='word_1_372' title='bbox 1535 2802 1547 2847; x_wconf 88' lang='grc' dir='ltr'>ΙΙ</span> <span class='ocrx_word' id='word_1_373' title='bbox 1581 2805 1621 2836; x_wconf 92' lang='grc'>11</span> <span class='ocrx_word' id='word_1_374' title='bbox 1650 2802 1689 2836; x_wconf 90' lang='lat' dir='ltr'>et</span> <span class='ocrx_word' id='word_1_375' title='bbox 1713 2812 1779 2836; x_wconf 87' lang='lat' dir='ltr'>om.</span> <span class='ocrx_word' id='word_1_376' title='bbox 1808 2800 1838 2836; x_wconf 82' lang='grc' dir='ltr'><em>Ο</em></span> <span class='ocrx_word' id='word_1_377' title='bbox 1859 2802 1871 2847; x_wconf 73' lang='grc' dir='ltr'>ΙΙ</span> <span class='ocrx_word' id='word_1_378' title='bbox 1904 2804 1946 2835; x_wconf 83' lang='grc'>12</span> <span class='ocrx_word' id='word_1_379' title='bbox 1971 2812 2046 2836; x_wconf 88' lang='lat' dir='ltr'>non</span> 
     </span>
     <span class='ocr_line' id='line_1_45' title="bbox 340 2847 2045 2895; baseline 0 -12"><span class='ocrx_word' id='word_1_380' title='bbox 340 2849 479 2895; x_wconf 85' lang='lat' dir='ltr'>totum]</span> <span class='ocrx_word' id='word_1_381' title='bbox 506 2851 634 2884; x_wconf 89' lang='lat' dir='ltr'>notum</span> <span class='ocrx_word' id='word_1_382' title='bbox 659 2850 696 2884; x_wconf 88' lang='grc' dir='ltr'><strong><em>Α</em></strong></span> <span class='ocrx_word' id='word_1_383' title='bbox 722 2851 828 2891; x_wconf 84' lang='lat' dir='ltr'>(corr.</span> <span class='ocrx_word' id='word_1_384' title='bbox 855 2849 893 2893; x_wconf 88' lang='lat' dir='ltr'>a)</span> <span class='ocrx_word' id='word_1_385' title='bbox 912 2849 924 2893; x_wconf 87' lang='grc' dir='ltr'>ΙΙ</span> <span class='ocrx_word' id='word_1_386' title='bbox 953 2851 997 2882; x_wconf 87' lang='grc'>13</span> <span class='ocrx_word' id='word_1_387' title='bbox 1022 2849 1151 2883; x_wconf 84' lang='lat' dir='ltr'>tantae</span> <span class='ocrx_word' id='word_1_388' title='bbox 1177 2859 1242 2883; x_wconf 86' lang='lat' dir='ltr'>om.</span> <span class='ocrx_word' id='word_1_389' title='bbox 1269 2847 1342 2883; x_wconf 82' lang='lat' dir='ltr'>AS</span> <span class='ocrx_word' id='word_1_390' title='bbox 1365 2849 1478 2892; x_wconf 78' lang='lat' dir='ltr'>(supr.</span> <span class='ocrx_word' id='word_1_391' title='bbox 1504 2860 1592 2884; x_wconf 79' lang='lat' dir='ltr'>vers.</span> <span class='ocrx_word' id='word_1_392' title='bbox 1619 2849 1703 2884; x_wconf 80' lang='lat' dir='ltr'>add.</span> <span class='ocrx_word' id='word_1_393' title='bbox 1729 2849 1766 2891; x_wconf 90' lang='lat' dir='ltr'>a)</span> <span class='ocrx_word' id='word_1_394' title='bbox 1786 2850 1798 2893; x_wconf 80' lang='lat' dir='ltr'>ss</span> <span class='ocrx_word' id='word_1_395' title='bbox 1824 2848 2045 2894; x_wconf 86' lang='lat' dir='ltr'>prudentiae</span> 
     </span>
     <span class='ocr_line' id='line_1_46' title="bbox 340 2893 2046 2942; baseline -0.001 -10"><span class='ocrx_word' id='word_1_396' title='bbox 340 2898 543 2941; x_wconf 89' lang='lat' dir='ltr'>tantaeque</span> <span class='ocrx_word' id='word_1_397' title='bbox 567 2894 650 2932; x_wconf 75' lang='lat' dir='ltr'>hab.</span> <span class='ocrx_word' id='word_1_398' title='bbox 671 2896 758 2932; x_wconf 81' lang='lat' dir='ltr'>GM</span> <span class='ocrx_word' id='word_1_399' title='bbox 773 2896 786 2941; x_wconf 88' lang='grc' dir='ltr'>ΙΙ</span> <span class='ocrx_word' id='word_1_400' title='bbox 804 2893 1034 2941; x_wconf 86' lang='lat' dir='ltr'>vivacitatis]</span> <span class='ocrx_word' id='word_1_401' title='bbox 1060 2894 1272 2930; x_wconf 86' lang='lat' dir='ltr'>inuatitatis</span> <span class='ocrx_word' id='word_1_402' title='bbox 1292 2895 1336 2929; x_wconf 91' lang='lat' dir='ltr'><em>H</em></span> <span class='ocrx_word' id='word_1_403' title='bbox 1350 2896 1362 2940; x_wconf 86' lang='grc' dir='ltr'>ΙΙ</span> <span class='ocrx_word' id='word_1_404' title='bbox 1384 2899 1427 2930; x_wconf 84' lang='lat'>14</span> <span class='ocrx_word' id='word_1_405' title='bbox 1451 2897 1561 2940; x_wconf 85' lang='lat' dir='ltr'>putat</span> <span class='ocrx_word' id='word_1_406' title='bbox 1578 2896 1623 2930; x_wconf 88' lang='lat' dir='ltr'><em>H</em></span> <span class='ocrx_word' id='word_1_407' title='bbox 1628 2895 1658 2931; x_wconf 82' lang='lat'><em>0</em></span> <span class='ocrx_word' id='word_1_408' title='bbox 1673 2899 1686 2941; x_wconf 76' lang='lat' dir='ltr'>fl</span> <span class='ocrx_word' id='word_1_409' title='bbox 1707 2899 1750 2931; x_wconf 88' lang='lat'>15</span> <span class='ocrx_word' id='word_1_410' title='bbox 1775 2894 1868 2942; x_wconf 92' lang='lat' dir='ltr'>vim]</span> <span class='ocrx_word' id='word_1_411' title='bbox 1895 2907 1979 2930; x_wconf 90' lang='lat' dir='ltr'>cum</span> <span class='ocrx_word' id='word_1_412' title='bbox 2003 2894 2046 2930; x_wconf 87' lang='grc' dir='ltr'><em>Η</em></span> 
     </span>
     <span class='ocr_line' id='line_1_47' title="bbox 342 2942 2044 2989; baseline -0.001 -10"><span class='ocrx_word' id='word_1_413' title='bbox 342 2943 488 2979; x_wconf 89' lang='lat' dir='ltr'>culmen</span> <span class='ocrx_word' id='word_1_414' title='bbox 515 2944 752 2989; x_wconf 69' lang='lat' dir='ltr'>Masvieiusll</span> <span class='ocrx_word' id='word_1_415' title='bbox 775 2943 879 2989; x_wconf 88' lang='lat' dir='ltr'>post]</span> <span class='ocrx_word' id='word_1_416' title='bbox 906 2943 1057 2987; x_wconf 83' lang='lat' dir='ltr'>propter</span> <span class='ocrx_word' id='word_1_417' title='bbox 1082 2942 1287 2977; x_wconf 73' lang='lat' dir='ltr'>Masvicius</span> <span class='ocrx_word' id='word_1_418' title='bbox 1312 2946 1345 2977; x_wconf 91' lang='lat' dir='ltr'>et</span> <span class='ocrx_word' id='word_1_419' title='bbox 1368 2942 1612 2978; x_wconf 74' lang='lat' dir='ltr'>Burmannus</span> <span class='ocrx_word' id='word_1_420' title='bbox 1635 2943 1648 2988; x_wconf 87' lang='grc' dir='ltr'>ΙΙ</span> <span class='ocrx_word' id='word_1_421' title='bbox 1678 2946 1720 2978; x_wconf 92' lang='grc'>18</span> <span class='ocrx_word' id='word_1_422' title='bbox 1746 2943 1872 2978; x_wconf 88' lang='lat' dir='ltr'>anima</span> <span class='ocrx_word' id='word_1_423' title='bbox 1896 2942 1944 2978; x_wconf 86' lang='lat' dir='ltr'>ad</span> <span class='ocrx_word' id='word_1_424' title='bbox 1968 2942 2044 2977; x_wconf 86' lang='lat' dir='ltr'>ima</span> 
     </span>
     <span class='ocr_line' id='line_1_48' title="bbox 341 2988 2042 3035; baseline -0.001 -9"><span class='ocrx_word' id='word_1_425' title='bbox 341 2990 567 3026; x_wconf 89' lang='lat' dir='ltr'>descendens</span> <span class='ocrx_word' id='word_1_426' title='bbox 586 2991 636 3026; x_wconf 90' lang='lat' dir='ltr'>D.</span> <span class='ocrx_word' id='word_1_427' title='bbox 676 2991 723 3026; x_wconf 83' lang='lat' dir='ltr'>ad</span> <span class='ocrx_word' id='word_1_428' title='bbox 747 2991 824 3026; x_wconf 87' lang='lat' dir='ltr'>ima</span> <span class='ocrx_word' id='word_1_429' title='bbox 848 2990 962 3025; x_wconf 83' lang='lat' dir='ltr'>edidit</span> <span class='ocrx_word' id='word_1_430' title='bbox 981 2988 1187 3033; x_wconf 76' lang='lat' dir='ltr'>Stephanus</span> <span class='ocrx_word' id='word_1_431' title='bbox 1205 2991 1218 3034; x_wconf 76' lang='lat' dir='ltr'>{l</span> <span class='ocrx_word' id='word_1_432' title='bbox 1239 2993 1281 3023; x_wconf 88' lang='lat'>19</span> <span class='ocrx_word' id='word_1_433' title='bbox 1308 2990 1405 3024; x_wconf 90' lang='lat' dir='ltr'>unde</span> <span class='ocrx_word' id='word_1_434' title='bbox 1431 2990 1546 3025; x_wconf 90' lang='lat' dir='ltr'>etiam</span> <span class='ocrx_word' id='word_1_435' title='bbox 1571 2990 1807 3035; x_wconf 83' lang='lat' dir='ltr'>disputantes</span> <span class='ocrx_word' id='word_1_436' title='bbox 1832 2990 1878 3024; x_wconf 90' lang='lat' dir='ltr'>de</span> <span class='ocrx_word' id='word_1_437' title='bbox 1898 2989 2042 3024; x_wconf 86' lang='lat' dir='ltr'>ratione</span> 
     </span>
     <span class='ocr_line' id='line_1_49' title="bbox 340 3036 2048 3083; baseline -0.002 -10"><span class='ocrx_word' id='word_1_438' title='bbox 340 3037 600 3074; x_wconf 84' lang='lat' dir='ltr'>mathematici</span> <span class='ocrx_word' id='word_1_439' title='bbox 624 3038 663 3072; x_wconf 90' lang='lat' dir='ltr'><em>D</em></span> <span class='ocrx_word' id='word_1_440' title='bbox 681 3039 694 3083; x_wconf 77' lang='lat' dir='ltr'>u</span> <span class='ocrx_word' id='word_1_441' title='bbox 712 3038 864 3073; x_wconf 86' lang='lat' dir='ltr'>mahtiti</span> <span class='ocrx_word' id='word_1_442' title='bbox 891 3037 923 3073; x_wconf 82' lang='lat'><em>0</em></span> <span class='ocrx_word' id='word_1_443' title='bbox 945 3036 1213 3081; x_wconf 85' lang='lat' dir='ltr'>(mathematici</span> <span class='ocrx_word' id='word_1_444' title='bbox 1238 3047 1415 3080; x_wconf 79' lang='lat' dir='ltr'>superscr.</span> <span class='ocrx_word' id='word_1_445' title='bbox 1441 3048 1538 3072; x_wconf 86' lang='lat' dir='ltr'>man.</span> <span class='ocrx_word' id='word_1_446' title='bbox 1564 3037 1648 3082; x_wconf 87' lang='lat' dir='ltr'>rec.)</span> <span class='ocrx_word' id='word_1_447' title='bbox 1667 3039 1679 3081; x_wconf 78' lang='grc' dir='ltr'>ΙΙ</span> <span class='ocrx_word' id='word_1_448' title='bbox 1706 3041 1752 3072; x_wconf 78' lang='lat'>20</span> <span class='ocrx_word' id='word_1_449' title='bbox 1776 3046 1975 3071; x_wconf 88' lang='lat' dir='ltr'>nomenum</span> <span class='ocrx_word' id='word_1_450' title='bbox 2001 3036 2048 3070; x_wconf 90' lang='lat' dir='ltr'><em>H</em></span> 
     </span>
     <span class='ocr_line' id='line_1_50' title="bbox 339 3082 2041 3130; baseline -0.002 -9"><span class='ocrx_word' id='word_1_451' title='bbox 339 3085 496 3122; x_wconf 88' lang='lat' dir='ltr'>nimium</span> <span class='ocrx_word' id='word_1_452' title='bbox 522 3084 554 3120; x_wconf 82' lang='lat' dir='ltr'><em>G</em></span> <span class='ocrx_word' id='word_1_453' title='bbox 576 3086 664 3130; x_wconf 65' lang='lat'>{1¹21</span> <span class='ocrx_word' id='word_1_454' title='bbox 690 3086 845 3120; x_wconf 86' lang='lat' dir='ltr'>tradunt</span> <span class='ocrx_word' id='word_1_455' title='bbox 870 3085 910 3119; x_wconf 81' lang='lat' dir='ltr'><strong><em>F</em></strong></span> <span class='ocrx_word' id='word_1_456' title='bbox 936 3085 950 3130; x_wconf 84' lang='grc' dir='ltr'>ΙΙ</span> <span class='ocrx_word' id='word_1_457' title='bbox 980 3087 1025 3119; x_wconf 81' lang='lat'>22</span> <span class='ocrx_word' id='word_1_458' title='bbox 1051 3082 1210 3118; x_wconf 88' lang='lat' dir='ltr'>mercuri</span> <span class='ocrx_word' id='word_1_459' title='bbox 1234 3083 1312 3118; x_wconf 80' lang='lat' dir='ltr'>AO</span> <span class='ocrx_word' id='word_1_460' title='bbox 1334 3083 1522 3127; x_wconf 82' lang='lat' dir='ltr'>(mercurii</span> <span class='ocrx_word' id='word_1_461' title='bbox 1547 3085 1583 3129; x_wconf 93' lang='lat' dir='ltr'>a)</span> <span class='ocrx_word' id='word_1_462' title='bbox 1612 3085 1624 3128; x_wconf 87' lang='grc' dir='ltr'>ΙΙ</span> <span class='ocrx_word' id='word_1_463' title='bbox 1655 3082 2041 3128; x_wconf 79' lang='lat' dir='ltr'>23,perturbationem</span> 
     </span>
     <span class='ocr_line' id='line_1_51' title="bbox 341 3129 2041 3179; baseline -0.002 -11"><span class='ocrx_word' id='word_1_464' title='bbox 341 3161 347 3168; x_wconf 97' lang='lat'>.</span> <span class='ocrx_word' id='word_1_465' title='bbox 371 3163 378 3170; x_wconf 92' lang='lat'>.</span> <span class='ocrx_word' id='word_1_466' title='bbox 401 3161 407 3168; x_wconf 97' lang='lat'>.</span> <span class='ocrx_word' id='word_1_467' title='bbox 434 3132 595 3179; x_wconf 80' lang='lat' dir='ltr'>propriis</span> <span class='ocrx_word' id='word_1_468' title='bbox 620 3143 686 3167; x_wconf 88' lang='lat' dir='ltr'>om.</span> <span class='ocrx_word' id='word_1_469' title='bbox 713 3132 754 3166; x_wconf 80' lang='lat' dir='ltr'><em>F</em></span> <span class='ocrx_word' id='word_1_470' title='bbox 776 3134 788 3177; x_wconf 81' lang='grc' dir='ltr'>ΙΙ</span> <span class='ocrx_word' id='word_1_471' title='bbox 819 3136 864 3167; x_wconf 79' lang='lat'>24</span> <span class='ocrx_word' id='word_1_472' title='bbox 890 3130 1050 3177; x_wconf 86' lang='lat' dir='ltr'>possint]</span> <span class='ocrx_word' id='word_1_473' title='bbox 1076 3131 1233 3175; x_wconf 87' lang='lat' dir='ltr'>possunt</span> <span class='ocrx_word' id='word_1_474' title='bbox 1256 3129 1293 3164; x_wconf 79' lang='lat' dir='ltr'><em>R</em></span> <span class='ocrx_word' id='word_1_475' title='bbox 1331 3130 1470 3174; x_wconf 82' lang='lat' dir='ltr'>possim</span> <span class='ocrx_word' id='word_1_476' title='bbox 1495 3130 1565 3165; x_wconf 89' lang='lat' dir='ltr'>tibi</span> <span class='ocrx_word' id='word_1_477' title='bbox 1590 3131 1635 3165; x_wconf 92' lang='lat' dir='ltr'><em>H</em></span> <span class='ocrx_word' id='word_1_478' title='bbox 1660 3132 1672 3175; x_wconf 87' lang='grc' dir='ltr'>ΙΙ</span> <span class='ocrx_word' id='word_1_479' title='bbox 1703 3130 1758 3165; x_wconf 90' lang='lat' dir='ltr'>uti</span> <span class='ocrx_word' id='word_1_480' title='bbox 1785 3130 1926 3175; x_wconf 87' lang='lat' dir='ltr'>vigore]</span> <span class='ocrx_word' id='word_1_481' title='bbox 1951 3132 1993 3165; x_wconf 88' lang='lat' dir='ltr'>ut</span> <span class='ocrx_word' id='word_1_482' title='bbox 2017 3141 2041 3165; x_wconf 80' lang='lat' dir='ltr'>a</span> 
     </span>
     <span class='ocr_line' id='line_1_52' title="bbox 338 3174 2037 3226; baseline -0.002 -10"><span class='ocrx_word' id='word_1_483' title='bbox 338 3181 467 3226; x_wconf 83' lang='lat' dir='ltr'>uigore</span> <span class='ocrx_word' id='word_1_484' title='bbox 487 3179 607 3225; x_wconf 73' lang='lat'>81125</span> <span class='ocrx_word' id='word_1_485' title='bbox 635 3178 754 3214; x_wconf 85' lang='lat' dir='ltr'>securi</span> <span class='ocrx_word' id='word_1_486' title='bbox 780 3180 823 3213; x_wconf 90' lang='lat' dir='ltr'><em>H</em></span> <span class='ocrx_word' id='word_1_487' title='bbox 838 3178 850 3224; x_wconf 79' lang='grc' dir='ltr'>ΙΙ</span> <span class='ocrx_word' id='word_1_488' title='bbox 868 3179 1027 3225; x_wconf 82' lang='lat' dir='ltr'>faciunt]</span> <span class='ocrx_word' id='word_1_489' title='bbox 1052 3177 1093 3213; x_wconf 88' lang='lat' dir='ltr'>id</span> <span class='ocrx_word' id='word_1_490' title='bbox 1117 3179 1174 3213; x_wconf 86' lang='lat' dir='ltr'>est</span> <span class='ocrx_word' id='word_1_491' title='bbox 1199 3178 1277 3212; x_wconf 88' lang='lat' dir='ltr'>sine</span> <span class='ocrx_word' id='word_1_492' title='bbox 1304 3188 1392 3212; x_wconf 86' lang='lat' dir='ltr'>cura</span> <span class='ocrx_word' id='word_1_493' title='bbox 1415 3177 1454 3211; x_wconf 92' lang='lat' dir='ltr'>id</span> <span class='ocrx_word' id='word_1_494' title='bbox 1479 3179 1535 3212; x_wconf 87' lang='lat' dir='ltr'>est</span> <span class='ocrx_word' id='word_1_495' title='bbox 1559 3174 1829 3221; x_wconf 73' lang='grc' dir='ltr'><strong><em>ἄφροντίστους</em></strong></span> <span class='ocrx_word' id='word_1_496' title='bbox 1855 3178 1939 3213; x_wconf 83' lang='lat' dir='ltr'>add.</span> <span class='ocrx_word' id='word_1_497' title='bbox 1960 3177 2037 3214; x_wconf 85' lang='lat' dir='ltr'>Fa-</span> 
     </span>
     <span class='ocr_line' id='line_1_53' title="bbox 340 3224 1790 3274; baseline -0.003 -10"><span class='ocrx_word' id='word_1_498' title='bbox 340 3228 476 3265; x_wconf 81' lang='lat' dir='ltr'>bricius</span> <span class='ocrx_word' id='word_1_499' title='bbox 495 3229 507 3274; x_wconf 82' lang='grc' dir='ltr'>ΙΙ</span> <span class='ocrx_word' id='word_1_500' title='bbox 530 3227 691 3273; x_wconf 82' lang='lat' dir='ltr'>pallidos</span> <span class='ocrx_word' id='word_1_501' title='bbox 718 3227 864 3261; x_wconf 88' lang='lat' dir='ltr'>morbos</span> <span class='ocrx_word' id='word_1_502' title='bbox 893 3227 942 3261; x_wconf 91' lang='lat' dir='ltr'><em>M</em></span> <span class='ocrx_word' id='word_1_503' title='bbox 975 3226 1126 3261; x_wconf 87' lang='lat' dir='ltr'>morbus</span> <span class='ocrx_word' id='word_1_504' title='bbox 1151 3224 1312 3270; x_wconf 77' lang='lat' dir='ltr'>pallidus</span> <span class='ocrx_word' id='word_1_505' title='bbox 1339 3224 1378 3258; x_wconf 79' lang='lat' dir='ltr'><em>F</em></span> <span class='ocrx_word' id='word_1_506' title='bbox 1393 3226 1405 3270; x_wconf 84' lang='grc' dir='ltr'>ΙΙ</span> <span class='ocrx_word' id='word_1_507' title='bbox 1434 3228 1478 3259; x_wconf 80' lang='grc'>26</span> <span class='ocrx_word' id='word_1_508' title='bbox 1506 3225 1620 3271; x_wconf 90' lang='lat' dir='ltr'>quod]</span> <span class='ocrx_word' id='word_1_509' title='bbox 1649 3225 1713 3270; x_wconf 88' lang='lat' dir='ltr'>qui</span> <span class='ocrx_word' id='word_1_510' title='bbox 1745 3226 1790 3259; x_wconf 88' lang='lat' dir='ltr'><em>M</em></span> 
     </span>
    </p>
   </div>
  </div>
 </body>
</html>
