2092 3614
238 1009 283 1040 10

243 1366 284 1397 15

240 1713 325 1754 20‘

244 2079 287 2110 25

245 2435 290 2467 30

306 250 392 292 538
1078 249 1240 284 SERvn

423 359 523 402 485.
573 371 766 419 PRoNVM
799 371 979 402 STERNE
1013 370 1128 401 sono
1161 358 1376 403 Homerus
1407 355 1576 412 πρηνέα
1609 355 1687 408 δὸς
1717 356 1901 401 πεσέειν.

306 442 568 480 PORTISQVE
607 442 823 472 EFFVNDE
863 442 948 473 SVB
986 442 1119 472 ALTIS
1152 429 1367 471 Homerus
1401 430 1581 471 Σκαιῶν
1621 427 1902 485 προπάροιθε
1932 444 2007 472 πυ-

306 499 440 543 λάων.
485 502 591 543 bene
618 504 763 543 autem
790 502 869 543 sub
895 501 1000 557 ipsis
1029 501 1177 556 portis,
1205 501 1328 556 quasi
1355 501 1407 543 ad
1434 516 1538 556 quas
1567 501 1802 543 festinabat
1821 500 2007 543 Aeneas:

306 573 418 614 unde
451 574 517 614 est
549 576 592 614 et
624 573 732 614 illud
765 572 909 628 (473)
942 572 1273 628 praefodiunt
1305 572 1396 613 alii
1429 574 1619 626 portas.

425 644 525 686 486.
576 655 794 686 cmcrrvn
819 656 918 687 IPSE
940 655 1120 687 FVRENs
1142 655 1375 686 CERTATIM
1394 655 1441 685 IN
1462 655 1663 686 PROELIA
1684 655 1865 686 Tvmxvs
1892 658 2010 686 oeco-

306 715 451 757 nomia
482 716 622 757 omnis
654 715 761 757 haec
794 717 874 757 est:
913 730 1012 757 nam
1045 714 1341 756 Turnus-ideo
1374 729 1471 756 cum
1502 729 1622 756 mora
1654 718 1845 757 armatur
1878 717 1921 757 et
1950 715 2010 756 in-

307 789 422 828 tecto
454 787 593 841 capite
626 787 739 829 circa
770 801 912 829 arcem
942 786 1143 829 incedens
1177 785 1380 828 admonet
1406 786 1614 841 singulos,
1645 788 1694 827 ut
1720 789 1762 827 et
1787 801 1812 828 a
1830 786 2011 828 Lavinia

307 858 446 912 possit
477 858 624 912 videri,
657 861 701 900 et
731 860 779 899 ut
810 858 868 899 sit
899 858 1037 899 maior
1069 872 1198 898 causa
1230 856 1473 910 dimicandi,
1505 856 1606 898 dum
1636 871 1817 911 sponsae
1844 857 2011 912 placere

308 929 541 971 contendit.
602 930 680 971 alii
717 927 924 983 ‘cinyitur'
951 942 1124 982 propere
1155 932 1346 970 armatur
1376 929 1604 980 accipiunt:
1642 942 1741 970 nam
1772 929 1835 970 ait
1864 932 1901 970 et
1930 927 2011 971 ‘su—

306 1014 455 1054 rasque
490 1001 712 1042 incluserat
747 1015 850 1042 auro
860 999 885 1054 ⁹,
922 1004 959 1041 et
995 999 1219 1042 ‘certatim'
1245 1014 1325 1053 pro
1361 1000 1614 1051 festinanter.
1671 998 1889 1053 ‘cingitur'
1922 1013 2012 1054 eryo

308 1072 557 1125 aceinyitur:
594 1086 693 1114 nam
731 1074 769 1113 et
802 1071 1014 1113 Terentius
1045 1072 1092 1113 de
1120 1071 1268 1124 futura
1299 1070 1547 1112 contentione
1577 1071 1640 1112 ait
1670 1071 1939 1125 aecinqere,
1976 1074 2015 1112 et

309 1141 569 1196 ‘procinctus'
601 1143 843 1197 appellatur.
893 1141 1071 1184 ‘furens'
1099 1157 1244 1185 amore
1271 1141 1488 1196 Laviniae,
1521 1156 1648 1196 quam
1675 1142 1866 1183 videbat:
1900 1141 2014 1196 quod

310 1214 443 1256 etiam
477 1228 658 1269 sequens
691 1214 853 1255 indicat
884 1214 1170 1268 comparati03
1200 1228 1301 1256 nam
1334 1213 1523 1255 dicturus
1550 1216 1616 1254 est
1635 1213 1778 1267 <494>
1805 1215 1891 1255 aut
1921 1213 2014 1255 ille

309 1285 364 1327 in
402 1287 581 1340 pastus
620 1286 952 1339 armentaque
990 1284 1163 1326 tendit
1201 1299 1455 1339 equarum.
1517 1283 1719 1340 tcingitur
1757 1285 1801 1326 in
1832 1283 2013 1339 proelia'

310 1357 357 1398 id
391 1359 457 1404 est,
486 1359 533 1398 ut
569 1355 769 1410 proeliari
808 1359 975 1410 posset,
1018 1358 1067 1397 ut
1104 1355 1140 1398 si
1180 1354 1296 1397 dicas
1336 1355 1472 1411 ‘legor
1503 1356 1548 1397 in
1580 1354 1934 1410 advocationem'‚
1971 1355 2015 1397 id

311 1430 378 1470 est
409 1429 457 1469 ut
489 1427 724 1469 advocatus
757 1441 848 1469 esse
879 1427 1054 1481 possim.

429 1500 529 1541 487.
579 1510 758 1548 IAMQVE
791 1510 918 1540 ADEO
953 1500 1027 1539 aut
1058 1500 1184 1540 vacat
1215 1497 1372 1540 eadeo':
1409 1500 1484 1539 aut
1517 1500 1630 1539 certe
1663 1497 1752 1539 ‘sic'
1787 1497 2016 1552 significat,

310 1573 360 1612 ut
397 1570 456 1612 sit
494 1584 663 1612 sensus:
704 1569 854 1625 ‘adeo’,
893 1570 954 1612 sic
990 1571 1274 1625 praeparatur
1311 1569 1355 1610 in
1394 1568 1576 1623 proelia,
1614 1572 1663 1611 ut
1697 1569 1785 1610 iam
1816 1569 2017 1611 universa

310 1644 482 1697 praeter
513 1641 682 1697 galeam
715 1656 836 1683 arma
866 1643 1073 1696 portaret.
1170 1651 1387 1683 THORACA
1419 1652 1623 1682 INDVTVS
1657 1641 1800 1682 omnia
1832 1654 1940 1695 quae
1970 1640 2017 1681 in

330 1712 398 1756 ax'
431 1715 589 1755 exeunt
621 1712 784 1755 Graeca
817 1712 1055 1755 masculina
1086 1712 1131 1753 in
1164 1712 1348 1766 obliquis
1382 1711 1552 1753 casibus
1586 1710 1642 1753 ‘a'
1674 1711 1936 1767 producunt,
1967 1713 2018 1753 ut

312 1783 483 1827 ‘thorax
515 1784 736 1839 thoracis'‚
769 1783 916 1839 ‘pinax
949 1783 1148 1839 pinacis’:
1186 1798 1287 1825 nam
1320 1783 1529 1824 feminina
1560 1783 1815 1838 corripiunt,
1846 1785 1896 1825 ut
1927 1782 2017 1825 ‘cli-

311 1871 411 1898 max
456 1854 676 1911 climacis',
722 1855 796 1897 sed
840 1856 893 1897 ad
932 1856 1138 1898 Latinum
1180 1870 1266 1897 non
1311 1857 1547 1896 transeunt.
1610 1853 1799 1908 phalanx
1835 1868 1936 1897 vero
1975 1856 2019 1896 et

313 1928 437 1969 aliter
469 1927 568 1978 exit,
602 1929 646 1968 et
676 1927 951 1983 peregrinum
986 1930 1052 1969 est
1084 1926 1215 1968 etiam
1248 1926 1362 1980 apud
1393 1924 1591 1967 Graecos.

430 1998 530 2040 489.
583 2015 756 2041 mmmm
783 2016 865 2042 NVD
874 2015 918 2041 rs
941 2015 1075 2041 Αυιινσ
1103 1998 1211 2051 quod
1233 1998 1322 2040 sine
1342 1997 1474 2051 yalea.
1499 1997 1810 2050 prooeconomia
1828 1999 1894 2050 est,
1919 1996 2018 2049 quia

313 2083 409 2112 mox
439 2069 661 2112 Camillam
699 2070 951 2124 adloquitur,
989 2073 1026 2111 et
1060 2073 1107 2111 ut
1142 2069 1311 2111 hortans
1347 2071 1385 2110 et
1419 2069 1635 2110 incendens
1671 2071 1815 2110 ceteros
1848 2067 2019 2120 facilius

313 2144 551 2183 nosceretur.
873 2135 880 2140 ⁰

432 2212 531 2255 490.
580 2223 706 2253 ALTA
750 2223 1027 2254 DECVRRENS
1073 2223 1252 2254 AVREVs
1298 2222 1418 2253 ARCE
1470 2210 1559 2252 illic
1610 2210 1722 2252 enim
1773 2212 1816 2251 et
1859 2209 2019 2252 Amata

314 2283 468 2338 fuerat,
501 2285 544 2324 et
573 2283 766 2325 Lavinia.

432 2354 533 2396 491.
583 2366 663 2396 SPE
710 2366 793 2396 IAM
837 2364 1084 2395 PRAECIPIT
1129 2364 1318 2395 HOSTEM
1365 2354 1507 2394 mente
1545 2354 1838 2406 praeoccupat
1880 2351 2018 2393 hostis

317 2425 560 2479 adventum,
590 2428 637 2466 ut
668 2425 760 2480 <Vl
795 2425 908 2479 105>
942 2424 1107 2467 omnia
1129 2424 1373 2477 praecepi.

378 2593 454 2672 37121
483 2588 696 2670 '11¹2erffiitius]
722 2587 869 2623 Phorm.
896 2587 931 2622 II
955 2591 993 2631 2,
1020 2591 1042 2621 4
1078 2588 1090 2632 ΙΙ
1127 2590 1171 2622 29
1199 2599 1383 2622 rmucnurr
1408 2588 1532 2622 mente
1559 2586 1824 2633 praeoccupat]
1852 2588 1897 2622 cf.
1923 2585 2019 2622 Non.

315 2649 351 2682 p.
451 2665 458 2681 ,
596 2665 603 2671 .

412 2795 435 2825 4
460 2790 555 2825 illud
579 2801 644 2825 om.
673 2789 712 2824 F
737 2790 750 2834 ΙΙ
788 2793 808 2824 6
833 2788 988 2834 intecto]
1015 2788 1162 2834 integro
1188 2789 1228 2823 1
1256 2790 1268 2834 ΙΙ
1307 2794 1324 2825 7
1353 2800 1454 2824 aram
1481 2789 1517 2824 R
1555 2800 1638 2824 arce
1664 2789 1708 2823 H
1728 2790 1739 2835 ΙΙ
1770 2790 1920 2824 amouet
1944 2788 1989 2822 H
2009 2786 2022 2834 ΙΙ

317 2842 338 2873 9
364 2849 392 2873 s.
418 2850 449 2874 v.
476 2841 545 2872 486
578 2836 728 2881 quidam
761 2836 922 2882 cingitur
952 2847 1109 2881 propere
1141 2840 1307 2872 armatm
1338 2836 1564 2882 intellegunt
1594 2836 1672 2871 siue
1704 2834 1911 2880 accingitur
1943 2846 2020 2870 cer—

317 2885 427 2921 tatim
451 2884 491 2919 id
517 2885 573 2919 est
596 2884 818 2920 festinanter
843 2884 1022 2919 uelociter
1045 2884 1077 2918 T
1094 2885 1105 2930 ΙΙ
1125 2895 1228 2919 suras
1249 2884 1289 2918 F
1304 2885 1317 2929 ΙΙ
1338 2888 1379 2919 11
1407 2883 1595 2919 derentius
1614 2883 1654 2918 F
1670 2885 1681 2930 ΙΙ
1701 2882 1936 2918 contentione
1958 2882 1990 2917 G
2018 2881 2021 2929 Ι

320 2937 362 2968 12
388 2931 580 2978 procintus
610 2931 644 2966 G
662 2933 674 2976 ΙΙ
705 2935 747 2966 15
774 2931 894 2976 possit
920 2932 966 2966 M
975 2930 1016 2965 F
1030 2932 1042 2977 ΙΙ
1061 2942 1103 2966 ac
1130 2932 1161 2966 si
1187 2931 1260 2966 AS
1277 2933 1290 2976 ΙΙ
1307 2931 1393 2977 lego
1420 2932 1518 2975 libri,
1543 2932 1684 2966 correxi
1701 2932 1713 2977 ΙΙ
1743 2934 1785 2965 17
1813 2931 1878 2964 aut
1903 2931 2003 2965 certe

319 2981 419 3016 certe
446 2979 539 3014 adeo
566 2978 638 3014 AS
667 2981 679 3023 ΙΙ
709 2979 762 3013 sic
787 2982 870 3014 ante
895 2978 1082 3024 significat
1107 2990 1172 3014 om.
1199 2979 1298 3014 HM
1325 2982 1337 3024 η
1371 2982 1413 3014 18
1440 2978 1532 3014 adeo
1557 2979 1709 3032 fortasse
1733 2977 1985 3012 secludendum

318 3030 360 3063 ut
388 3026 499 3062 etiam
524 3027 569 3060 M
589 3027 600 3071 ΙΙ
621 3030 664 3060 19
691 3037 784 3071 quae
811 3027 877 3062 del.
896 3037 914 3062 s
933 3025 1000 3072 11111
1027 3038 1048 3060 x
1068 3027 1157 3068 AS,
1184 3028 1319 3061 exeunt
1343 3027 1542 3061 omittentes
1558 3025 1599 3071 ΙΙ·
1588 3037 1628 3060 111
1653 3025 1715 3071 ax]
1742 3025 1796 3060 ita
1822 3024 1863 3059 F
1877 3025 1890 3069 ΙΙ
1909 3028 1954 3059 20
1978 3027 2021 3060 ut

319 3086 385 3110 om.
406 3074 504 3109 HM
521 3074 532 3119 ΙΙ
552 3077 595 3108 22
623 3073 659 3108 in
686 3073 845 3108 latinum
870 3073 910 3108 F
925 3074 937 3120 u
955 3084 1029 3109 non
1054 3084 1119 3109 om.
1141 3074 1228 3108 RH
1243 3075 1254 3120 ΙΙ
1274 3078 1317 3108 23
1345 3074 1473 3126 etiarn]
1500 3073 1542 3107 ut
1567 3072 1682 3108 etiam
1706 3072 1742 3106 R
1760 3073 1772 3118 ΙΙ
1792 3075 1837 3107 24
1862 3073 1911 3107 ad
1935 3084 2018 3106 mu

319 3134 409 3157 Pom
433 3135 466 3156 N.
492 3132 526 3156 A.
552 3131 579 3156 s.
605 3132 637 3157 v.
665 3121 742 3155 sine
769 3121 887 3166 galea.
927 3122 966 3156 et
990 3121 1045 3156 est
1070 3121 1357 3165 prooeconomia
1383 3120 1470 3165 quia
1495 3148 1503 3156 .
1525 3148 1532 3155 .
1554 3147 1562 3155 .
1587 3122 1800 3155 nosceretur
1828 3119 1861 3154 Τ
1877 3120 1890 3166 ΙΙ
1916 3129 2021 3164 p·-1ae

321 3169 492 3206 conomia
516 3168 556 3203 F
571 3169 584 3213 ΙΙ
609 3171 653 3203 25
678 3168 833 3204 hortans
856 3169 903 3203 T:
931 3170 1057 3204 ortans
1078 3167 1118 3202 F
1152 3180 1259 3203 orans
1287 3168 1423 3204 Daniel
1440 3169 1452 3212 ΙΙ
1470 3167 1664 3202 intendens
1689 3167 1722 3201 Τ
1735 3169 1747 3211 fl
1775 3171 1820 3202 28
1846 3165 2020 3214 Lavinia]

321 3218 494 3253 homerus
521 3216 589 3261 (Il.
613 3214 700 3249 XIX
726 3217 809 3261 369)
835 3216 1017 3262 κνημῖδας
1043 3214 1111 3260 μὲν
1138 3216 1265 3260 πρῶτα
1292 3243 1299 3250 .
1321 3244 1329 3251 .
1352 3212 1476 3260 ,ἠύτε
1503 3211 1622 3260 μήνης
1646 3215 1731 3250 add.
1750 3213 1791 3249 D
