2092 3614
505 289 656 327 COMM.
681 289 735 325 IN
759 289 902 325 VERG.
930 286 1040 324 AEN.
1068 287 1156 322 VIII
1181 292 1381 324 202-—220.
1701 286 1788 328 229

196 401 296 444 212.
345 417 461 444 SIGNA
493 404 532 442 et
560 400 625 442 hic
657 398 818 454 ‘Signa’
844 412 925 453 pro
954 397 1144 452 vestiyiis.

196 472 294 516 215.
344 466 603 523 QVERELMS
641 482 837 513 IMPLERI
874 481 1027 512 NEMVS
1071 483 1175 523 non,
1220 470 1269 510 ut
1309 469 1435 531 multi
1477 468 1641 520 dicunt,
1687 468 1790 524 quia

77 547 297 588 consortes
329 543 621 599 perdiderant,
655 542 729 585 sed
761 542 861 598 quia
894 534 1195 583 avellebantur
1227 554 1252 581 a
1282 540 1473 595 pascuis:
1506 540 1639 582 insita
1671 539 1786 582 enim

76 619 142 659 est
178 616 319 658 bubus
361 615 545 658 aviditas
584 614 751 669 edendi,
794 613 907 655 unde
944 614 1010 655 est
1047 612 1119 659 ite
1157 611 1355 654 domum
1393 612 1552 667 pasti,
1591 612 1634 653 si
1673 611 1786 667 quis

0 734 4 740 ‚
74 687 253 743 pudor,
291 687 364 729 ite
403 686 627 729 iuvenci:
663 685 724 728 vel
754 688 857 727 certe
879 687 1049 739 propter
1078 683 1333 726 stabulorum
1362 683 1642 725 mutationem.
1691 681 1787 725 eini-
1813 695 1834 727 5

68 759 179 814 pleri
208 758 372 802 nenius'
397 772 478 813 pro
511 757 723 812 ‘impletur
754 760 792 798 et
819 754 1109 810 relincuntur',
1144 755 1358 809 infinitum
1381 769 1462 808 pro
1493 755 1726 797 indicativo.

193 831 291 874 216.
342 841 402 872 ΕΤ
436 840 614 873 comus
648 839 868 871 OLAMORE
901 838 1128 878 RELINQVI
1161 841 1257 869 cum
1289 827 1494 880 clamore,
1526 828 1575 867 ut
1601 824 1651 880 <1
1671 825 1786 881 519>

71 906 115 944 et
157 902 389 957 templum
431 902 643 944 elamore
677 900 913 954 petebant
953 902 991 941 et
1033 900 1185 954 atque
1229 897 1423 940 Ixionii
1467 901 1620 940 vento
1671 900 1786 939 rota

71 973 316 1016 constitit
348 973 508 1027 orbis,
539 972 583 1014 id
615 974 682 1014 est
712 986 808 1013 cum
834 973 975 1014 vento,
1031 972 1076 1012 et
1105 961 1188 1012 h'oc
1219 971 1286 1012 est
1316 968 1481 1011 melius.
1531 984 1634 1011 nam
1659 968 1785 1010 multi

71 1045 238 1088 dicunt:
279 1045 637 1100 relinquebantur
675 1043 807 1086 colles
840 1042 973 1084 etiam
1006 1057 1032 1084 a
1064 1042 1269 1097 clamore,
1306 1040 1389 1082 hoc
1421 1042 1489 1082 est
1519 1042 1689 1082 tantum
1722 1054 1783 1081 re·
1814 1053 1855 1084 10

71 1118 291 1159 cesserant
316 1132 342 1159 a
368 1116 552 1159 collibus
584 1116 736 1169 boves,
767 1116 816 1156 ut
846 1128 924 1156 nec
957 1112 1062 1156 echo
1095 1113 1342 1164 resultaret,
1375 1111 1539 1154 scilicet
1570 1111 1625 1153 ad
1653 1111 1784 1153 colles

70 1188 159 1230 iam
191 1188 380 1231 clamore
412 1202 500 1230 non
532 1186 822 1242 perveniente.
886 1185 1001 1240 quod
1032 1199 1120 1227 non
1151 1184 1364 1240 procedit,
1402 1183 1504 1238 quia
1541 1183 1624 1226 hoc
1656 1197 1783 1224 sensu

70 1259 178 1301 illud
223 1258 463 1301 excluditur
504 1256 710 1299 ‘reddidit
746 1272 832 1299 una
872 1243 1003 1298 boum
1042 1254 1231 1298 vocem':
1277 1254 1313 1297 si
1358 1255 1473 1297 enim
1517 1257 1608 1296 tam
1653 1254 1782 1309 longe

70 1330 261 1386 fuerunt,
292 1333 342 1372 ut
366 1329 485 1372 nulla
510 1329 679 1371 ratione
704 1327 994 1370 recedentium
1020 1327 1151 1369 boum
1179 1327 1371 1383 mugitus
1398 1327 1528 1369 colles
1554 1326 1782 1368 derelictos

70 1402 237 1457 feriret,
270 1399 629 1456 quemadmodum
660 1399 817 1441 inclusi
848 1398 971 1441 bovis
1005 1400 1071 1440 est
1096 1399 1259 1440 clamor
1284 1398 1456 1440 auditus
1483 1399 1537 1440 ab
1565 1398 1781 1441 Hercule?
1810 1412 1853 1443 15

68 1474 146 1516 alii
176 1474 258 1515 ita:
297 1472 449 1526 linquit
483 1472 619 1526 imayo
656 1471 763 1513 vocis
801 1483 1054 1521 evanescens,
1093 1472 1305 1524 tamquam
1335 1470 1488 1512 relictis
1517 1470 1685 1513 collibus
1716 1471 1781 1513 in-

67 1545 224 1588 audita.

186 1617 285 1659 217.
335 1632 527 1658 monton*
559 1615 680 1669 quasi
711 1614 947 1657 inclamata.
1076 1630 1150 1657 VNA
1178 1631 1225 1657 Bo
1234 1630 1288 1656 VM
1313 1614 1451 1668 fiyura
1483 1612 1661 1665 Graeca,
1702 1615 1781 1668 μία

66 1688 156 1731 τῶν
187 1688 321 1742 βοῶν.
692 1690 694 1692 ’

188 1760 287 1802 218.
337 1770 502 1801 MVGHT
536 1772 655 1800 more
688 1772 765 1800 suo
797 1772 875 1813 pro
908 1756 1137 1813 ‘mugivit’,
1169 1759 1217 1799 ut
1242 1755 1355 1811 <VII
1382 1756 1499 1811 516>
1533 1756 1700 1799 audiit
1731 1758 1780 1799 et
1805 1771 1850 1801 20

67 1830 287 1878 Triviae,
305 1830 459 1885 longe
491 1829 646 1871 lacus,
762 1845 971 1872 cvsromm
1000 1846 1194 1872 rrrmrtr
1220 1829 1267 1871 id
1295 1831 1354 1871 cst
1381 1829 1481 1871 dum
1511 1829 1780 1871 custodiretur

61 1902 220 1955 fefellit.

185 1973 285 2015 219.
334 1989 566 2015 mmmmm
585 1982 667 2026 pro
700 1970 906 2014 ‘examiti
1027 1983 1150 2014 Arno
1183 1983 1335 2014 FELLE
1374 1984 1534 2015 DOLOR
1572 1987 1656 2027 quo
1694 1971 1774 2013 ira-

66 2044 225 2087 scimur
257 2043 490 2086 secundum
520 2042 742 2098 physicos,
781 2045 830 2084 ut
862 2042 1008 2097 splene
1040 2042 1245 2085 ridemus:
1288 2043 1462 2085 Persius
1495 2043 1546 2098 <I
1574 2043 1656 2097 12>
1691 2043 1775 2085 sed

67 2130 174 2158 sum
205 2115 465 2171 petulanti
499 2115 676 2170 splene
708 2113 970 2156 cachinno.
1801 2127 1846 2158 25

185 2187 283 2229 220.
332 2198 471 2229 RAPIT
492 2198 621 2229 ARMA
640 2198 771 2229 MANV
797 2203 934 2234 NomsQ
944 2203 990 2229 VE
1014 2203 1089 2229 GRA
1100 2203 1232 2229 VATVM
1247 2204 1319 2230 ROB
1328 2204 1374 2229 VR
1398 2187 1479 2229 duo
1497 2187 1614 2241 dixit,
1641 2187 1775 2242 sagit-

66 2261 135 2301 tas
167 2262 206 2301 et
234 2259 405 2301 clavam.
455 2260 499 2300 et
529 2273 617 2300 non
650 2261 776 2301 vacat
808 2257 939 2314 ‘que'z
972 2273 1074 2300 nam
1107 2258 1142 2300 si
1176 2273 1396 2300 armorum
1429 2258 1677 2314 epexegesis
1709 2260 1776 2300 est

159 2409 274 2456 4xite]
301 2411 382 2446 buc.
410 2411 478 2447 VII
505 2415 551 2447 44
575 2413 587 2458 11
618 2415 640 2447 8
666 2393 796 2458 atque]
823 2422 948 2457 georg.
976 2411 1025 2447 IV
1053 2415 1123 2447 484
1147 2412 1160 2458 ΙΙ
1190 2415 1235 2447 23
1262 2422 1335 2457 quo
1361 2411 1556 2447 irascimur
1581 2440 1589 2449 .
1611 2439 1618 2447 .
1642 2439 1649 2446 .
1676 2411 1774 2447 ride—

65 2458 162 2504 mus]
190 2457 234 2493 cf.
262 2457 347 2494 Isid.
375 2470 426 2495 or.
453 2458 505 2493 XI
532 2463 563 2504 1,
588 2464 655 2495 127

161 2606 177 2636 l
206 2602 255 2637 ad
281 2613 385 2637 smus
411 2614 592 2637 FEREBANT
617 2613 717 2647 supr.
745 2612 833 2637 vers.
860 2601 1025 2648 uestigia
1051 2602 1240 2638 ducebant
1269 2602 1303 2637 T
1322 2603 1334 2647 ΙΙ
1361 2603 1468 2638 schol.
1495 2603 1544 2638 art
1570 2614 1674 2637 SIGNA
1699 2603 1770 2637 edi-

63 2648 119 2684 dit
138 2648 345 2693 Stephanus
363 2650 376 2694 ΙΙ
395 2653 415 2684 2
441 2650 533 2695 non]
560 2661 647 2685 nam
674 2649 714 2684 F
729 2651 741 2694 ΙΙ
761 2654 781 2684 3
808 2649 1042 2685 uellebantur
1067 2650 1115 2685 M
1132 2651 1185 2695 115
1211 2651 1260 2685 ad
1285 2663 1449 2686 mscnssv
1475 2664 1509 2685 M.
1531 2664 1564 2684 B.
1591 2651 1633 2685 in
1657 2661 1771 2694 mara.

64 2695 218 2740 quidam
244 2695 374 2731 dicunt
397 2699 550 2742 propter
576 2697 808 2733 stabulorum
833 2696 1081 2733 mutationem
1107 2699 1310 2743 coeperunt
1335 2697 1479 2743 mugire
1509 2697 1550 2733 Τ.
1588 2698 1630 2732 in
1655 2699 1772 2733 eodem

62 2742 364 2787 implebebantur
395 2745 473 2789 (sic)
505 2748 537 2779 et
567 2744 874 2788 relinquebantur
905 2745 955 2780 ad
985 2757 1127 2780 nummu
1157 2749 1189 2780 et
1220 2758 1387 2786 Rimmon
1419 2746 1646 2789 adscriptum
1677 2749 1727 2780 est
1769 2746 1771 2772 j

66 2794 85 2826 7
112 2802 273 2844 cunnum
293 2791 328 2825 L
347 2792 358 2837 ΙΙ
377 2804 519 2831 namqu
538 2792 628 2827 LM
648 2793 754 2837 (corr.
774 2793 800 2836 l)
820 2793 831 2837 ΙΙ
851 2795 872 2827 8
898 2792 1092 2838 petebant]
1119 2794 1205 2837 pote
1231 2793 1413 2838 potebant
1432 2792 1472 2827 F
1506 2793 1689 2838 potebant
1708 2792 1742 2828 G
1768 2774 1772 2838 l

65 2843 85 2873 9
111 2838 150 2872 id
177 2839 250 2885 est]
277 2849 343 2874 om.
365 2838 545 2882 ASLH,
573 2840 642 2875 hoc
669 2840 726 2874 est
752 2840 800 2874 M
817 2840 829 2884 ΙΙ
849 2841 1033 2875 conuento
1053 2840 1141 2874 LH
1163 2845 1267 2885 (corr.
1289 2841 1314 2884 l)
1334 2842 1345 2886 ΙΙ
1364 2840 1498 2875 melius
1524 2868 1530 2875 .
1555 2869 1560 2875 .
1584 2867 1591 2874 .
1618 2841 1689 2875 hoc
1715 2842 1772 2875 est

65 2895 130 2920 om.
152 2885 239 2920 LH
261 2886 361 2931 (add.
382 2887 408 2931 l)
428 2887 440 2933 ΙΙ
462 2890 505 2922 10
530 2886 785 2931 relinquibant
810 2886 850 2920 F
865 2888 877 2932 ΙΙ
899 2890 940 2921 11
967 2888 1190 2922 resultarent
1214 2887 1250 2922 R
1258 2888 1308 2922 M
1328 2889 1433 2933 (corr.
1459 2889 1508 2934 m)
1528 2888 1540 2932 ΙΙ
1562 2892 1603 2922 12
1630 2887 1769 2923 clamo—

63 2943 141 2967 rem
166 2945 239 2968 non
264 2933 544 2979 peruenientem
570 2934 660 2969 RH
685 2935 697 2979 ΙΙ
729 2934 817 2978 quia
842 2935 940 2969 hunc
965 2945 1112 2970 sensum
1136 2934 1232 2970 illud
1258 2935 1424 2971 excludit
1447 2935 1484 2970 R
1511 2936 1523 2980 ΙΙ
1555 2946 1662 2971 senso
1688 2935 1733 2969 H
1759 2935 1769 2980 l,

66 2983 107 3014 13
134 2980 272 3016 bouum
297 2981 383 3016 LH
396 2983 408 3027 ΙΙ
430 2985 473 3016 14
499 2981 694 3017 recedente
720 2981 793 3016 AS
810 2983 823 3026 ΙΙ
841 2981 991 3018 relictos
1017 2982 1090 3018 AS
1107 2983 1120 3028 ss
1140 2986 1184 3017 15
1208 2982 1353 3029 feriret]
1380 2994 1455 3018 non
1479 2982 1609 3018 feriret
1634 2984 1672 3017 et
1696 2982 1737 3016 F
1759 2982 1768 3027 l}

66 3030 108 3061 16
133 3027 271 3073 linquit
295 3029 386 3073 (scil.
413 3030 530 3074 eolles)
556 3029 703 3074 scripsi:
730 3028 861 3073 inquid
887 3028 927 3063 F
942 3030 954 3075 ΙΙ
973 3041 1196 3065 evanescens
1221 3031 1369 3075 scripsi:
1397 3030 1585 3066 euandens
1612 3030 1646 3065 G
1683 3039 1767 3063 eua-

64 3073 154 3109 dens
179 3075 219 3109 F
234 3077 246 3119 ΙΙ
266 3076 408 3112 colibus
427 3076 467 3111 F
491 3076 661 3121 (collibus
684 3076 732 3122 G)
752 3078 763 3123 ΙΙ
782 3076 952 3112 inaudita
976 3078 1125 3123 scripsi:
1152 3077 1343 3112 inauditur
1362 3077 1409 3114 F.
1445 3079 1564 3123 possis
1589 3081 1621 3112 et
1646 3077 1768 3111 minus

64 3121 213 3156 auditur
231 3123 244 3168 ΙΙ
276 3127 319 3158 19
345 3136 432 3159 'rwm
458 3124 498 3158 F
515 3125 601 3173 ΙΙ,21
628 3124 679 3160 ad
703 3136 897 3159 cvsrom'rs
922 3136 1022 3170 supr.
1048 3136 1136 3160 vers.
1163 3126 1252 3159 dum
1277 3124 1526 3160 custodiretur
1554 3125 1587 3159 T
1609 3126 1620 3170 ΙΙ
1648 3127 1692 3158 23
1719 3124 1768 3158 ud

63 3179 266 3204 Exnnsmm
291 3181 394 3217 supr.
418 3182 506 3207 vers.
531 3182 600 3217 pro
627 3172 766 3207 exarsit
794 3172 826 3206 T
851 3174 863 3217 ΙΙ
894 3175 939 3207 25
966 3172 1064 3218 sum]
1092 3173 1163 3206 suh
1186 3171 1272 3206 RH
1287 3171 1300 3216 ΙΙ
1330 3171 1534 3217 petulantis
1560 3172 1596 3206 R
1614 3173 1626 3216 ΙΙ
1657 3170 1766 3215 plene

63 3213 100 3248 R
117 3215 130 3258 ΙΙ
149 3215 356 3253 chachinno
375 3218 411 3252 A
450 3218 656 3255 chachinne
676 3219 704 3254 S
741 3219 922 3255 chacinno
942 3220 986 3254 H
1020 3220 1174 3254 cacinno
1195 3218 1235 3253 F
1251 3220 1263 3264 ΙΙ
1282 3223 1327 3255 26
1354 3218 1426 3256 duo
1452 3219 1547 3254 dixit
1572 3222 1604 3253 et
1629 3220 1668 3252 et
1692 3217 1766 3252 cla-

64 3272 151 3296 uam
175 3263 289 3298 edidit
314 3264 521 3310 Stephanus
1199 3284 1203 3290 ,
