2092 3614
284 688 305 719 5

263 1045 306 1076 10

263 1403 306 1435 15

261 1761 307 1793 20

262 2119 306 2152 25

332 274 421 318 204
1105 280 1266 317 SERVII

450 387 520 429 33.
571 404 712 431 PENVJS
735 405 810 431 GLA
820 406 884 432 vco
915 407 1092 433 VELABAT
1114 408 1263 434 AMIGTV
1285 407 1431 434 cAReAs
1439 408 1481 434 vs
1504 408 1556 434 ET
1572 408 1708 436 0111111Εο
1733 410 1904 437 VMBROSA
1925 411 2035 438 TEeE-

331 475 409 501 Bar
436 475 517 502 ΗΔΕ
526 476 624 503 νΝοο
658 459 867 513 fluvialem
904 475 1056 515 aquam
1086 462 1374 516 purificationi
1410 465 1552 516 aptam
1589 464 1758 507 latenter
1788 467 1962 508 ostendit
1989 467 2036 509 in

333 533 512 585 tantum,
547 534 596 573 ut
624 532 748 573 etiam
780 532 1101 588 harundinibus,
1138 547 1241 587 quae
1270 533 1494 586 fluminum
1519 536 1708 588 yermina
1738 550 1820 579 esse
1848 551 1933 580 non
1963 539 2035 581 du-

331 601 444 643 bium
467 605 543 655 est,
567 604 807 658 purificatio
831 605 909 646 rite
933 604 1158 647 celebretur.
1201 605 1289 647 ideo
1319 606 1486 648 inventa
1510 607 1716 650 occasione
1741 612 1862 662 poeta
1884 608 2037 652 harun-

331 673 496 716 dinibus
527 677 671 717 teetum
707 676 882 729 fluvium
917 676 1092 732 inducit,
1130 679 1177 719 ut
1212 677 1350 719 doceat
1385 676 1457 720 hoc
1493 678 1618 720 etiam
1653 678 1956 723 harundinibus
1991 681 2038 722 in

323 746 634 802 purificatione,
671 748 780 801 quod
799 761 879 801 per
909 761 1079 803 aquam,
1115 748 1280 802 impleri
1301 762 1438 804 posse,
1475 749 1582 791 sicut
1609 750 1655 792 in
1684 751 1816 793 sacris
1846 752 2038 794 traditur.

330 817 418 859 ideo
448 819 486 859 et
514 817 660 871 ubique
695 818 938 871 fluminibus
969 819 1245 862 harundinem
1275 821 1364 875 dat,
1400 823 1448 862 ut
1478 820 1547 875 <X
1579 820 1696 875 205>
1727 815 1917 865 velatus
1953 822 2038 865 ha-

330 888 544 931 rundine
563 890 744 943 ylauoa
761 890 1001 945 Mincius,
1027 894 1065 933 et
1086 891 1216 944 ripis
1237 891 1474 944 fluvialis
1497 891 1733 935 harundo.
1773 894 1881 947 quod
1903 897 2039 936 autem

331 961 394 1002 ait
424 959 578 1003 ‘tenuis
604 961 750 1015 ylauco
780 962 943 1004 volabat
978 963 1132 1005 amictu
1162 962 1377 1005 carbasus'
1409 964 1518 1005 docet
1552 964 1752 1017 quaedam
1782 978 1902 1007 sacra
1931 980 2040 1019 pure

331 1045 359 1073 a
391 1032 572 1074 linteatis
601 1033 738 1075 debere
765 1034 869 1087 fieri.
923 1034 1119 1076 carbasus
1148 1038 1284 1076 autem
1311 1048 1439 1088 yenus
1471 1035 1549 1076 lini
1579 1038 1658 1077 est:
1691 1035 1823 1077 linum
1854 1050 1963 1092 vero,
1993 1040 2053 1079 ut¹

331 1104 394 1145 ait
423 1104 610 1159 Plinius,
650 1104 796 1146 melius
828 1105 1075 1159 inriyatione
1104 1105 1345 1161 fluminum,
1376 1119 1501 1159 quam
1524 1106 1671 1159 pluvia
1701 1107 1896 1149 nascitur.
1952 1108 2039 1150 ideo

332 1178 369 1217 et
404 1176 523 1218 vestis
563 1176 672 1218 linea
707 1176 952 1229 fluminibus
989 1180 1200 1231 tamquam
1235 1177 1412 1231 propria
1448 1177 1584 1219 datur.
1705 1188 1876 1220 SENIOR
1918 1179 2039 1234 atqui

333 1246 491 1301 ubique
523 1262 620 1289 eum
659 1248 817 1291 flavum
849 1247 997 1303 dixit3-
1017 1247 1092 1290 sed
1124 1247 1309 1291 ‘senior'
1342 1249 1417 1290 aut
1452 1250 1630 1303 propter
1669 1264 1845 1305 spumas
1877 1250 2038 1293 dictum

334 1321 417 1374 est,
449 1321 525 1361 aut
555 1319 609 1361 ad
640 1320 925 1363 reverentiam
958 1321 1166 1376 pertinet:
1201 1321 1262 1363 sic
1286 1320 1486 1363 Lucanus
1519 1320 1569 1363 de
1602 1320 1707 1363 urbe
1732 1320 1870 1363 Roma
1902 1321 2038 1364 adhuc

332 1391 510 1433 florente
543 1390 591 1445 <I
628 1391 740 1447 188>
773 1392 1034 1448 turrigero
1067 1407 1221 1435 canos
1255 1392 1525 1435 effundens
1558 1393 1751 1435 vertice
1784 1393 1963 1436 crines.

451 1463 520 1505 35.
571 1480 655 1507 rm
670 1481 730 1507 ssc
748 1481 897 1507 mmm
924 1464 1121 1507 subaudis
1147 1463 1313 1507 ‘visus'.
1412 1475 1558 1508 ovsAs
1579 1476 1654 1507 ms
1674 1476 1866 1507 DEMERE
1886 1476 2039 1508 mons

332 1533 529 1576 habitum
562 1534 731 1577 futurae
764 1536 975 1579 orationis
1008 1536 1208 1578 ostendit.
1869 1595 1871 1598 .

450 1605 520 1647 36.
571 1617 599 1648 o
633 1618 750 1650 SATE
784 1618 940 1649 GENTE
973 1619 1105 1650 DEVM
1144 1607 1249 1649 alibi
1287 1605 1380 1662 <VI
1412 1607 1525 1662 322>
1567 1607 1709 1649 deum
1749 1607 2041 1649 certissima

331 1676 505 1730 proles
550 1681 588 1719 et
624 1677 716 1733 <VI
751 1678 862 1734 125>
899 1683 1006 1722 sate
1047 1680 1289 1734 sanquine
1330 1679 1503 1721 divum.
1564 1692 1664 1721 sane
1705 1679 1912 1721 interdum
1946 1678 2042 1721 haee

331 1747 506 1801 epitheta
535 1763 620 1791 non
650 1753 814 1802 vacant,
846 1751 917 1793 sed
945 1751 1029 1793 vim
1060 1750 1254 1793 hortandi
1284 1750 1472 1793 obtinent.

452 1820 520 1862 37.
571 1832 728 1863 VRBEM
765 1835 845 1873 ow
882 1834 1082 1866 Rsvnms
1113 1834 1251 1866 NOBIS
1283 1824 1332 1864 ut
1364 1821 1413 1876 <1
1445 1822 1531 1877 68>
1564 1821 1713 1864 Ilium
1753 1821 1803 1863 in
1833 1821 2041 1864 Italiam

332 1893 564 1947 portans:
598 1892 778 1936 ‘urbem'
812 1909 913 1951 ergo
945 1910 1023 1951 pro
1056 1895 1222 1938 civibus
1255 1895 1413 1950 posuit.
1463 1892 1663 1936 ‘revehis’
1697 1894 1840 1936 autem
1865 1895 2042 1950 propter

332 1962 597 2007 Dardanum.
696 1983 901 2014 AETERNAQ
909 1984 957 2010 VE
979 1983 1159 2009 PERGAMA
1193 1983 1264 2009 sm
1274 1982 1342 2009 VAS
1363 1980 1444 2020 pro
1476 1964 1627 2008 ‘servas
1657 1969 1695 2008 et
1717 1968 1885 2008 aeterna
1905 1964 2042 2019 facis',

333 2035 379 2077 id
407 2039 465 2078 est
494 2036 624 2091 efficis
653 2041 701 2079 ut
728 2041 894 2080 aeterna
924 2039 1019 2080 sint.

453 2107 522 2150 38.
570 2119 843 2152 ΕΧΡΕΟΤΑΤΕ
877 2120 996 2152 SOLO
1028 2120 1267 2152 LAVRENTI
1303 2109 1379 2151 dat
1415 2108 1629 2151 adfectum
1662 2108 1794 2152 etiam
1831 2109 1958 2165 locis,
1993 2111 2042 2152 ut

333 2178 479 2234 ipsae
519 2181 570 2222 te
609 2179 789 2236 Tityre
830 2181 1000 2238 pinus,
1045 2181 1146 2236 ipsi
1187 2183 1236 2223 te
1275 2181 1467 2235 fontes,
1510 2180 1624 2235 ipsa
1664 2180 1788 2223 haec
1829 2181 2042 2223 arbusta

334 2252 598 2294 vocabant

433 2386 453 2417 8
480 2381 586 2427 ripis]
614 2393 739 2428 georg.
767 2382 801 2417 II
827 2386 896 2418 414
927 2384 939 2428 ΙΙ
972 2387 1013 2418 11
1041 2382 1199 2427 Plinius]
1227 2382 1272 2418 cf.
1299 2383 1375 2419 nat,
1403 2382 1488 2417 hist.
1516 2381 1601 2417 XIX
1627 2385 1646 2424 ξ
1675 2385 1693 2416 7
1715 2392 1794 2426 sqq.
1820 2382 1832 2427 ss
1862 2379 1946 2417 ideo
2033 2408 2040 2416 .

335 2429 461 2476 datur]
489 2430 533 2464 cf.
560 2428 656 2466 Non.
683 2442 718 2475 p.
746 2433 825 2475 541,
848 2434 890 2465 12
913 2430 961 2466 Μ.
990 2431 1002 2476 ΙΙ
1034 2434 1079 2466 26
1104 2429 1225 2476 ipsae]
1251 2430 1335 2466 buc..
1363 2431 1378 2464 Ι
1403 2433 1448 2465 38

433 2552 450 2582 1
487 2550 537 2585 ad
561 2560 592 2584 v.
620 2553 665 2584 33
691 2549 732 2584 in
757 2561 871 2596 mary.
898 2544 1092 2586 fluuialem‘
1114 2560 1250 2594 aquam
1279 2578 1285 2585 .
1314 2578 1319 2584 .
1350 2577 1356 2583 .
1385 2548 1519 2584 debere
1545 2547 1624 2583 fieri
1653 2548 1687 2582 T
1720 2549 1732 2592 ΙΙ
1769 2551 1790 2582 2
1816 2546 2041 2601 purificatio-

337 2595 445 2631 nibus
475 2596 509 2631 T
531 2598 543 2641 ΙΙ
573 2600 594 2631 3
621 2596 826 2641 germinam
854 2597 894 2632 F
927 2608 1144 2643 germanam
1170 2597 1203 2632 G
1241 2608 1377 2642 genera
1406 2596 1440 2631 Τ
1459 2597 1471 2641 ΙΙ
1501 2600 1522 2630 4
1549 2595 1723 2631 hoccasio
1753 2594 1787 2630 G
1810 2595 1823 2640 ΙΙ
1853 2594 2041 2630 arundlm-

337 2644 408 2679 bus
436 2643 469 2678 T
506 2644 552 2678 ab
578 2644 848 2679 harundinibus
875 2646 1012 2681 Daniel
1031 2647 1043 2690 ΙΙ
1069 2649 1089 2679 5
1114 2644 1276 2690 inducit]
1303 2643 1342 2678 in
1366 2643 1511 2679 inducit
1535 2643 1575 2678 F
1590 2645 1602 2687 ΙΙ
1621 2643 1692 2678 1100
1717 2643 1870 2678 Daniel:
1897 2642 1965 2677 hos
1991 2641 2041 2686 F,

337 2702 402 2727 om.
434 2691 467 2725 T
496 2692 508 2738 ΙΙ
545 2690 788 2726 arundinibus
817 2692 850 2726 T
880 2693 891 2738 Η
927 2693 967 2727 111
991 2692 1251 2738 purificatione
1278 2720 1284 2727 .
1307 2721 1315 2728 .
1337 2719 1345 2727 .
1371 2691 1497 2737 posse]
1532 2689 1830 2736 purificationem
1855 2700 1952 2743 quae
1976 2700 2043 2735 per

337 2750 476 2784 aquam
501 2739 544 2774 fit
567 2737 718 2784 impleri
741 2750 850 2783 posse
878 2740 911 2773 T
927 2741 938 2785 ΙΙ
965 2744 985 2775 6
1011 2740 1175 2785 impleri]
1202 2740 1298 2785 pleri
1323 2739 1357 2775 G
1375 2740 1387 2785 ΙΙ
1416 2743 1435 2774 7
1463 2736 1682 2773 arundinem
1711 2738 1743 2772 T
1760 2738 1771 2783 ΙΙ
1796 2737 2042 2789 harundmem

337 2786 512 2832 glaucam
537 2786 656 2822 incius
677 2786 717 2821 F
732 2787 744 2832 ΙΙ
763 2786 942 2821 arundine
973 2787 1005 2821 T
1019 2788 1030 2833 11
1050 2792 1070 2822 9
1096 2798 1190 2831 pura
1217 2787 1251 2822 T
1267 2788 1278 2833 ΙΙ
1300 2791 1343 2822 10
1367 2785 1537 2821 linteatis
1567 2786 1612 2821 T:
1638 2785 1808 2820 linteacis
1835 2783 1875 2819 F
1907 2782 2040 2837 lintea-

338 2833 413 2870 ceis
442 2835 649 2870 Masvieius
674 2832 856 2879 (linteatis
883 2835 1046 2869 ediderat
1073 2834 1327 2880 Commelinus)
1345 2835 1358 2880 1]
1379 2838 1422 2869 10
1449 2834 1498 2870 ad
1525 2844 1700 2869 GARBASVS
1725 2843 1825 2877 supr.
1846 2842 1934 2867 vers.
1962 2842 2042 2876 qul-

337 2883 424 2917 dam
449 2882 603 2917 tradunt
624 2881 819 2917 carbasum
839 2892 919 2917 esse
945 2881 1101 2925 pallium
1128 2893 1201 2926 quo
1226 2881 1330 2917 fluuii
1355 2880 1581 2917 amiciuntur
1604 2880 1668 2916 uel
1693 2879 1906 2933 opulentiae
1931 2889 2041 2914 causa

337 2931 379 2965 ut
404 2929 562 2965 sericum
589 2930 655 2965 aut
679 2929 757 2965 lino
782 2928 897 2964 tenui.
937 2930 978 2963 ut
1004 2928 1069 2964 alii
1094 2929 1248 2965 tradunt
1273 2929 1448 2964 carbasus
1473 2940 1588 2974 genus
1614 2927 1682 2963 lini
1708 2928 1774 2963 est.
1814 2927 1932 2973 linum
1952 2936 2040 2961 uero

336 2977 378 3012 ut
403 2976 458 3012 ait
482 2975 620 3021 plinius
645 2977 778 3012 melius
803 2974 1021 3022 irrigatione
1046 2976 1239 3011 fluminum
1264 2976 1431 3012 nascitur
1456 2987 1567 3020 quam
1587 2974 1726 3021 pluuia.
1765 2973 1851 3009 ideo
1870 2974 1909 3009 et
1928 2973 2042 3008 uestis

336 3024 436 3060 linea
459 3022 602 3059 flumini
627 3026 818 3069 tamquam
844 3023 995 3069 propria
1019 3024 1129 3058 datur
1159 3024 1191 3057 T
1207 3024 1219 3068 ΙΙ
1247 3023 1322 3059 line
1348 3023 1388 3058 F
1409 3024 1421 3069 ΙΙ
1453 3027 1496 3058 11
1523 3021 1757 3067 inrogatione
1782 3021 1824 3055 F
1843 3022 1856 3065 ΙΙ
1890 3024 1931 3055 12
1959 3021 2040 3055 aut-

338 3071 401 3116 qui
427 3071 467 3106 F
482 3073 494 3118 ΙΙ
516 3075 558 3106 13
583 3071 722 3107 flauum
748 3072 842 3107 dixit
866 3083 950 3107 eum
974 3071 1010 3107 R
1028 3072 1040 3117 ΙΙ
1060 3071 1181 3105 dictus
1209 3071 1258 3114 M
1275 3072 1286 3116 ΙΙ
1308 3074 1351 3105 15
1377 3071 1582 3115 eturrigero
1604 3069 1645 3104 F
1660 3070 1672 3115 ΙΙ
1691 3078 1803 3104 canus
1830 3068 1874 3102 H
1888 3068 1899 3113 ΙΙ
1922 3071 1964 3103 16
1990 3068 2040 3121 ad

338 3132 410 3155 Tvm
436 3133 464 3156 s.
484 3131 517 3155 A.
543 3129 643 3164 supr.
669 3130 757 3155 vers.
784 3119 928 3155 seilicet
952 3120 1009 3155 est
1033 3117 1134 3153 uisus
1163 3118 1197 3151 T
1213 3119 1225 3163 ΙΙ
1257 3122 1301 3153 18
1327 3118 1376 3152 ad
1402 3131 1422 3152 o
1447 3131 1474 3152 s.
1496 3130 1528 3151 0.
1549 3130 1583 3152 n.
1609 3127 1709 3160 supr.
1730 3126 1818 3151 vers.
1844 3115 1937 3150 haec
1964 3125 2040 3160 epl-

337 3168 416 3203 teta
439 3178 514 3202 non
539 3167 677 3202 uacant
701 3167 766 3202 sed
790 3167 867 3202 uim
892 3166 1031 3202 habent
1054 3164 1229 3201 hortandi
1252 3165 1286 3199 T
1302 3166 1313 3210 Η
1333 3168 1378 3199 20
1398 3164 1569 3209 optinent
1587 3162 1627 3198 F
1642 3164 1654 3210 ΙΙ
1673 3167 1717 3198 22
1737 3163 1864 3208 portat
1883 3162 1919 3197 L
1955 3173 2040 3207 por-

337 3215 386 3249 tis
413 3215 458 3249 H
484 3216 496 3261 Η
533 3214 636 3260 ergo]
664 3214 773 3249 modo
799 3214 873 3250 AS
902 3216 914 3261 ΙΙ
951 3218 995 3250 23
1021 3213 1252 3259 Dardanum]
1285 3223 1307 3246 a
1331 3222 1404 3256 quo
1430 3210 1568 3246 troiani
1593 3209 1823 3247 descendunt
1848 3210 1939 3246 add:
1957 3209 1997 3244 D
2028 3208 2040 3254 Η

339 3265 384 3297 24
410 3263 452 3297 ut
478 3263 566 3298 etna
592 3262 758 3307 (aeterna
783 3262 830 3308 G)
856 3262 932 3298 sint
955 3262 996 3297 F
1017 3262 1029 3308 ΙΙ
1053 3264 1098 3297 25
1123 3260 1196 3296 dad
1222 3260 1270 3296 ad
1295 3259 1457 3295 ascetum
1484 3258 1525 3294 F
1539 3259 1551 3305 ΙΙ
1579 3262 1624 3294 26
1649 3258 1787 3304 fontes]
1813 3257 1971 3303 penatus
1996 3256 2042 3292 H
