2092 3614
604 267 755 304 COMM.
782 266 835 302 IN
860 267 1004 303 VERG.
1031 266 1141 302 AEN.
1168 266 1238 301 XII
1265 269 1463 302 749—772.
1718 317 1720 319 Ι
1801 264 1887 306 639

297 379 395 421 761.
444 389 724 429 TERRETQVE
758 387 1038 419 TREMENTES
1078 375 1175 431 quis
1215 375 1329 417 enim
1370 374 1563 417 saucium
1594 388 1681 416 non
1713 373 1888 415 timeret

175 451 428 505 instantem,
466 464 561 491 cum
605 464 701 492 eum
734 448 904 505 integer
936 446 1135 504 fugeret?
1185 450 1223 488 et
1251 447 1348 489 bene
1379 449 1499 488 terret
1526 459 1608 497 eos,
1646 446 1760 500 apud
1789 458 1889 498 quos

176 525 305 564 terror
335 522 421 563 eius
451 520 643 563 habetur:
674 524 713 562 el
741 519 843 562 alibi
874 518 1018 573 <875>
1050 532 1108 560 πθ
1138 531 1207 560 me
1238 521 1416 560 terrete
1448 518 1707 559 timentem.

296 592 394 635 764.
442 602 647 634 LVDICRA
678 602 885 632 PRAEMIA
925 590 1048 644 vilia,
1086 589 1219 644 digna
1255 589 1371 631 ludo.
1431 588 1528 630 haec
1558 588 1672 642 apud
1700 588 1890 641 antiquos

176 663 356 706 ludibria
382 663 631 717 dicebantur,
655 676 750 717 vion,
775 665 824 704 ut
844 675 967 712 mmo,
992 661 1039 702 irc
1064 661 1179 702 mala
1203 661 1513 714 significatione.
1557 659 1734 702 dabatur
1753 662 1889 722 autem
1915 666 1936 697 5

174 735 317 777 victori
345 748 420 788 pro
442 735 632 788 praemio
663 740 735 775 aut
757 733 893 788 pellis,
925 735 1001 774 aut
1023 733 1178 787 vinum,
1209 745 1310 787 esea,
1341 731 1556 781 hordeum
1587 731 1696 773 unde
1719 730 1888 773 hordea·

174 807 265 848 riae
294 806 520 860 quadriyae
550 806 757 847 dicuntur.

297 878 393 921 766.
444 888 589 920 SACER
615 887 860 919 OLEASTER
890 874 982 917 fere
1016 875 1161 917 omnia
1187 873 1344 916 Latina
1377 874 1580 916 arborum
1611 874 1790 916 nomina
1821 887 1890 929 ge-

175 949 289 991 neris
314 948 522 991 *feminini
554 950 671 1000 sunt,
706 947 894 1003 exeeptis
926 947 1094 1002 paucis,
1125 948 1175 987 ut
1207 945 1292 988 ‘hie
1324 944 1525 988 oleaster'
1557 949 1595 987 et
1625 945 1723 987 ‘hoe
1757 944 1889 987 siler':

175 1020 395 1076 Vergilius
427 1023 483 1062 ut
513 1019 666 1061 molle
699 1019 824 1061 siler
855 1020 1112 1072 lentaeque
1138 1018 1374 1072 yenistae.
1429 1016 1534 1058 item
1568 1016 1666 1058 ‘hoe
1698 1015 1889 1067 buxum'‚
1917 1025 1960 1056 10

175 1092 275 1134 lieet
308 1094 351 1133 et
381 1091 502 1134 ‘haee
533 1091 688 1133 buxus’
722 1090 911 1133 dicatur:
942 1105 1043 1132 nam
1077 1089 1339 1144 superfluam
1371 1088 1544 1144 quidam
1572 1088 1724 1130 volunt
1748 1087 1891 1129 faeere

176 1163 499 1218 discretionem,
536 1166 584 1204 ut
621 1162 743 1204 ‘haee
783 1161 936 1204 buxus’
970 1161 1021 1202 de
1054 1161 1207 1203 arbore
1239 1160 1444 1214 dicamus,
1478 1157 1670 1201 ‘buxum'
1703 1173 1805 1201 vero
1839 1159 1890 1201 de

175 1236 295 1291 ligno
323 1234 566 1290 conposito:
593 1234 778 1289 legimus
805 1233 919 1275 enim
947 1233 991 1274 in
1011 1231 1207 1288 Vergilio
1235 1231 1285 1273 de
1311 1231 1431 1273 tibiis
1453 1230 1544 1286 <IX
1559 1230 1674 1284 616>
1703 1231 1891 1272 buxus-

178 1321 273 1362 que
312 1308 462 1349 voeat
493 1305 805 1360 Berecyntia
838 1305 1019 1346 matris
1050 1303 1249 1347 Idaeae.
1310 1303 1415 1345 item
1447 1317 1543 1345 cum
1575 1302 1627 1344 de
1660 1302 1888 1345 arboribus

179 1379 438 1434 loqueretur,
472 1377 533 1419 ait
565 1379 615 1418 et
645 1379 795 1419 torno
828 1376 986 1418 rasile
1019 1376 1217 1418 buxum.
1920 1383 1962 1414 15

297 1450 393 1492 767.
443 1460 742 1491 VENERAB1LE
775 1459 958 1490 LIGNVM
990 1447 1216 1503 antiquam
1243 1447 1444 1488 arborem
1470 1447 1607 1488 voluit
1633 1445 1890 1501 exprimere:

177 1535 248 1563 seu
286 1524 454 1563 truncus
489 1521 620 1573 fuerit
654 1520 743 1562 iam
779 1523 817 1562 et
846 1520 993 1562 ariolus
1024 1519 1071 1561 ob
1101 1521 1347 1561 vetustatem.
1408 1521 1447 1560 et
1475 1518 1563 1559 ideo
1596 1516 1784 1572 ‘limium'
1816 1517 1889 1558 liu—

177 1593 330 1634 militer
360 1593 513 1634 dictum
545 1592 763 1646 accipiunt,
794 1592 959 1633 ornavit
989 1594 1125 1632 tamen
1158 1588 1411 1632 ‘venerabile'
1443 1590 1622 1631 dicendo.

299 1664 394 1706 768.
443 1676 523 1705 vm
560 1674 735 1705 FIGERE
772 1675 902 1706 DONA
942 1673 1184 1704 SOLEBANT
1223 1661 1415 1716 proprie,
1459 1663 1509 1703 ut
1547 1661 1610 1703 ait
1648 1660 1740 1716 <IX
1772 1659 1888 1713 406>

178 1749 324 1777 saera
357 1735 415 1777 ad
448 1735 668 1790 fastigia
699 1734 807 1776 fixi.
868 1737 906 1776 et
934 1734 1166 1788 quaeritur,
1205 1746 1279 1774 cur
1310 1736 1465 1775 terreno
1497 1734 1567 1774 cleo
1598 1735 1751 1774 nautae
1781 1732 1888 1773 dona
1916 1741 1961 1772 20

176 1807 493 1860 suspenderent?
537 1807 637 1860 quia
675 1809 833 1848 constal
868 1818 1007 1847 omnes
1042 1805 1089 1846 in
1122 1804 1319 1858 periculis
1348 1805 1436 1846 suis
1466 1805 1560 1846 deos
1583 1804 1749 1858 patrios
1780 1804 1889 1845 invo-

177 1892 269 1920 care
299 1881 338 1920 et
365 1879 455 1920 ideo
485 1878 573 1920 illis
603 1881 696 1920 vota
725 1878 886 1932 solvere,
916 1890 1092 1930 quorum
1120 1875 1383 1928 familiarius
1411 1889 1565 1917 ‘numen
1589 1875 1788 1929 opitulari
1811 1875 1892 1917 sibi

177 1951 354 1992 credant.

299 2022 396 2064 770.
446 2033 602 2065 NVLLO
635 2032 906 2064 D1SCR1M1NE
938 2019 1030 2062 sine
1062 2019 1203 2072 aliquo
1234 2017 1393 2060 intuitu
1427 2017 1663 2073 religionis.
1718 2021 1757 2059 el
1785 2018 1892 2060 deest

178 2092 358 2149 ‘habit0',
388 2097 436 2135 ut
464 2094 520 2136 sit
550 2092 679 2135 ‘nullo
709 2093 946 2135 discrimine
976 2090 1142 2133 habito’.
1203 2090 1515 2143 intelleyendum
1546 2092 1694 2144 autem,
1725 2092 1890 2141 eatenus
1916 2097 1961 2130 25

177 2165 345 2220 stirpem
382 2165 579 2216 excisum,
615 2167 816 2218 quatenus
849 2177 977 2218 supra
1008 2165 1163 2205 terram
1191 2161 1297 2214 fuit;
1335 2174 1427 2214 erqo
1460 2159 1668 2214 ‘stirpem'
1693 2174 1774 2214 pro
1807 2159 1888 2202 ‘ar-

177 2235 326 2278 borem'
358 2236 652 2290 accipiendum,
682 2237 784 2290 quia
814 2239 852 2277 el
880 2235 1059 2277 subolem
1092 2231 1289 2287 ‘stirpem’
1323 2232 1544 2285 appellant.

299 2309 396 2350 772.
447 2319 593 2349 FIXAM
624 2319 684 2349 ET
711 2318 866 2349 LENTA
891 2317 1064 2348 RADICE
1090 2315 1303 2346 TENEBAT
1336 2304 1513 2358 plenum
1546 2305 1630 2345 est:
1663 2318 1790 2358 quam
1823 2318 1889 2345 ra—

274 2453 295 2484 8
321 2448 398 2484 fere
424 2448 550 2483 omnia.
577 2476 584 2483 .
607 2476 613 2483 .
636 2476 644 2484 .
671 2447 717 2483 de
744 2447 846 2494 ligno
873 2446 1098 2493 composito]
1127 2457 1239 2482 exser.
1268 2444 1353 2480 Isid.
1382 2456 1432 2480 or.
1454 2443 1557 2478 XVII
1579 2448 1610 2487 7,
1634 2448 1678 2479 74
1697 2445 1709 2489 ΙΙ
1732 2448 1774 2478 10
1802 2443 1889 2479 Ver-

180 2496 308 2542 gilius]
335 2506 463 2542 georg.
489 2495 524 2531 11
551 2500 593 2530 12
626 2497 638 2542 ΙΙ
673 2499 714 2531 15
741 2498 780 2532 et
803 2495 929 2542 torno]
955 2505 1083 2540 georg.
1110 2493 1144 2528 II
1171 2497 1239 2528 449

277 2632 295 2663 1
323 2640 515 2663 mmmmm
541 2627 663 2663 ASH
678 2629 690 2674 ΙΙ
719 2627 782 2672 qui
810 2627 858 2662 M
875 2628 887 2673 ΙΙ
918 2630 939 2661 2
966 2626 1017 2661 acl
1042 2637 1246 2665 ‘summove
1273 2639 1303 2660 T.
1329 2634 1356 2659 s.
1383 2635 1415 2659 v.
1442 2623 1536 2658 bene
1562 2624 1678 2658 terret
1703 2633 1764 2657 eos
1790 2623 1889 2668 apud

181 2686 274 2722 quos
300 2677 420 2711 terror
446 2674 506 2710 eiu
531 2686 554 2711 20<
581 2675 614 2710 Τ
629 2676 642 2720 ΙΙ
667 2680 688 2711 3
714 2675 855 2710 habeti-1
883 2674 921 2708 F
938 2675 949 2720 ΙΙ
968 2685 1014 2708 ne
1042 2674 1192 2708 mittere
1218 2672 1414 2708 timentem
1440 2671 1480 2705 F
1496 2671 1507 2716 ΙΙ
1532 2674 1555 2704 4
1580 2670 1694 2715 digna
1719 2670 1824 2716 ludo]
1850 2670 1891 2705 hi

182 2734 311 2758 uersus
343 2723 388 2758 de
414 2723 566 2758 homero
600 2724 687 2758 sunt
716 2721 892 2758 translati
919 2721 982 2767 (Il.
1009 2720 1113 2755 XXII
1142 2722 1223 2764 159)
1251 2717 1334 2755 ἐπεὶ
1361 2716 1430 2763 οὐχ
1458 2714 1600 2762 ἵερήιον
1627 2745 1634 2752 .
1657 2746 1664 2752 .
1686 2713 1891 2762 ,Ἕκτορος

180 2767 413 2816 ἴπποὸάμοιο
439 2771 522 2806 add.
543 2770 582 2805 D
599 2771 612 2816 ΙΙ
632 2774 652 2805 5
680 2769 831 2806 dabitur
857 2769 906 2812 F,
932 2780 1022 2804 corr.
1043 2768 1183 2803 Daniel
1200 2769 1213 2813 ss
1233 2772 1253 2803 6
1280 2766 1389 2812 pellis
1417 2765 1670 2800 Gommelinus:
1697 2763 1832 2810 pellius
1854 2764 1894 2799 F

180 2817 301 2864 pelvis
330 2818 536 2853 Masvicius
554 2819 567 2863 ΙΙ
585 2818 712 2853 vinum
739 2818 963 2853 Masvieius:
990 2814 1098 2851 unius
1125 2815 1166 2850 F
1200 2826 1306 2849 mnus
1332 2814 1471 2849 Daniel
1488 2813 1501 2858 ΙΙ
1520 2823 1630 2847 aesca
1655 2812 1695 2846 F
1710 2814 1723 2857 ΙΙ
1741 2812 1889 2847 hordia-

180 2866 258 2902 riae
285 2865 325 2901 F
346 2868 359 2911 I!
390 2869 411 2900 8
437 2863 548 2900 latini
574 2865 623 2908 F,
648 2866 819 2900 arborum
848 2863 1001 2900 nomina.
1025 2864 1190 2899 omittens
1217 2865 1230 2907 ΙΙ
1260 2866 1281 2897 9
1307 2860 1369 2896 hic
1395 2861 1482 2895 siler
1506 2860 1543 2894 R
1568 2859 1853 2905 (corr4Daniel)
1880 2860 1890 2906 Η

183 2917 226 2949 10
247 2912 451 2959 Vergilius]
478 2913 559 2958 ipse
578 2912 619 2947 F
634 2914 647 2958 ΙΙ
665 2913 757 2948 item
855 2911 944 2947 lieet
963 2922 1028 2947 om.
1044 2910 1084 2946 F
1100 2912 1111 2957 ΙΙ
1133 2915 1173 2946 11
1202 2910 1347 2945 dicatur
1369 2936 1399 2944 ..
1417 2936 1424 2943 .
1445 2908 1537 2942 haec
1557 2908 1675 2943 buxus
1695 2919 1760 2942 om.
1776 2907 1863 2942 RH
1881 2927 1889 2951 ¹3

181 2961 319 2996 dicitur
344 2960 384 2995 F
399 2961 412 3006 Ιῇ
433 2964 475 2995 12
503 2960 548 2995 de
573 2960 676 3005 ligno
703 2958 846 3004 aliquid
873 2958 1120 3003 compositum
1145 2958 1185 2992 F
1200 2959 1213 3002 ΙΙ
1235 2961 1276 2992 13
1304 2956 1341 2991 in
1370 2955 1535 3000 Vergilio
1561 2966 1627 2990 om.
1648 2955 1688 2989 F
1703 2957 1715 3000 ΙΙ
1743 2959 1786 2989 14
1812 2966 1890 2989 ma—

180 3010 257 3043 tres
284 3009 323 3043 F
339 3009 352 3053 ΙΙ
382 3007 468 3043 idae
494 3008 666 3043 Serviani
691 3008 778 3043 libri
802 3008 814 3053 ΙΙ
845 3010 887 3041 15
913 3005 1143 3052 loqueretur]
1171 3005 1312 3040 diceret
1337 3003 1387 3047 F,
1414 3002 1467 3038 ait
1492 3003 1657 3038 omittens
1681 3004 1693 3048 ΙΙ
1727 3007 1768 3038 16
1796 3001 1889 3037 anti-

181 3067 295 3100 quum
321 3056 370 3091 M
384 3057 396 3102 ΙΙ
430 3059 471 3090 17
500 3054 694 3090 humiliter
721 3055 946 3090 Masvicius:
973 3053 1133 3088 uiriliter
1158 3053 1197 3087 F
1214 3054 1226 3099 11
1259 3056 1301 3086 19
1328 3052 1383 3086 ait
1407 3061 1472 3086 om.
1500 3050 1586 3085 RH
1602 3052 1613 3096 ΙΙ
1644 3054 1690 3085 20
1716 3050 1754 3084 et
1779 3060 1889 3094 quae-

183 3104 277 3138 ritur
311 3131 318 3139 .
347 3131 354 3139 .
383 3132 391 3139 .
423 3102 593 3149 credant]
633 3103 676 3138 de
705 3103 764 3138 his
793 3103 835 3138 in
869 3101 1075 3137 Tui-ortensi
1110 3100 1197 3136 haee
1234 3102 1360 3134 emtam
1393 3098 1568 3143 periculis
1603 3096 1763 3132 maxime
1801 3097 1890 3132 deos

182 3151 323 3196 patrios
355 3150 531 3186 inuocare
563 3152 602 3185 et
632 3148 710 3184 illis
740 3150 831 3185 uota
862 3149 1007 3184 soluere
1039 3160 1196 3194 quorum
1228 3145 1451 3181 familiarius
1476 3156 1616 3180 numen
1641 3145 1849 3189 opitulatur

181 3198 355 3233 terrendo
377 3197 418 3233 F
432 3199 444 3242 ΙΙ
462 3198 601 3233 nautde
622 3197 662 3232 F
678 3198 690 3243 ΙΙ
709 3201 754 3232 22
780 3208 917 3233 nomen
944 3195 1127 3241 epitulare
1148 3195 1188 3230 F
1204 3195 1215 3240 ΙΙ
1235 3198 1280 3228 24
1306 3206 1416 3229 nvnno
1438 3219 1446 3227 .
1468 3219 1476 3228 .
1498 3221 1504 3228 .
1525 3191 1717 3238 religionis
1743 3202 1809 3227 om.
1824 3191 1861 3226 R

181 3244 374 3291 religionis
400 3246 540 3282 intuitu
566 3245 606 3280 F
628 3246 640 3292 ΙΙ
673 3250 716 3281 27
744 3245 910 3280 sobolem
937 3243 977 3279 F
998 3245 1011 3290 ΙΙ
1041 3247 1087 3279 28
1113 3255 1223 3278 mxAM
1250 3269 1257 3277 .
1281 3269 1287 3276 .
1309 3268 1316 3276 .
1343 3240 1498 3276 tenebat
1522 3251 1588 3275 om.
1609 3239 1645 3274 R
