2124 3600
282 1031 325 1063 10

280 1388 324 1419 15

275 1744 321 1775 20

275 2100 320 2131 25

358 272 443 314 110
1129 270 1290 305 SERVII

354 396 534 423 numero
568 381 728 436 plurali
766 381 966 434 dicimus,
1004 380 1105 422 licet
1141 379 1372 434 legerimus
1410 379 1456 420 in
1487 378 1643 422 Plauto
1682 384 1909 423 castrum
1941 381 2062 424 Poe-

354 467 550 495 norum:
582 453 696 508 quod
727 452 858 495 etiam
890 452 1118 494 diminutio
1152 451 1360 507 ostendit3
1391 466 1490 493 nam
1519 451 1775 494 ‘castellum'
1808 453 2002 496 dicimus.

476 525 571 566 776.
621 535 747 567 NVNC
780 535 899 566 SVNT
933 535 1037 566 SINE
1068 534 1250 565 NOM1NE
1282 534 1467 564 TERRAE
1502 523 1622 578 atqui
1653 523 1698 565 in
1730 525 1930 580 catalogo
1961 524 2062 567 hinc

355 598 422 638 est
453 595 644 638 dicturus
677 595 845 650 aliquas
878 595 1093 649 civitates3
1130 594 1205 635 sed
1237 608 1288 635 ex
1319 608 1504 649 persona
1535 609 1613 636 sua
1644 595 1943 650 praeoccupat.

475 667 571 709 777.
622 678 734 717 va
765 678 824 708 ET
857 677 949 708 Avo
983 677 1195 708 coffl'rEM
1221 676 1331 708 SESE
1357 676 1624 708 MAVORTIVS
1651 677 1810 708 ADDET
1841 678 2061 709 ROMVLVS

354 736 553 780 Amulius
587 740 630 779 et
655 736 859 779 Numitor
889 737 1048 779 fratres
1081 737 1266 779 fuerunt.
1304 737 1378 778 sed
1403 736 1677 779 Numitorem
1703 752 1836 794 regno
1860 737 2061 780 Amulius
2102 764 2111 770 .

352 807 521 864 pepulit
558 811 603 850 et
632 807 777 863 Iliam,
815 807 906 849 eius
944 808 1099 862 filiam,
1137 807 1404 850 sacerdotem
1436 807 1597 850 Vestae
1634 809 1750 851 fecit.
1812 808 1863 850 de
1899 809 1981 851 hac
2020 811 2084 851 et·

353 879 494 922 Marte
532 879 626 921 nati
658 882 758 921 sunt
788 879 950 921 Remus
984 882 1027 921 et
1058 879 1279 922 Romulus.
1342 879 1416 935 qui
1447 894 1543 921 cum
1577 880 1883 936 adolevissent,
1921 881 2060 924 occiso

353 951 527 993 Amulio
572 966 699 993 avum
738 949 1012 993 Numitorem
1056 951 1102 992 in
1145 965 1280 1006 regna
1320 953 1631 992 revocaverunt
1668 954 1712 993 et
1749 966 1845 994 cum
1885 966 1935 994 eo
1973 967 2060 994 uno

353 1036 465 1063 anno
497 1024 801 1077 regnaverunt.
851 1024 1005 1077 postea
1035 1024 1215 1077 propter
1247 1021 1470 1077 angustias
1501 1022 1672 1077 imperii
1702 1021 1886 1065 Romam
1917 1026 2060 1078 capta-

351 1093 409 1135 tis
442 1093 633 1149 auguriis
666 1093 960 1135 condiderunt.
1010 1107 1112 1149 ergo
1146 1092 1241 1134 eavo
1276 1107 1320 1134 se
1352 1092 1480 1135 addet
1505 1093 1723 1135 comitem'
1757 1096 1832 1136 aut
1864 1094 1982 1136 avito
2015 1109 2060 1136 se

351 1165 504 1221 iunget
535 1164 735 1219 imperio,
774 1167 849 1206 aut
887 1166 1020 1219 certe,
1058 1163 1294 1206 secundum
1325 1163 1535 1220 Ennium,
1572 1164 1781 1206 referetur
1812 1164 1926 1207 inter
1959 1165 2060 1207 deos

351 1249 446 1277 cum
482 1236 644 1278 Aenea:
686 1235 790 1277 dicit
821 1250 1006 1290 namque
1037 1234 1163 1277 Iliam
1194 1234 1330 1276 fuisse
1360 1235 1497 1277 filiam
1528 1235 1710 1277 Aeneae.
1767 1235 1880 1291 quod
1912 1236 1950 1278 si
1981 1239 2061 1292 est,

353 1306 520 1349 Aeneas
553 1322 658 1349 avus
690 1309 757 1349 est
786 1306 973 1350 Romuli.
1034 1307 1145 1348 unde
1184 1306 1314 1347 etiam
1347 1306 1511 1348 addidit
1544 1306 1769 1348 ‘Assaraci
1801 1321 1928 1363 quem
1961 1322 2057 1349 san-

351 1377 536 1434 guinis':
575 1393 678 1421 nam
715 1378 798 1420 hoc
836 1378 1059 1433 epitheton
1096 1392 1184 1419 non
1215 1377 1306 1418 sine
1339 1392 1467 1420 causa
1499 1380 1565 1419 est
1594 1377 1907 1433 introductum,
1946 1378 2060 1434 quod

349 1452 416 1491 est
447 1450 670 1505 proprium
701 1449 892 1504 Aeneae3
922 1464 1023 1491 nam
1051 1449 1288 1491 Assaracus
1319 1452 1444 1504 pater
1476 1452 1544 1491 est
1576 1448 1767 1505 CapyOS,
1801 1448 1943 1505 Capys
1971 1450 2058 1492 An-

349 1521 509 1576 chisae,
544 1521 756 1563 Anchises
787 1519 971 1563 Aeneae.

470 1593 565 1635 779.
615 1604 761 1634 VIDEN
799 1590 924 1634 ‘den'
963 1591 1225 1653 naturaliter
1262 1592 1394 1647 longa
1430 1594 1514 1646 est,
1558 1591 1733 1633 brevem
1775 1593 1922 1633 tamen
1963 1606 2058 1634 eam

347 1663 510 1719 posuit,
548 1666 720 1706 secutus
752 1662 964 1705 Ennium:
1002 1665 1046 1704 et
1078 1662 1183 1704 adeo
1216 1662 1306 1704 eius
1338 1664 1404 1704 est
1435 1662 1650 1704 inmutata
1680 1663 1853 1717 natura,
1891 1665 1939 1704 ut
1970 1663 2057 1704 iam

346 1735 504 1790 ubique
553 1734 697 1776 brevis
746 1734 1000 1776 inveniatur.
1153 1745 1364 1775 GEMINAE
1414 1744 1564 1776 STANT
1608 1745 1810 1776 VERTIGE
1856 1744 2054 1776 CRISTAE

348 1806 523 1849 omnino
554 1805 601 1846 in
633 1805 832 1847 omnibus
864 1805 947 1847 hoc
979 1804 1070 1860 egit
1094 1804 1322 1859 Romulus,
1354 1806 1402 1846 ut
1433 1819 1530 1846 cum
1561 1804 1695 1846 fratre
1727 1818 1908 1860 regnare
1939 1804 2055 1847 vide-

347 1879 485 1932 retur,
522 1891 577 1918 ne
609 1891 654 1918 se
686 1891 805 1918 reum
836 1875 1056 1931 parricidii
1087 1875 1313 1918 iudicaret:
1351 1876 1462 1917 unde
1495 1875 1640 1918 omnia
1672 1874 1859 1930 duplicia
1889 1875 2055 1932 habuit,

346 1949 470 2004 quasi
508 1962 605 1990 cum
642 1947 776 1989 fratre
810 1947 1063 1990 communia.
1127 1947 1287 1989 etenim
1320 1947 1373 1988 ad
1406 1946 1621 2001 captanda
1652 1946 1832 2004 auguria
1863 1948 2054 1989 montem

346 2019 592 2062 Palatinum
623 2018 835 2060 Romulus
873 2019 1030 2073 tenuit,
1068 2018 1331 2060 Aventinum
1362 2018 1535 2061 Remus.
1597 2018 1669 2071 qui
1706 2018 1826 2073 prior
1857 2032 1931 2060 sex
1962 2018 2051 2060 vul-

346 2093 466 2133 tures
509 2090 636 2146 vidit,
685 2092 784 2145 post
826 2089 1038 2132 Romulus
1083 2089 1317 2131 duodecim.
1380 2091 1423 2131 et
1468 2104 1563 2131 cum
1606 2089 1680 2130 ille
1723 2091 1936 2144 tempore,
1979 2089 2052 2131 ille

344 2177 523 2204 numero
556 2162 608 2203 de
640 2161 862 2203 condenda
894 2161 997 2203 urbe
1030 2162 1261 2215 certarent,
1299 2163 1397 2202 orta
1435 2160 1710 2202 contentione
1742 2159 1793 2201 de
1824 2160 1944 2202 urbis
1975 2174 2053 2202 no-

346 2234 461 2275 mine
492 2233 607 2275 inter
638 2232 890 2287 exercitum,
923 2247 949 2274 a
973 2231 1147 2274 Romuli
1174 2231 1384 2272 militibus
1409 2230 1569 2272 Remus
1603 2227 1768 2272 occisus
1802 2233 1877 2272 est.
1927 2231 2050 2273 fabu-

344 2305 485 2347 losum
517 2304 631 2345 enim
664 2306 730 2346 est
761 2303 876 2358 quod
909 2319 934 2345 a
964 2303 1097 2344 fratre
1129 2305 1304 2358 propter
1336 2316 1482 2343 muros
1516 2302 1672 2343 dicitur
1702 2301 1996 2357 interemptus.

441 2449 458 2479 1
487 2445 648 2480 castrum
675 2471 683 2478 .
771 2444 967 2479 castellum
993 2443 1163 2489 dicimus]
1192 2443 1237 2479 cf.
1263 2443 1350 2479 Isid.
1378 2455 1428 2478 or.
1449 2443 1517 2478 XV
1538 2446 1571 2487 2,
1594 2447 1636 2477 13
1656 2443 1667 2488 ΙΙ
1697 2446 1740 2477 11
1767 2452 1855 2488 ergo
1882 2470 1890 2478 .
1911 2470 1920 2478 .
1942 2469 1950 2477 .
1976 2443 2049 2478 Ro-

343 2492 451 2538 muli]
481 2492 525 2527 cf.
552 2492 664 2526 Ennii
690 2503 773 2527 ann.
801 2491 818 2525 I
843 2492 974 2537 fragm.
1001 2491 1157 2526 XXXIII
1182 2502 1241 2536 ap.
1267 2491 1376 2527 Vahl.
1405 2491 1418 2535 ΙΙ
1451 2494 1493 2525 18
1521 2503 1626 2525 vaN
1653 2519 1660 2526 .
1683 2518 1691 2525 .
1712 2518 1720 2525 .
1746 2490 1974 2536 inveniatur]
2002 2490 2049 2525 cf.

345 2541 449 2595 Luct.
477 2540 578 2575 Plac.
604 2540 652 2574 ad
679 2539 772 2575 Stat.
801 2539 917 2575 Theb.
939 2539 976 2573 ‘X
1003 2542 1071 2574 808

441 2675 458 2705 1
485 2681 691 2715 poenorum
715 2682 753 2705 r:
779 2681 983 2715 poenarum
1008 2670 1141 2715 reliqui
1158 2670 1170 2715 ΙΙ
1201 2673 1221 2703 2
1249 2667 1454 2703 deminutio
1483 2666 1560 2702 FO
1582 2666 1795 2713 (diminutio
1821 2668 1854 2711 c)
1878 2668 1890 2714 ΙΙ
1920 2672 1941 2702 3
1968 2669 2047 2703 aut—

344 2717 407 2802 qlui
427 2718 471 2752 H
487 2719 498 2764 ΙΙ
517 2722 539 2752 4
559 2718 640 2764 sed]
669 2719 708 2753 et
726 2717 755 2753 S
773 2718 784 2763 ΙΙ
802 2719 1032 2762 prooccupat
1051 2717 1090 2752 H
1109 2718 1121 2763 ΙΙ
1141 2721 1162 2752 6
1183 2716 1340 2752 amulius
1358 2726 1474 2760 regno
1495 2715 1535 2749 F
1551 2716 1562 2761 ΙΙ
1580 2725 1696 2759 regno
1715 2725 1780 2750 om.
1797 2714 1828 2750 G'
1843 2716 1855 2761 ΙΙ
1875 2718 1894 2750 7
1920 2714 2046 2761 Iliam]

344 2777 459 2847 alliam
487 2812 517 2847 G
550 2812 670 2848 illiam
696 2812 730 2848 G
754 2814 766 2859 ΙΙ
797 2812 836 2847 et
860 2823 926 2847 om.
954 2811 1034 2846 FG
1058 2813 1069 2857 ΙΙ
1100 2815 1121 2846 8
1147 2822 1256 2846 renus
1282 2809 1327 2844 Η
1347 2811 1358 2856 ΙΙ
1390 2813 1410 2844 9
1437 2809 1562 2844 auium
1588 2809 1628 2843 F
1649 2810 1661 2855 ΙΙ
1691 2810 1915 2844 reuocarunt
1938 2807 2048 2855 FO]
2036 2808 2048 2856 ΙΙ

347 2864 390 2895 10
416 2862 597 2904 angustus
623 2860 669 2895 H
701 2859 876 2905 angustia
896 2859 973 2893 FG
991 2860 1003 2904 ΙΙ
1021 2859 1188 2904 imperiis
1209 2857 1286 2892 FG
1305 2859 1316 2903 ΙΙ
1335 2868 1403 2901 cap
1406 2856 1455 2892 tis
1475 2857 1547 2910 AS
1564 2858 1576 2903 ΙΙ
1598 2860 1637 2891 11
1666 2856 1773 2891 addit
1789 2855 1911 2891 ASF
1944 2855 2046 2891 addi-

344 2906 400 2941 dit
425 2907 459 2941 G
477 2908 488 2953 ΙΙ
511 2911 552 2941 12
578 2907 702 2953 iungit
726 2906 921 2942 ASFGG
940 2907 951 2951 ΙΙ
970 2905 1128 2940 refertur
1152 2904 1347 2940 ASFGG
1366 2906 1377 2950 ΙΙ
1380 2869 1443 2939 Ρ14
1467 2903 1573 2939 auius
1599 2903 1678 2938 FG
1696 2905 1708 2949 ΙΙ
1727 2904 1785 2939 est
1809 2914 1876 2940 om.
1896 2903 2014 2939 FGG
2035 2902 2048 2950 ΙΙ

343 2954 474 3000 etiam]
501 2954 577 2989 iam
603 2955 675 2989 AS
646 2956 705 3036 ΜΙΙ
724 2953 831 2989 addit
856 2953 935 2988 FG
954 2954 965 2999 ΙΙ
985 2953 1138 2987 assarici
1162 2953 1199 2986 A
1225 2955 1330 2998 (corr.
1357 2954 1394 2996 a)
1434 2950 1577 2986 asaraci
1605 2952 1654 2985 M
1670 2952 1682 2997 ΙΙ
1703 2955 1746 2986 16
1771 2950 1962 2996 proprium
1988 2952 2046 2985 est

346 3002 394 3037 M
410 3002 423 3048 ΙΙ
446 3011 618 3036 asaracus
646 3003 722 3048 ΜΙΙ
742 3000 902 3046 Capyos]
929 3011 1043 3046 capys
1069 2998 1228 3034 RFOG
1266 2998 1393 3044 capios
1421 2999 1469 3033 M
1493 2997 1610 3043 (capis
1636 3001 1684 3042 m)
1705 2999 1716 3043 ΙΙ
1744 3001 1786 3032 17
1813 3001 1851 3032 et
1875 2997 2044 3032 anchises

344 3049 435 3084 RH
454 3050 466 3096 ΙΙ
499 3052 542 3083 18
563 3048 651 3094 den]
678 3050 723 3084 de
749 3048 863 3094 RH„
888 3058 971 3083 eam
996 3058 1063 3082 om.
1085 3047 1143 3090 M,
1174 3057 1274 3090 supr.
1301 3057 1389 3080 vers.
1416 3046 1500 3080 add.
1526 3057 1560 3079 m
1579 3046 1591 3091 ΙΙ
1621 3048 1663 3079 19
1689 3045 1798 3088 adeo]
1824 3044 1893 3079 deo
1920 3044 1963 3078 H
1997 3044 2044 3079 ad

344 3097 452 3143 FGH
475 3099 521 3131 20
547 3107 651 3130 s‘rEN'r
675 3096 861 3177 ΕΗΜζΙΙ
888 3106 1056 3130 emusmE
1081 3094 1117 3128 R
1155 3107 1220 3127 iE
1247 3093 1290 3127 Η
1317 3094 1328 3138 ΙΙ
1359 3096 1401 3126 21
1431 3091 1601 3126 omnibus
1627 3102 1692 3126 om.
1714 3090 1792 3125 FO
1812 3092 1824 3137 ΙΙ
1855 3095 1899 3126 22
1925 3091 2041 3136 patri-

345 3097 445 3179 cidii¹
447 3097 503 3178 ΙΗ
517 3144 528 3190 ΙΙ
548 3146 594 3177 24
618 3141 802 3187 platinum
876 3144 887 3189 ΙΙ
907 3142 1047 3188 primus
1070 3141 1147 3187 ΜΙΙ
1166 3140 1331 3174 uultores
1358 3139 1401 3173 H
1416 3140 1427 3184 ΙΙ
1447 3143 1491 3173 26
1518 3137 1771 3184 contentione]
1798 3138 1987 3174 contentio
2006 3139 2042 3173 A

345 3193 451 3236 (corr.
475 3192 514 3236 a)
539 3189 742 3225 certatione
768 3190 809 3224 Ι
815 3189 846 3224 Ο
867 3192 880 3230 ΙΙ
903 3194 948 3225 27
973 3189 1124 3224 milibus
1136 3142 1191 3222 nF
1211 3188 1223 3233 ΙΙ
1249 3190 1294 3221 28
1321 3185 1435 3231 enim]
1462 3186 1588 3221 autem
1617 3185 1666 3219 M
1687 3186 1698 3231 ΙΙ
1723 3188 1876 3231 propter
1900 3186 2040 3232 muros]

344 3240 577 3274 transcensus
602 3238 686 3272 add.
713 3236 754 3271 F
