2092 3614
266 653 287 683 5

245 1012 288 1042 10

247 1369 289 1400 15

243 1726 290 1759 20

243 2085 289 2116 25

244 2441 290 2471 30

315 247 404 290 564
1090 249 1251 287 SERVII

316 358 500 414 sagittas
533 357 668 413 Lycio
709 373 809 401 arcu
847 358 1082 415 dirigebat:
1127 360 1237 417 quod
1276 361 1426 416 etiam,
1470 364 1518 403 ut
1557 376 1686 417 supra
1722 362 1925 418 diximus,
1970 363 2022 406 ad

315 432 517 471 ornatum
548 429 651 483 poni
684 430 920 471 consuevit.

436 501 531 543 774.
588 517 679 544 mn
693 500 759 543 hic
770 504 913 557 vatem,
932 515 1060 555 supra
1074 503 1219 557 <768>
1233 504 1491 559 sacerdotem,
1510 508 1556 546 ut
1567 505 1614 547 de
1623 505 1781 547 Heleno
1795 508 2021 558 utrumque.

435 571 531 614 775.
581 583 777 615 GASSIDA
808 586 885 627 pro
919 572 1103 616 ‘cassis':
1144 589 1243 616 nam
1276 575 1567 618 accusativum
1598 576 1744 630 posuit
1775 591 1852 631 pro
1885 577 2022 619 nomi-

314 643 473 685 nativo.

435 715 533 757 777.
582 723 861 758 P1c⁷rvsAcv
888 727 1086 758 ‘rvchs
1108 728 1166 758 ET
1186 728 1403 770 BARBARA
1425 729 1634 771 TEGMINA
1655 730 1845 762 CRVRVM
1866 718 2022 774 ‘pictus

314 786 501 841 tunicas,
546 787 688 841 pictus
727 802 899 829 crurum
939 788 1127 830 barbara
1166 788 1387 844 tegmina',
1433 789 1477 831 id
1519 792 1584 831 est
1623 790 1814 833 habebat
1862 794 2022 834 vestem

314 857 573 913 phrygionis
600 861 693 900 arte
718 858 963 913 perfectam.
1009 874 1111 901 sane
1138 874 1356 902 armorum
1381 860 1511 916 longa
1531 861 1762 917 descriptio
1783 862 1884 904 illuc
1905 877 2022 918 spec-

313 931 392 983 tat,
424 932 472 972 ut
496 929 543 971 in
569 944 711 972 eorum
746 930 1029 984 cupiditatem
1063 931 1217 973 merito
1238 929 1423 973 Camilla
1456 932 1650 974 videatur
1682 948 1773 976 esse
1807 949 2022 976 succensa.

435 1000 533 1042 782.
582 1012 790 1044 FEMINEO
817 1001 1061 1057 inpatienti,
1085 1002 1395 1057 inrationabili,
1422 1005 1469 1044 ut
1490 1002 1606 1057 <VII
1627 1003 1743 1059 345>
1771 1004 2022 1048 femineae

315 1071 580 1114 ardentem
611 1072 822 1127 iraeque
854 1087 1106 1128 curaeque
1137 1073 1437 1128 coquebant.

435 1143 531 1186 785.
582 1154 740 1186 SVMME
776 1155 909 1186 DEVM
953 1159 1003 1186 ex
1048 1144 1204 1186 affectu
1249 1145 1430 1186 colentis
1475 1145 1649 1188 dicitur:
1692 1160 1793 1189 nam
1831 1146 2024 1203 Iuppiter

315 1229 507 1257 summus
540 1218 615 1258 est.
709 1226 877 1258 SANCTI
910 1226 1082 1258 CVSTOS
1115 1226 1340 1258 SORACTIS
1373 1228 1557 1259 APOLLO
1586 1216 1776 1259 Soractis
1807 1233 1931 1261 mons
1958 1222 2025 1261 est

315 1285 597 1341 Hirpinorum
634 1286 679 1328 in
711 1286 930 1329 Flaminia
961 1287 1222 1329 conlocatus.
1279 1287 1324 1330 in
1354 1287 1437 1330 hoc
1469 1290 1612 1330 autem
1645 1291 1792 1331 monte
1825 1304 1921 1332 cum
1949 1289 2023 1332 ali-

318 1358 486 1413 quando
507 1357 599 1400 Diti
619 1358 733 1413 patri
755 1373 920 1401 sacrum
943 1359 1262 1413 persolveretur
1282 1383 1337 1388 —
1358 1373 1459 1401 nam
1479 1360 1560 1402 diis
1579 1361 1778 1403 manibus
1805 1375 2024 1403 eonsecra-

314 1432 385 1472 tus
413 1433 479 1472 est
500 1454 551 1459 —
575 1430 718 1472 subito
746 1429 964 1472 venientes
991 1430 1082 1485 lupi
1107 1433 1206 1472 exta
1231 1431 1279 1472 dc
1302 1430 1391 1484 ᾕρητ’
1414 1434 1662 1486 rapuerunt.
1701 1446 1808 1487 quos
1835 1447 1930 1474 cum
1951 1432 2024 1475 diu

306 1504 495 1555 pastores
526 1503 817 1557 sequerentur,
849 1501 982 1544 delati
1015 1503 1115 1543 sunt
1147 1501 1200 1543 ad
1226 1501 1442 1556 quandam
1469 1503 1730 1558 speluncam,
1762 1502 1947 1546 halitum
1973 1518 2024 1545 ex

316 1587 360 1614 se
394 1571 644 1628 pestiferum
678 1573 966 1625 emittentem,
1005 1573 1110 1615 adeo
1143 1575 1191 1615 ut
1224 1573 1345 1615 iuxta
1377 1575 1541 1616 stantes
1573 1575 1766 1616 necaret:
1805 1577 1842 1616 et
1873 1574 2023 1617 exinde

315 1646 383 1687 est
420 1646 516 1686 orta
553 1644 820 1699 pestilentia,
858 1644 960 1699 quia
996 1644 1169 1686 fuerant
1199 1644 1323 1699 lupos
1357 1645 1504 1689 secuti.
1566 1645 1618 1687 de
1651 1661 1735 1701 qua
1766 1659 2023 1700 responsum

316 1719 401 1770 est,
438 1730 566 1771 posse
605 1730 699 1758 eam
739 1715 897 1770 sedari,
937 1716 973 1757 si
1005 1716 1130 1771 lupos
1161 1716 1453 1770 imitarentur,
1491 1716 1534 1758 id
1567 1719 1632 1758 est
1663 1719 1789 1772 rapto
1822 1717 2025 1760 viverent.

316 1787 429 1843 quod
460 1789 691 1843 postquam
726 1787 893 1829 factum
920 1789 998 1841 est,
1030 1787 1135 1829 dicti
1162 1790 1262 1829 sunt
1286 1788 1371 1841 ipsi
1397 1787 1547 1842 populi
1569 1787 1697 1843 Hirpi
1723 1786 1893 1831 Sorani:
1923 1803 2024 1830 nam

314 1860 407 1914 lupi
445 1858 703 1903 Sabinorum
740 1859 891 1914 lingua
931 1862 1139 1901 vocantur
1175 1858 1302 1914 hirpi.
1366 1856 1519 1900 Sorani
1558 1874 1656 1902 vero
1698 1874 1723 1901 a
1760 1859 1880 1902 Dite:
1924 1875 2023 1902 nam

315 1930 432 1973 Ditis
470 1933 594 1986 pater
626 1929 815 1973 Soranus
847 1932 1044 1973 vocatur:
1084 1930 1205 1985 quasi
1238 1926 1328 1985 lupi
1361 1929 1475 1971 Ditis
1507 1931 1656 1985 patris.
1719 1931 1829 1973 unde
1862 1946 2026 1974 memor

314 2004 376 2044 rei
409 1985 627 2058 Vergilius
660 2002 893 2044 Arruntem
924 2002 1055 2056 paulo
1086 2004 1188 2057 post
1218 2004 1443 2057 comparat
1475 2002 1594 2056 lupo,
1637 2003 1760 2057 quasi
1792 2001 2023 2057 Hirpinum

317 2073 543 2117 Soranum.

437 2146 533 2188 786.
583 2157 749 2188 Pmssvs
781 2157 941 2193 ARDOR
973 2145 1086 2201 ignis
1117 2147 1394 2201 περίφρασις.
1489 2156 1672 2187 ACERvo
1704 2159 1826 2199 pyra,
1859 2159 2022 2187 coacer-

315 2217 487 2260 vatione
520 2217 750 2273 lignorum.

438 2288 534 2331 787.
584 2300 728 2330 FRETI
759 2300 955 2330 PIETATE
987 2288 1069 2330 iste
1102 2288 1274 2343 quidem
1306 2288 1386 2330 hoc
1419 2287 1540 2339 dicit;
1573 2286 1647 2329 sed
1679 2286 1832 2341 Varro,
1864 2286 2022 2342 ubique

317 2363 589 2416 expugnator
619 2360 858 2415 religionis,
891 2360 962 2414 ait,
995 2375 1091 2401 cum
1120 2359 1333 2414 quoddam
1361 2358 1721 2400 medicamentum
1750 2357 2023 2412 describeret,

316 2435 370 2472 ut
402 2431 573 2472 solent
606 2429 829 2484 Hirpini,
871 2431 953 2486 qui
988 2430 1304 2472 ambulaturi
1335 2444 1424 2484 per
1455 2430 1619 2485 ignes,
1651 2428 2024 2471 medicamento

315 2502 526 2557 plantas
558 2501 782 2557 tingunt.

412 2612 433 2642 3
459 2606 521 2642 hic
548 2635 556 2643 .
578 2636 586 2644 .
608 2634 615 2642 .
642 2606 887 2652 sacerdotem]
917 2594 961 2641 οἳ.
992 2605 1075 2641 Isid.
1102 2616 1151 2641 or.
1183 2605 1249 2640 VII
1276 2609 1331 2649 12,
1360 2608 1403 2639 15
1429 2605 1468 2640 et
1493 2604 1567 2640 diff.
1596 2604 1696 2641 verb.
1724 2608 1791 2640 451

415 2708 431 2738 1
460 2701 673 2748 dirigebant
691 2701 779 2736 RH
793 2702 806 2747 u
824 2702 867 2736 ut
891 2701 1004 2736 etiam
1026 2700 1123 2735 HM
1136 2702 1148 2745 ΙΙ
1168 2705 1188 2735 3
1215 2701 1264 2737 ad
1283 2713 1367 2735 vari
1392 2711 1419 2735 s.
1440 2711 1472 2735 v.
1501 2699 1683 2736 sacerdoti
1707 2699 1739 2734 T
1755 2701 1767 2746 ΙΙ
1788 2704 1806 2735 7
1834 2698 1945 2744 frigia.
1964 2711 1989 2733 a
2012 2700 2023 2745 ι]

317 2754 339 2786 8
365 2751 557 2795 spectatur
581 2749 671 2784 HF
686 2750 698 2794 ΙΙ
718 2753 738 2784 9
765 2748 971 2794 cupiditate
993 2748 1075 2782 RF
1110 2747 1371 2793 captiuitatem
1393 2748 1438 2782 H
1453 2749 1464 2794 Η
1484 2746 1643 2783 Camilla
1667 2759 1734 2783 om.
1749 2747 1789 2782 F
1803 2748 1816 2792 ΙΙ
1835 2747 1884 2782 ad
1909 2758 2023 2781 οΔεοΑ

317 2803 362 2842 (v.
391 2801 473 2839 781)
500 2796 591 2842 quia
622 2796 812 2832 nesciebat
842 2794 932 2840 quid
966 2796 999 2830 ei
1031 2795 1218 2831 accideret
1245 2795 1278 2830 Τ
1311 2796 1323 2840 ΙΙ
1363 2799 1406 2830 10
1432 2800 1473 2830 ut
1497 2806 1563 2831 om.
1590 2795 1630 2829 F
1663 2796 1675 2841 ΙΙ
1713 2795 1761 2831 ad
1787 2806 1857 2830 cvu
1882 2805 2024 2828 mmmm

318 2847 363 2890 (v.
393 2846 475 2889 783)
503 2856 587 2880 cum
618 2844 763 2887 labore,
796 2844 846 2879 ad
877 2856 1035 2878 rampone
1061 2857 1089 2878 c.
1119 2854 1148 2878 s.
1173 2854 1205 2877 v.
1233 2843 1485 2888 oportunitate
1516 2844 1628 2878 nacta
1656 2843 1689 2876 T
1722 2843 1735 2886 n
1773 2845 1815 2876 12
1840 2842 1947 2876 schol.
1973 2841 2024 2876 ad

318 2904 434 2928 svmus
460 2906 493 2927 1).
520 2902 587 2927 om.
608 2891 649 2926 F
665 2892 676 2937 ΙΙ
695 2891 855 2926 uolentis
881 2890 954 2925 AS
979 2892 1082 2935 (corr.
1104 2893 1142 2935 a)
1161 2892 1173 2936 ΙΙ
1204 2894 1246 2925 13
1273 2892 1330 2925 est
1355 2902 1420 2925 om.
1441 2889 1514 2925 AS
1538 2891 1637 2934 (add.
1657 2891 1695 2933 α)
1714 2891 1726 2933 ΙΙ
1746 2890 1890 2923 soracte
1916 2887 1990 2923 AS
2010 2887 2023 2934 Η

275 2941 279 2947 “
318 2943 363 2975 14
382 2939 625 2984 hyrpinorum
640 2938 803 2973 ASRH
828 2937 1040 2983 arpinorum
1055 2938 1094 2972 F
1110 2939 1122 2983 ΙΙ
1144 2942 1185 2973 17
1205 2937 1335 2972 alitum
1350 2937 1479 2972 ΑΕΗ
1496 2939 1508 2982 ΙΙ
1529 2940 1572 2972 18
1587 2937 1710 2972 etinde
1723 2936 1760 2971 R
1778 2937 1791 2980 ΙΙ
1812 2939 1854 2970 19
1874 2935 2025 2970 fuerunt

318 2987 389 3022 AS
413 2987 426 3031 ΙΙ
457 2990 502 3021 20
526 2987 654 3021 uiuere
681 2986 722 3021 F
742 2987 754 3031 ΙΙ
785 2990 827 3021 21
857 2984 1188 3030 hyrpisarani‘AS
1224 2985 1333 3030 hyrpi
1360 2984 1482 3020 sorani
1506 2983 1600 3019 RM
1637 2983 1776 3028 hirpini
1802 2982 1926 3018 sorani
1950 2982 2023 3074 F&

318 3039 362 3070 22
389 3033 507 3079 hirpri
531 3035 712 3068 uocantur
731 3034 773 3068 H
809 3031 908 3077 hirpi
927 3035 1107 3067 uocantur
1129 3033 1176 3067 M
1183 3032 1222 3067 F
1238 3035 1250 3077 Η
1269 3032 1395 3067 sarani
1408 3032 1481 3066 AS
1498 3033 1510 3078 ΙΙ
1530 3036 1573 3066 23
1594 3042 1744 3066 saranus
1759 3030 1832 3065 AS
1850 3031 1862 3076 ΙΙ
1882 3033 1927 3065 24
1950 3040 2006 3064 rel

319 3086 356 3118 et
375 3081 447 3117 AS
462 3083 475 3127 ΙΙ
495 3081 671 3125 uergilius
692 3080 732 3115 F
747 3082 759 3125 ΙΙ
777 3079 976 3125 hyrpinum
998 3079 1113 3114 ΑΕΗ
1123 3080 1170 3114 M
1188 3081 1200 3124 ΙΙ
1228 3084 1272 3115 25
1299 3090 1471 3115 saranum
1490 3079 1527 3113 A
1565 3090 1752 3113 sari-anum
1774 3077 1802 3112 S
1820 3078 1832 3123 n
1851 3081 1897 3112 29
1923 3077 2022 3121 cum]

319 3142 401 3165 eum
429 3129 502 3164 AS
528 3130 540 3173 ΙΙ
570 3129 777 3163 describere
803 3127 876 3163 AS
912 3127 1183 3162 describeretur
1207 3128 1251 3162 Η
1276 3129 1289 3172 u
1320 3131 1365 3162 30
1390 3126 1448 3172 ut]
1475 3129 1512 3161 et
1538 3128 1580 3160 ut
1605 3125 1653 3168 F,
1678 3126 1763 3160 inde
1788 3136 1831 3160 eo
1857 3124 1913 3159 uti
1938 3124 2022 3159 Sal-

317 3178 455 3212 masius
476 3177 578 3211 Ptin.
598 3177 740 3211 exea-cit.
757 3188 796 3220 p.
813 3180 858 3211 60
877 3176 889 3220 ΙΙ
909 3174 1059 3220 hyrpini
1071 3174 1239 3209 ASRH
1262 3174 1367 3219 Hirpi
1390 3174 1567 3209 Varronis
1586 3184 1657 3208 esse
1675 3173 1767 3208 coni.
1787 3171 1992 3208 Salmasius
2010 3171 2022 3218 Η

318 3225 444 3271 ignem
469 3223 510 3259 F
537 3225 549 3270 ll
579 3222 873 3259 medicantentes
899 3222 943 3257 H
