2092 3614
1551 39 1679 48 Μ

1370 47 1541 61 s„-

1158 117 1177 124 a

550 242 700 279 COMM.
728 243 781 279 IN
807 243 950 280 VERG.
975 243 1087 279 AEN.
1114 243 1166 279 XI
1191 247 1391 281 318—334.
1737 243 1823 286 519

112 351 393 408 speculatione,
418 354 556 407 potuit
584 367 747 397 rumore
771 367 1011 409 coynoscere,
1033 356 1240 408 postremo
1264 353 1548 397 aestimatione
1570 354 1689 406 dimit,
1720 368 1825 408 quae

113 424 295 478 amplius
337 424 438 467 solet
478 425 694 479 conplecti:
736 426 837 480 quia
879 426 928 468 de
969 425 1116 480 viyinti
1155 425 1328 468 navibus
1363 439 1493 468 unam
1522 426 1697 480 periisse
1732 439 1824 468 cum

115 494 274 550 Oronte,
304 498 499 550 quattuor
529 498 576 539 in
606 496 757 540 Sicilia
787 499 1072 540 concrematas.
1191 513 1376 540 TEXAMVS
1403 498 1573 551 quidam
1605 496 1822 540 ‘texamus'

103 568 274 621 proprie
310 568 463 610 dictum
501 569 689 620 tradunt,
727 569 826 623 quia
858 568 945 611 loca
975 568 1022 611 in
1052 567 1201 622 quibus
1231 581 1355 610 naves
1385 568 1510 624 fiunt,
1543 582 1684 623 yraece
1714 584 1821 611 ναυ-

110 635 265 694 πήγια,
306 639 434 682 latine
472 640 652 683 textrina
688 640 792 683 dici:
830 639 1001 683 Ennius
1031 639 1133 682 dicit
1162 639 1290 682 idem
1312 635 1518 695 'campus
1547 639 1690 683 habet
1720 644 1820 684 tex-

111 711 298 753 trinum
322 710 533 754 navibus
558 711 744 766 lonyis:
769 711 942 754 navalia
965 712 1075 754 enim
1092 725 1177 754 non
1195 724 1276 754 6336
1294 708 1532 767 ναυπήγιοι,
1556 713 1628 754 sed
1645 710 1821 769 νεώρια.

229 794 327 837 327.
378 812 579 838 commen
625 811 777 839 ntem*
823 796 990 849 proprie
1036 795 1200 838 verbum
1249 795 1485 838 nauticum:
1534 809 1635 838 nam
1679 810 1822 850 yraece

107 862 323 921 πλήρωμα
355 866 516 909 dicitur.
635 878 776 909 IACET
811 878 952 910 OMNIS
984 878 1048 909 AD
1081 878 1249 910 VNDAM
1280 878 1514 910 MATERIES
1552 866 1618 910 hic
1655 866 1818 910 ‘omnis'

99 951 180 991 pro
215 951 264 980 ea
300 951 404 992 quae
440 937 606 992 sufficit.
668 938 827 980 iterum
859 939 1081 993 extenuat,
1118 942 1167 980 ut
1201 939 1290 981 sine
1326 952 1476 993 mayno
1513 939 1671 993 neyotio
1702 953 1821 994 posse

105 1009 199 1062 sieri
227 1010 426 1052 videatur.
547 1027 744 1054 mmmm
777 1010 945 1064 antique
975 1010 1152 1053 dictum:
1189 1023 1290 1052 nam
1321 1010 1541 1053 materiam
1571 1010 1654 1053 dici
1684 1011 1820 1054 debere

107 1081 229 1123 multi
258 1082 464 1124 adserunt.
1242 1073 1254 1082 ⁶

224 1152 323 1196 328.
373 1170 509 1198 NVMER
517 1171 593 1202 mo
601 1171 649 1197 νΕ
682 1171 762 1198 non
771 1171 846 1203 mo
854 1171 902 1197 Vn
944 1153 1145 1208 eleqanter
1186 1157 1284 1208 quot
1323 1157 1362 1197 et
1395 1156 1576 1208 quantae
1612 1156 1816 1209 magnitu-

104 1224 217 1267 dinis
246 1225 341 1267 sint.

224 1296 338 1340 329.ἶ
374 1312 511 1340 mzvvs
540 1297 729 1352 artifices.
851 1307 1059 1340 NAVALIA
1090 1308 1249 1340 DEMVS
1287 1297 1360 1340 hoc
1391 1297 1474 1340 loco
1504 1298 1618 1351 ipsae
1648 1311 1712 1341 res
1742 1312 1817 1341 na-

101 1367 211 1411 vales
240 1371 354 1424 sunt,
384 1369 431 1411 id
458 1371 518 1411 est
539 1370 638 1423 pix,
669 1383 779 1425 cera,
809 1369 941 1424 funes,
972 1369 1061 1411 vela
1091 1369 1127 1411 el
1157 1369 1246 1412 alia
1275 1369 1400 1412 huius
1428 1369 1552 1412 modi.
1615 1369 1815 1413 ‘navalia'

102 1439 284 1482 dicimus
315 1440 411 1483 loca
441 1440 517 1483 ubi
547 1455 680 1483 naves
713 1443 830 1496 sunt3
864 1440 939 1483 sed
970 1440 1099 1483 modo
1133 1438 1184 1482 de
1205 1439 1371 1483 Graeco
1404 1441 1631 1483 transtulit
1657 1444 1701 1483 et
1727 1441 1815 1484 ena-

100 1509 228 1571 valia'
273 1511 419 1567 posuit
461 1526 539 1567 pro
584 1512 784 1555 trabibus
829 1512 880 1555 de
922 1512 1078 1568 quibus
1115 1526 1248 1556 naves
1284 1512 1413 1554 fiunt:
1457 1527 1560 1555 nam
1597 1512 1813 1556 Homerus

100 1579 233 1638 νήιον
266 1582 370 1626 dicit
399 1584 553 1626 navale
585 1583 765 1641 lignum.

219 1666 317 1709 331.
366 1679 512 1709 PRIMA
543 1679 607 1709 DE
641 1679 797 1710 GENTE
837 1670 880 1710 et
917 1681 968 1709 ex
1005 1681 1187 1709 numero
1225 1669 1269 1709 et
1301 1682 1352 1710 ex
1383 1667 1614 1711 nobilitate
1647 1668 1812 1724 legato-

98 1752 194 1780 rum
225 1738 497 1794 intellegitur
527 1739 696 1795 negotii
728 1738 994 1795 magnitudo.

217 1809 315 1852 333.
366 1827 488 1858 AVRJQ
496 1827 544 1854 VE
560 1827 721 1858 Ecomso
729 1827 777 1854 Vn
796 1826 970 1854 TALENTA
997 1810 1056 1853 ad
1077 1823 1231 1853 aurum
1254 1811 1453 1864 refertur:
1479 1824 1537 1854 an
1555 1814 1594 1854 et
1610 1812 1668 1854 ad
1684 1812 1811 1855 ebur?

96 1882 196 1935 quia
226 1885 264 1924 et
292 1881 390 1924 ebur
420 1883 478 1924 ad
498 1883 666 1936 pondus
695 1882 895 1925 venditur.

215 1964 313 2008 334.
364 1977 425 2007 ET
471 1976 652 2008 SELLAM
693 1976 838 2008 REGNI
879 1976 1196 2017 TRABEAMQVE
1234 1976 1445 2009 INSIGNIA
1484 1977 1657 2009 nosrm
1699 1940 1809 2010 bene

95 2035 278 2079 ‘nostri'.
342 2036 637 2079 Romanorum
675 2037 791 2080 enim
828 2038 1141 2093 imperatorum
1177 2037 1349 2093 insigne
1386 2036 1471 2080 fuit
1509 2038 1616 2095 sella
1648 2039 1808 2082 eurulis

97 2109 141 2149 et
171 2107 342 2150 trabea:
381 2123 483 2150 nam
516 2107 732 2160 diadema,
764 2110 812 2150 ut
844 2108 1030 2151 aliarum
1062 2109 1255 2164 gentium
1287 2121 1424 2164 reges,
1455 2123 1544 2152 non
1575 2109 1807 2154 habebant.

187 2253 211 2284 4
236 2248 325 2294 quia
350 2249 434 2302 loca
458 2260 489 2285 e.
509 2261 544 2294 q.
566 2249 686 2331 si]·ef.
711 2249 798 2284 Isid.
825 2260 876 2285 or.
903 2247 990 2285 XIV
1011 2253 1043 2294 8,
1065 2252 1110 2285 38
1129 2249 1142 2295 ΙΙ
1161 2252 1181 2285 5
1207 2249 1365 2296 Ennius]
1393 2261 1476 2286 ann,
1501 2262 1536 2285 v.
1563 2254 1632 2286 468
1660 2251 1768 2288 Vahl.
1795 2253 1807 2299 Η

96 2300 140 2332 14
164 2308 281 2333 MANVS
307 2296 487 2344 artifices]
514 2296 560 2334 cf.
604 2297 672 2333 sld.
699 2309 750 2334 or.
777 2297 829 2332 XI
856 2300 888 2343 1,
915 2300 959 2332 66
987 2298 999 2343 ΙΙ
1033 2300 1075 2333 17
1101 2296 1301 2344 Homerus]
1327 2297 1369 2333 ΙΙ.
1397 2297 1450 2332 ΠΙ
1475 2301 1518 2334 62

1847 1019 1890 1050 10

1845 1377 1887 1409 15

1838 1749 1883 1781 20

1834 2119 1880 2151 25

189 2431 207 2461 1
235 2426 528 2472 speculationem
554 2426 596 2463 F
610 2430 622 2474 ΙΙ
650 2439 795 2464 romore
821 2428 861 2463 F
883 2429 895 2475 ΙΙ
922 2428 1185 2465 aestimatione
1212 2429 1257 2465 T:
1287 2429 1529 2465 extimatione
1555 2429 1596 2464 F
1630 2431 1804 2466 extenua·
1835 2474 1837 2477 Ι

90 2474 193 2510 tione
215 2474 422 2510 Maevicius
440 2477 452 2521 ΙΙ
471 2479 492 2510 2
519 2476 685 2522 eonpleti
705 2477 739 2512 G
757 2478 769 2523 ss
787 2476 945 2511 navibus
965 2475 1121 2512 Daniel:
1148 2477 1318 2513 manibus
1339 2477 1379 2512 F
1395 2478 1407 2524 ΙΙ
1426 2481 1446 2512 3
1475 2477 1605 2513 orante
1632 2477 1673 2512 F
1687 2479 1699 2524 ΙΙ
1719 2489 1803 2514 con-

91 2522 276 2557 crematus
296 2522 343 2557 F.
376 2526 529 2559 ceterum
553 2523 715 2569 legimus
734 2525 789 2560 vel
807 2525 879 2559 tale
897 2524 988 2569 quid
1007 2525 1232 2560 audiendum
1251 2526 1262 2571 ΙΙ
1281 2528 1303 2560 4
1323 2525 1511 2571 naupegia
1531 2524 1572 2559 F
1586 2526 1598 2570 ΙΙ
1616 2525 1708 2561 item
1727 2526 1768 2561 F
1789 2527 1800 2574 ΙΙ

91 2573 112 2604 5
139 2569 325 2604 extrinum
346 2569 387 2605 F
401 2571 413 2616 ΙΙ
433 2574 453 2605 6
479 2571 666 2617 naupegia
691 2571 757 2607 sed
782 2571 910 2607 neoria
930 2571 970 2607 F
985 2573 997 2618 ss
1017 2575 1037 2608 7
1063 2573 1113 2607 ad
1131 2584 1311 2608 commum
1330 2583 1357 2608 3.
1377 2584 1409 2609 v.
1435 2572 1586 2618 proprie
1609 2573 1801 2610 nauticum

91 2617 256 2653 uerbum.
294 2628 425 2662 graece
453 2617 551 2653 enim
575 2630 690 2654 mem
698 2631 748 2654 uA
767 2619 904 2654 dicitur
926 2619 959 2654 T
976 2620 987 2666 ΙΙ
1006 2618 1202 2655 naueicum
1227 2619 1262 2656 G
1279 2621 1291 2667 ΙΙ
1311 2623 1332 2655 8
1351 2619 1510 2665 plerima
1530 2620 1570 2655 F
1585 2621 1597 2665 ΙΙ
1616 2621 1666 2656 ad
1684 2632 1716 2658 v.
1731 2626 1801 2658 327

90 2664 210 2700 omnis
230 2663 269 2699 id
289 2666 347 2700 est
365 2675 410 2700 ea
429 2676 524 2709 quae
545 2665 716 2701 sufficiat.
755 2668 794 2702 et
814 2667 949 2702 iterum
976 2667 1154 2703 extenuat
1178 2669 1221 2703 ut
1246 2667 1325 2703 sine
1351 2678 1488 2714 magno
1514 2668 1666 2712 negotio
1691 2680 1801 2714 posse

89 2711 169 2747 fieri
201 2711 373 2747 uideatur
400 2711 433 2746 Τ
448 2713 460 2757 ΙΙ
493 2716 514 2747 9
541 2724 680 2759 propea
705 2713 754 2757 F,
780 2725 871 2750 corr.
898 2714 1037 2750 Daniel
1054 2716 1067 2760 ss
1090 2714 1243 2762 iterum]
1270 2716 1316 2759 cf.
1344 2716 1393 2751 ad
1416 2726 1448 2750 v.
1472 2718 1541 2750 319
1567 2716 1580 2759 ΙΙ
1604 2716 1797 2763 extenuat]

89 2760 147 2794 est
172 2761 299 2795 autem
323 2758 498 2794 materies
519 2761 557 2795 et
574 2761 732 2796 materia
750 2761 913 2806 lignum,
938 2761 1036 2797 unde
1057 2760 1183 2798 Cicero
1203 2763 1242 2798 in
1261 2762 1394 2799 officiis
1413 2761 1480 2807 (ΙΙΙ
1496 2765 1551 2806 13,
1566 2763 1624 2806 54)
1653 2762 1799 2798 ‘domus

89 2807 186 2842 male
212 2806 426 2843 materiata’
456 2807 541 2842 add.
563 2807 765 2844 Fabricius
782 2810 795 2854 ΙΙ
814 2810 855 2844 ut
880 2819 945 2844 om.
968 2808 1008 2843 F
1023 2810 1036 2854 ΙΙ
1053 2821 1161 2855 posse
1188 2821 1254 2846 om.
1276 2810 1316 2845 F
1332 2811 1344 2857 ΙΙ
1375 2813 1419 2845 10
1443 2810 1493 2846 ad
1518 2820 1692 2845 nux-:nme
1717 2822 1744 2847 3.
1764 2823 1796 2847 v.

89 2854 251 2899 antique.
290 2866 378 2890 nam
403 2853 600 2890 materiam
626 2855 701 2890 diei
726 2856 860 2891 debere
886 2855 997 2891 multi
1020 2857 1210 2893 testantur
1238 2857 1271 2892 T
1287 2859 1300 2903 11
1325 2856 1483 2893 materia
1510 2857 1543 2892 G
1561 2858 1574 2902 ΙΙ
1604 2861 1646 2892 13
1675 2857 1723 2893 sit
1748 2858 1797 2902 F,

88 2912 178 2937 corr.
199 2901 338 2937 Daniel
355 2902 368 2946 ΙΙ
388 2905 433 2936 14
458 2903 508 2937 ad
531 2914 647 2938 mnvs
672 2913 700 2937 s.
719 2914 751 2938 v.
779 2903 939 2939 artifices
961 2903 995 2938 T
1010 2904 1023 2950 ΙΙ
1041 2906 1090 2941 ad
1114 2916 1270 2941 nAvAmA
1294 2919 1330 2949 1),
1355 2915 1382 2941 3.
1403 2916 1434 2941 υ.
1461 2908 1495 2940 et
1518 2905 1561 2940 in
1585 2916 1699 2952 marq.
1726 2906 1798 2942 hoc

86 2949 171 2985 Ioco
196 2950 238 2984 ut
263 2949 495 2994 quorundam
520 2950 578 2985 est
603 2950 788 2986 sententia
812 2950 916 2996 ipsae
941 2961 999 2986 res
1026 2952 1179 2988 nauales
1204 2951 1279 2988 diei
1303 2953 1462 2998 possunt
1486 2952 1525 2987 id
1552 2954 1609 2988 est
1631 2953 1695 2998 pix
1714 2964 1798 2991 cera

105 3004 125 3022 V

86 3031 178 3066 fines
204 3032 243 3066 et
266 3031 341 3067 alia
365 3031 475 3067 huius
500 3031 603 3068 modi
625 3032 659 3067 T
674 3033 687 3078 ΙΙ
708 3036 751 3068 15
775 3033 919 3069 nauilia
938 3033 1011 3070 As
1026 3035 1038 3081 ΙΙ
1059 3038 1103 3071 16
1128 3037 1213 3071 sunt
1233 3063 1242 3070 .
1257 3064 1264 3072 .
1281 3062 1289 3071 .
1310 3046 1424 3071 naves
1450 3045 1517 3072 om.
1538 3036 1574 3071 R
1592 3037 1604 3083 ΙΙ
1626 3040 1668 3072 18
1688 3049 1796 3072 Ninon

86 3078 160 3114 AS
195 3091 300 3114 imon
324 3079 362 3115 R
398 3079 489 3115 umsi
515 3080 557 3115 H
592 3079 707 3116 union
732 3080 783 3115 M
814 3093 925 3117 namon
950 3081 991 3116 F
1005 3083 1018 3127 ΙΙ
1036 3082 1171 3118 nouale
1198 3082 1239 3117 F
1254 3084 1266 3129 ΙΙ
1290 3086 1334 3123 21
1362 3083 1412 3119 ad
1436 3095 1596 3118 Tannum
1620 3094 1647 3119 3.
1668 3095 1699 3119 v.
1726 3083 1795 3118 hoe

87 3125 187 3170 quod
213 3124 307 3162 dicit
331 3127 476 3163 talenta
501 3129 539 3163 et
563 3127 611 3163 ad
637 3139 767 3163 aurum
794 3129 832 3164 et
857 3128 904 3164 ad
931 3128 1021 3165 ebur
1045 3129 1200 3176 respicit
1226 3130 1314 3174 quia
1333 3131 1371 3165 et
1389 3129 1481 3166 ebur
1500 3130 1687 3176 dipondiis
1706 3141 1795 3165 uen-

87 3172 189 3208 ditur
212 3173 244 3207 T
259 3175 272 3219 ΙΙ
290 3178 335 3210 22
361 3176 498 3220 pontus
519 3175 552 3210 G
570 3176 582 3220 ΙΙ
602 3179 648 3210 24
673 3174 773 3210 enim
793 3185 859 3211 om.
873 3175 948 3212 AS
964 3177 976 3223 ΙΙ
995 3177 1152 3212 currulis
1172 3177 1208 3212 R
1234 3177 1373 3213 euluris
1393 3177 1433 3212 F
1448 3179 1460 3223 ΙΙ
1479 3182 1525 3213 25
1550 3179 1593 3213 ut
1617 3177 1792 3224 aliarum]

86 3219 260 3256 italarum
287 3221 358 3257 AS
365 3248 376 3267 ,
402 3223 445 3257 ut
469 3233 535 3259 om.
556 3222 597 3258 F
613 3224 624 3269 ΙΙ
643 3232 716 3258 non
742 3233 808 3258 om,
831 3222 868 3258 R
