2092 3614
240 322 247 326 ,
300 275 388 317 446
1082 276 1240 312 snssvn

234 1040 276 1071 10

230 1398 271 1430 15

228 1759 274 1790 20

302 386 458 427 dixerit
490 385 725 441 ‘gnatoque
751 385 980 441 patrique’,
1011 401 1100 429 non
1126 389 1192 428 est
1217 387 1497 428 contrarium:
1529 402 1630 428 nam
1655 386 1846 429 ‘liberos'
1879 389 2008 430 etiam

303 473 434 499 unum
463 457 645 499 dicimus
671 457 828 512 filium,
855 458 961 500 adeo
989 460 1036 500 ut
1056 457 1282 499 Terentius
1309 459 1441 500 etiam
1467 459 1599 499 filiam
1627 457 1816 499 ‘liberos’
1843 459 2011 511 dixerit,

302 532 349 570 ut
381 529 426 570 in
457 528 629 584 Hecyra
661 528 732 582 <II
769 531 805 585 1,
840 530 922 583 15>
956 530 1041 584 qui
1073 529 1216 570 illum
1251 529 1459 585 dignum
1499 529 1855 584 decreverunt,
1893 545 2010 572 suos

303 600 382 641 cui
413 601 610 643 liberos
642 601 1048 656 committerent,
1078 601 1152 642 ubi
1180 604 1303 656 pater
1330 601 1381 642 de
1406 601 1497 642 filio
1525 601 1577 642 ad
1604 615 1780 642 uxorem
1807 601 2010 656 loquitur.

305 686 408 728 ergo
441 672 685 726 usurpavit,
715 671 948 727 respiciens
981 672 1035 713 ad
1068 671 1272 727 ‘liber-os',
1303 674 1352 713 ut
1384 674 1540 727 gnatos
1572 672 1623 713 de
1657 686 1739 714 uno
1771 672 1943 714 diceret.

304 754 575 786 COMMERCIA
617 743 933 786 vicissitudines
978 745 1020 785 et
1058 743 1310 799 ignoscendi
1351 743 1622 799 facultatem3
1662 743 1722 785 vel
1761 744 2012 797 captivorum

301 815 624 868 redemptionem.

421 886 520 929 533.
570 903 645 929 IAM
676 904 759 930 TVM
785 903 991 929 PALLANTE
1019 904 1218 929 PEREMPTO
1253 901 1333 941 pro
1377 885 1485 928 ‘iam
1522 889 1608 928 tum
1651 900 1742 928 cum
1779 886 2013 929 Pallantem

299 957 502 1012 peremit'.

421 1030 520 1072 534.
569 1048 645 1074 Hoc
667 1045 804 1073 PATRIS
828 1047 1025 1073 ANGJJJSAE
1047 1046 1179 1073 MANES
1217 1031 1323 1072 idem
1360 1030 1508 1072 sentire
1544 1033 1582 1072 et
1610 1032 1773 1083 patrem
1805 1032 1842 1071 et
1876 1030 2013 1083 filium

301 1102 417 1157 dicit,
447 1103 569 1156 quasi
598 1101 671 1144 hoc
701 1102 955 1144 commodum
985 1102 1043 1144 ad
1071 1102 1164 1144 illos
1191 1102 1404 1155 pertineat.

422 1174 521 1216 537.
572 1185 663 1215 NEC
701 1184 889 1216 PROCVL
928 1180 1236 1216 HAEMONIDES
1280 1173 1362 1215 hoc
1399 1187 1557 1214 nomen
1599 1173 1700 1214 licet
1739 1172 1879 1227 possit
1920 1186 2012 1214 esse

303 1245 653 1301 patronymicon,
686 1245 788 1300 quia
814 1246 860 1287 in
887 1244 992 1287 ‘des'
1021 1245 1126 1300 exit,
1158 1247 1207 1286 ut
1232 1244 1422 1286 dicamus
1448 1243 1682 1286 Haemonis
1709 1244 1842 1298 filius,
1867 1246 2013 1285 tamen

303 1317 457 1358 melius
491 1319 558 1358 est
586 1319 633 1358 ut
658 1316 702 1358 id
728 1317 952 1372 proprium
979 1331 1071 1359 esse
1099 1316 1309 1372 dicamus,
1341 1317 1442 1372 quia
1468 1331 1680 1371 nusquam
1708 1314 1823 1357 aliud
1854 1329 2011 1356 nomen

302 1389 392 1430 eius
425 1390 499 1430 aut
531 1389 817 1443 praemissum
850 1390 917 1431 est
949 1391 1025 1431 aut
1056 1390 1270 1430 secutum:
1302 1402 1406 1444 ergo
1440 1387 1579 1429 simile
1610 1388 1677 1429 est
1692 1385 2010 1442 patronymico,

302 1462 351 1502 ut
382 1461 441 1503 sit
474 1459 797 1503 ‘Haemonides'
831 1461 940 1503 sieut
971 1460 1256 1515 Thucydides.

419 1531 518 1575 538.
569 1543 743 1574 INFVLA
787 1531 921 1574 fascia
965 1532 1011 1574 in
1054 1531 1229 1574 modum
1274 1530 1553 1586 diadematis,
1594 1545 1619 1572 a
1656 1544 1741 1584 qua
1778 1529 1911 1571 vittae
1956 1529 2010 1570 ab

301 1606 481 1659 utraque
514 1605 637 1659 parte
670 1603 929 1658 dependent:
968 1618 1078 1659 quae
1115 1606 1367 1658 plerumque
1399 1603 1489 1644 lata
1521 1604 1604 1657 est,
1641 1602 1892 1657 plerumque
1923 1602 2010 1642 tor-

300 1675 392 1718 tilis
426 1675 478 1718 de
510 1675 611 1717 albo
644 1677 687 1717 et
718 1689 857 1718 cocco.

421 1746 519 1790 539.
570 1758 831 1790 INSIGNIBVS
862 1758 1004 1790 ARMIS
1039 1746 1179 1802 Asper
1218 1747 1278 1789 sic
1315 1746 1426 1803 legit
1463 1749 1506 1788 et
1542 1745 1680 1787 utitur
1713 1744 1911 1788 Sallustii
1942 1759 2010 1786 ex-

301 1819 462 1875 emplo,
499 1819 573 1874 qui
606 1819 668 1861 ait
699 1834 826 1874 equo
859 1821 1012 1874 atque
1045 1819 1201 1861 armis
1239 1817 1558 1875 insignibus:
1599 1817 1766 1860 Probus
1797 1831 1899 1859 vero
1931 1815 2009 1858 ‘in-

301 1890 497 1947 signibus
536 1889 663 1933 albis'
706 1890 811 1933 dicit
848 1890 1094 1946 legendum,
1137 1893 1187 1932 ut
1227 1892 1366 1932 vestes
1410 1889 1533 1931 albas
1576 1888 1858 1944 accipiamus,
1901 1901 2010 1943 quae

303 1964 405 2004 sunt
435 1962 732 2005 sacerdotibus
766 1976 1000 2018 congruae,
1033 1962 1144 2005 sicut
1177 1960 1342 2004 Statius
1376 1961 1425 2003 de
1458 1959 1726 2015 Amphiarao
1759 1959 1874 2002 dicit.

421 2033 521 2076 540.
570 2050 667 2077 Amr
695 2044 851 2076 CAMPO
883 2034 1112 2088 insequitur
1142 2048 1220 2089 per
1251 2047 1462 2088 campum.
1834 2088 1837 2089 ⁷

422 2106 521 2148 541.
571 2117 787 2148 IMMOLAT
828 2106 952 2161 quasi
989 2105 1229 2160 victimam,
1266 2107 1315 2147 ut
1352 2105 1424 2146 ille
1462 2105 1759 2146 consueverat:
1796 2118 1897 2145 nam
1929 2102 2012 2144 hoc

303 2177 438 2220 verbo
472 2177 526 2219 ad
558 2177 793 2220 sacerdotis
826 2191 984 2219 nomen
1017 2176 1188 2219 adlusit.
1249 2190 1348 2219 sane
1381 2176 1593 2218 immolari
1622 2175 1791 2230 proprie
1820 2175 2012 2217 dicuntur

302 2249 471 2300 hostiae,
509 2262 593 2292 non
629 2263 722 2291 cum
758 2249 1000 2300 caeduntur,
1036 2249 1108 2291 sed
1142 2262 1233 2290 cum
1270 2248 1479 2301 accipiunt
1507 2247 1660 2289 molam
1689 2246 1867 2289 salsam:
1912 2243 2012 2288 Cato

303 2321 350 2362 in
382 2320 609 2374 oriyinibus
640 2321 702 2362 ita
732 2321 794 2363 ait
822 2320 1009 2363 Lavini
1046 2320 1183 2362 boves
1219 2319 1516 2373 immolatos,
1547 2319 1695 2372 prius
1731 2330 1876 2371 quam
1906 2330 2010 2358 cae-

402 2465 443 2496 17
470 2460 589 2497 fascia
616 2490 623 2497 .
645 2491 654 2498 .
676 2489 684 2497 .
711 2463 837 2507 cocco]
871 2472 985 2497 exscr.
1011 2460 1097 2496 Isid.
1125 2471 1175 2496 or.
1202 2459 1289 2494 XIX
1314 2464 1370 2504 30,
1397 2463 1419 2494 4
1455 2460 1468 2504 ΙΙ
1504 2462 1549 2494 20
1576 2457 1791 2504 Sallustius]
1825 2456 1912 2492 hist.
1939 2456 2009 2492 inc.

304 2511 350 2543 85
370 2507 415 2542 D.
442 2512 487 2544 53
506 2508 568 2544 Kr.
588 2510 665 2554 1125
692 2508 800 2554 quasi
820 2536 827 2543 .
849 2537 856 2545 .
880 2535 887 2542 .
909 2507 1064 2554 adlusit]
1091 2519 1207 2542 exser.
1232 2506 1335 2542 Luct.
1363 2507 1462 2542 Plae.
1489 2506 1537 2541 ad
1563 2506 1657 2541 Stat.
1683 2505 1799 2542 Theb.
1817 2505 1885 2540 VII
1906 2509 1974 2540 710
2000 2504 2012 2551 ΙΙ

304 2560 349 2591 27
377 2553 469 2591 Cato
493 2555 532 2590 in
558 2555 782 2602 originibus]
809 2555 843 2590 11
868 2555 1001 2601 fragm.
1029 2559 1073 2590 27
1100 2555 1206 2599 Iord.‚
1234 2558 1278 2590 55
1303 2554 1423 2589 Peter.

400 2693 421 2723 3
448 2689 490 2723 ut
515 2691 600 2723 ante
625 2686 663 2721 in
689 2697 755 2722 om.
782 2686 823 2721 F
837 2687 850 2731 ΙΙ
879 2685 1030 2721 haecira
1055 2686 1129 2721 AS
1165 2686 1302 2731 echyra
1325 2685 1363 2720 R
1400 2684 1526 2720 echira
1550 2684 1586 2719 L
1623 2694 1732 2728 eeyra
1756 2683 1924 2727 HMFn
1949 2682 2011 2717 de-

308 2737 502 2771 creuerant
525 2735 602 2771 AS
638 2733 871 2770 decreuerint
897 2733 937 2768 F
958 2735 969 2780 Η
994 2737 1016 2768 4
1041 2733 1197 2769 libertos
1224 2732 1484 2768 commiterent
1507 2732 1552 2767 H
1566 2733 1579 2777 ΙΙ
1597 2731 1675 2766 filia
1699 2731 1922 2777 exemplaria
1945 2730 2011 2765 im-

300 2795 431 2829 pressa
451 2784 628 2828 pleraque
651 2783 664 2828 ΙΙ
689 2786 710 2817 5
735 2782 778 2817 ut
802 2781 953 2827 gnatos]
983 2782 1115 2826 gnatos
1139 2781 1212 2816 AS
1237 2782 1295 2826 (ut
1318 2782 1452 2826 gnatos
1478 2793 1502 2814 a
1539 2791 1623 2814 cum
1649 2780 1783 2824 gnatos
1809 2779 1839 2824 s)
1876 2778 2012 2830 gnatos

307 2844 391 2866 cum
416 2831 465 2865 M
479 2832 492 2876 11
520 2835 540 2865 6
567 2841 773 2868 commum-m
797 2828 934 2863 RLM
946 2830 959 2873 ΙΙ
983 2830 1088 2864 schol.
1116 2830 1165 2864 ad
1191 2841 1393 2863 commanem
1417 2828 1498 2863 hab.
1528 2827 1562 2861 T
1577 2828 1590 2872 ΙΙ
1608 2825 1894 2870 vicissitudines]
1921 2824 2011 2859 belh

306 2879 391 2914 add.
420 2878 454 2912 T
469 2879 481 2924 ΙΙ
513 2880 551 2913 et
575 2888 641 2913 om.
668 2877 709 2911 F
724 2878 736 2921 ΙΙ
766 2876 986 2912 facultatem
1012 2876 1228 2922 ignoscendi
1253 2876 1293 2911 F
1309 2877 1320 2921 ΙΙ
1350 2876 1427 2921 vel]
1455 2874 1534 2910 sine
1559 2873 1672 2910 etiam
1703 2873 1737 2908 T
1755 2874 1768 2917 ΙΙ
1799 2876 1841 2907 12
1869 2882 1948 2906 esse
1974 2873 2013 2906 et

306 2925 590 2971 patronymicon
610 2925 638 2958 L
657 2926 669 2970 ΙΙ
690 2929 734 2959 14
753 2924 807 2970 id]
829 2924 877 2959 ad
890 2923 962 2959 AS
979 2926 992 2968 u
1009 2935 1211 2968 numquam
1225 2924 1275 2958 Μ
1278 2923 1316 2958 F
1333 2925 1344 2970 ΙΙ
1366 2927 1408 2957 15
1422 2921 1642 2967 permissum
1657 2920 1698 2955 F
1712 2922 1724 2966 ΙΙ
1745 2924 1788 2955 16
1801 2918 2011 2954 tuehidides

308 2973 381 3008 AS
389 2973 424 3007 L
459 2971 699 3007 thuehidides
724 2971 761 3006 R
798 2971 1024 3016 heficydides
1050 2971 1095 3005 H
1127 2970 1348 3016 tuchydides
1370 2971 1418 3005 M
1453 2969 1600 3014 tydides
1628 2967 1667 3002 F
1681 2969 1694 3011 ΙΙ
1714 2970 1758 3002 18
1784 2966 1896 3012 quae]
1923 2964 2013 3011 quia

308 3020 350 3056 F
363 3022 376 3066 ΙΙ
394 3024 440 3055 20
465 3020 597 3066 legunt
616 3019 656 3054 F
671 3020 684 3066 ΙΙ
703 3023 747 3054 22
774 3019 882 3054 albus
907 3018 944 3053 R
962 3020 974 3064 ΙΙ
993 3017 1098 3054 albas
1124 3020 1247 3054 uestes
1268 3019 1308 3053 F
1322 3019 1335 3063 ΙΙ
1354 3021 1399 3053 23
1426 3018 1512 3051 sunt
1536 3026 1601 3051 om.
1623 3014 1663 3050 F
1678 3015 1691 3061 ΙΙ
1711 3025 1912 3059 congruum
1938 3013 1978 3048 F
1999 3013 2012 3060 Η

307 3115 401 3150 dicit
426 3115 472 3150 de
498 3114 715 3159 amphiarao
741 3114 781 3148 F
809 3115 821 3160 ΙΙ
853 3123 934 3149 eam
959 3112 1096 3147 fiaraco
1123 3112 1159 3147 R
1196 3113 1370 3148 amfiarco
1395 3111 1441 3146 H
1467 3112 1479 3155 ΙΙ
1517 3109 1622 3164 dicit]
1650 3108 1807 3164 albaque
1833 3080 2010 3154 gurgitii-gase

307 3162 525 3208 interplicat
554 3161 675 3197 infula
709 3161 840 3196 cristas
874 3161 997 3206 (Theb.
1026 3160 1075 3194 IV
1101 3162 1185 3203 218)
1220 3160 1304 3196 add.
1331 3160 1381 3196 D.
1418 3158 1599 3193 Bartlnus
1630 3157 1796 3192 Servium-
1827 3157 1870 3192 de
1904 3154 2008 3191 Theb.

307 3210 358 3244 VI
384 3214 454 3245 330
466 3221 506 3255 sq
544 3210 716 3256 coyitassc
741 3210 832 3244 dz'cit
856 3210 868 3255 ΙΙ
897 3212 942 3243 24
967 3207 1016 3243 ad
1040 3218 1126 3242 Aerr
1151 3220 1178 3243 s.
1205 3218 1236 3242 v.
1262 3206 1469 3251 insequitur
1494 3216 1559 3250 per
1585 3215 1755 3249 campum
1786 3204 1817 3238 T
1834 3205 1845 3250 ΙΙ
1870 3206 1913 3238 27
1941 3214 2011 3238 eon

308 3257 490 3293 ceduntur
514 3257 548 3293 G
571 3259 585 3303 u
614 3260 660 3293 28
684 3255 803 3292 lauini
829 3256 870 3291 F
903 3254 1039 3291 Lanius
1064 3255 1203 3290 Daniel
1227 3255 1238 3300 ΙΙ
1268 3253 1483 3290 immolatus
1509 3252 1559 3296 F,
1583 3263 1674 3288 corr.
1703 3251 1910 3287 Masvicius
