2092 3614
451 257 456 260 ’
516 269 667 305 comm.
694 269 747 304 lN
772 268 916 305 vanc.
942 267 1055 304 AEN.
1081 269 1168 304 vm
1193 273 1394 307 428-—435.
1709 270 1798 313 265

85 383 218 435 vento,
260 379 458 422 adserunt
497 378 734 436 attributas,
775 371 885 434 quod
918 378 992 422 hoc
1029 379 1111 422 loco
1149 367 1374 422 ostendunt.
1435 395 1536 423 nam
1573 395 1665 424 eum
1703 381 1804 424 dicit

87 450 180 494 ‘tris
211 450 354 494 imbris
387 451 482 494 torti
505 450 677 504 radios',
708 450 848 494 Iovem
877 451 1131 506 siqnijicasse
1160 451 1429 506 intelleqitur;
1461 467 1553 495 cum
1583 467 1675 496 vero
1708 452 1802 496 ‘tris

86 522 207 566 nubis
231 521 434 578 aquosae’,
465 522 671 566 Iunonem
701 522 917 578 intelleyit;
949 536 1041 565 cum
1072 525 1208 565 autem
1235 521 1377 566 ‘rutili
1402 524 1478 566 tris
1502 524 1646 580 iqnis',
1676 525 1799 567 Mar-

88 598 165 638 tem
173 608 187 646 ;
225 598 263 637 et
291 594 350 637 sic
379 594 582 637 adiectum
614 593 751 638 ‘alitis
782 593 966 647 Austri',
1002 594 1153 637 scilicet
1181 595 1302 637 venti.
1363 595 1442 638 alii
1471 596 1558 638 ideo
1592 599 1802 639 ternorum

86 667 302 710 radiorum
337 667 480 710 volunt
514 668 758 710 mentionem
797 668 973 722 factam,
1015 668 1116 722 quia
1152 667 1313 720 fulmen
1354 667 1568 710 trisulcum
1604 671 1684 710 est:
1728 671 1804 710 aut

86 739 196 781 enim
222 739 396 782 terebrat
419 743 495 782 aut
517 740 697 781 incendit
720 742 796 782 aut
818 739 1042 792 †disclina.
1069 742 1107 781 et
1125 738 1285 782 ‘imbris
1309 740 1406 782 torti
1429 738 1585 782 radios'
1604 753 1686 793 pro
1707 739 1803 781 ‘tor-

88 814 148 853 tos
184 809 360 863 radios',
401 809 538 853 ‘torti'
578 813 714 853 autem
749 810 1000 854 vehementis.
1060 814 1099 853 et
1135 810 1208 853 hoc
1247 811 1362 853 verbo
1401 811 1634 865 frequenter
1669 811 1804 853 utitur

86 884 270 937 quotiens
299 883 384 925 vim
413 883 600 936 aliquam
628 882 715 925 vult
738 882 981 937 exprimere,
1012 885 1059 925 ut
1082 881 1174 937 <IX
1195 882 1311 938 668>
1345 885 1538 937 torquet
1566 896 1804 937 aquosam

86 954 287 997 hiemem
317 957 356 996 et
387 953 478 1009 <IV
504 953 621 1009 208>
653 968 717 996 an
748 954 1030 1011 tehyenitor,
1061 968 1165 997 cum
1193 954 1416 1008 fulmina
1446 958 1653 1009 torques.

205 1026 305 1070 431.
355 1037 601 1069 FvLGonns
641 1036 766 1068 NVNC
805 1037 1082 1069 'rnnmmcos
1122 1041 1228 1082 quas
1268 1026 1483 1082 fulgetras
1522 1026 1681 1068 dicunt.

88 1109 387 1149 som'rVMQvn
411 1109 670 1148 METVMQVE
700 1112 783 1140 non
808 1111 927 1152 quem
950 1097 1143 1153 habeant,
1173 1099 1244 1141 sed
1272 1112 1390 1152 quem
1414 1098 1611 1152 inferant.
1660 1101 1699 1140 et
1727 1113 1805 1153 per

89 1169 279 1212 sonitum
310 1171 505 1213 tonitrua
537 1169 744 1225 ostendit,
781 1184 859 1225 per
896 1171 1060 1212 metum
1098 1169 1326 1226 fulgetras.
1389 1172 1433 1212 et
1462 1169 1578 1212 hunc
1610 1170 1803 1212 ordinem

89 1241 149 1283 sic
186 1241 353 1297 posuit,
393 1243 444 1284 ut
480 1241 728 1284 hominibus
766 1241 954 1284 videtur:
995 1256 1096 1284 nam
1137 1256 1183 1283 re
1224 1256 1326 1284 vera
1362 1241 1481 1297 prior
1518 1243 1586 1284 est
1623 1241 1804 1283 conlisio

88 1313 286 1368 nubium,
317 1313 430 1355 unde
462 1312 577 1369 ignis
607 1313 782 1356 emicat:
814 1328 893 1356 nos
921 1314 1066 1356 autem
1091 1308 1186 1356 ideo
1212 1314 1333 1369 prius
1359 1313 1571 1369 fulgetras
1596 1313 1803 1366 videmus,

89 1399 218 1440 quam
261 1384 455 1427 tonitrua
500 1383 746 1440 audiamus,
796 1385 895 1440 quia
938 1384 1128 1428 velocior
1172 1385 1414 1437 oculorum,
1462 1399 1591 1440 quam
1636 1384 1805 1428 aurium

91 1471 241 1499 sensus
274 1458 352 1499 est.

209 1527 308 1570 432.
358 1539 642 1580 SEQVAOIBVS
680 1528 1061 1585 persecutricibus:
1099 1529 1297 1583 quoniam
1333 1543 1471 1584 rapax
1508 1532 1666 1572 natura
1695 1529 1807 1584 iqnis

87 1604 155 1644 est.
217 1603 256 1643 et
279 1600 382 1642 'ordo
413 1603 472 1642 est
503 1600 690 1656 ‘irasque
719 1601 903 1656 flammis
932 1600 1206 1655 sequacibus'.

207 1672 306 1715 433.
357 1689 455 1715 evan
464 1690 595 1721 VMQVE
617 1690 762 1722 ROTASQ
771 1691 818 1717 Vr:
839 1687 947 1716 nova
970 1674 1138 1716 elocutio
1163 1673 1348 1717 ‘currum
1373 1678 1413 1717 et
1433 1677 1546 1717 rotas
1564 1673 1805 1717 instabant'.

88 1758 159 1786 nec
198 1758 272 1786 nos
312 1748 470 1787 moveat
507 1746 616 1799 quod
650 1746 696 1788 in
732 1746 849 1788 domo
889 1745 1065 1788 Vulcani
1093 1746 1234 1788 Marti
1277 1759 1424 1788 currus
1464 1746 1718 1799 fabricatur;
1763 1760 1806 1789 eo

88 1816 196 1858 enim
229 1815 390 1858 absente
417 1816 714 1869 fabricabatur.

207 1886 307 1930 435.
357 1898 629 1940 AEGIDAQVE
666 1900 973 1932 HORRIFERAM
1015 1890 1135 1946 aegis
1172 1891 1347 1946 proprie
1387 1892 1455 1933 est
1491 1891 1806 1933 munimentum

89 1959 277 2015 pectoris
311 1973 501 2015 aereum,
532 1960 698 2003 habens
730 1961 773 2002 in
807 1961 946 2003 medio
980 1960 1200 2017 Gorgonis
1233 1963 1380 2017 caput:
1419 1962 1534 2018 quod
1566 1962 1805 2005 munimen-

88 2033 182 2073 tum
214 2030 251 2073 si
283 2031 328 2073 in
359 2033 533 2086 pectore
570 2032 759 2075 numinis
797 2033 949 2088 fuerit,
989 2033 1109 2090 aegis
1142 2035 1337 2076 vocatur:
1379 2033 1416 2076 si
1447 2033 1493 2076 in
1523 2036 1698 2090 pectore
1729 2035 1806 2076 ho-

188 2164 206 2195 1
234 2161 432 2197 ettributas
453 2161 494 2196 F
508 2163 521 2207 ss
540 2162 638 2207 quod
664 2162 735 2198 hoc
761 2162 844 2198 loco
871 2162 1071 2199 ostendunt
1095 2173 1162 2198 om.
1180 2163 1214 2198 T
1230 2164 1243 2209 ΙΙ
1262 2163 1392 2199 dicunt
1410 2163 1451 2198 F
1466 2165 1478 2209 ss
1498 2168 1518 2199 3
1545 2163 1718 2209 intellegi
1739 2164 1779 2199 F
1795 2163 1807 2212 ΙΙ

90 2219 173 2243 cum
199 2210 324 2245 autem
350 2220 415 2244 om.
440 2209 474 2244 T
489 2211 501 2255 u
531 2214 553 2245 4
580 2211 618 2245 et
643 2209 696 2245 sic
722 2209 912 2245 adiectum
937 2221 1002 2246 om.
1029 2210 1063 2245 T
1076 2212 1088 2257 fl
1113 2211 1215 2246 alitis
1241 2212 1357 2247 austri
1384 2211 1531 2247 scilicet
1555 2212 1675 2259 uenti]
1704 2211 1806 2248 alitis

89 2256 175 2292 aliis
207 2255 330 2292 uentis
357 2256 398 2291 F
432 2257 534 2293 alitis
567 2258 684 2293 austri
715 2259 869 2293 uentum
896 2257 1014 2293 austri
1045 2257 1275 2304 significasse
1307 2259 1456 2295 uidetur
1484 2260 1518 2294 T
1561 2260 1663 2295 alitis
1689 2261 1806 2296 austri

90 2303 212 2340 ventis
246 2304 486 2341 Gommelinus
535 2305 637 2341 alitis
671 2305 788 2341 austri
813 2305 917 2342 venti
949 2306 1169 2342 Masvicius.
1215 2305 1362 2342 scilicet
1392 2319 1454 2354 eqo
1486 2308 1637 2352 addidi,
1674 2308 1714 2343 id
1749 2309 1807 2344 est

89 2351 192 2387 venti
224 2352 403 2388 Heinsius
439 2354 451 2398 ΙΙ
487 2352 572 2388 ideo
605 2364 670 2389 om.
702 2353 736 2388 T
757 2355 770 2399 ΙΙ
807 2357 827 2389 5
860 2353 1002 2390 factum
1034 2353 1074 2389 F
1106 2356 1119 2400 ΙΙ
1155 2354 1297 2390 fulmen
1327 2355 1562 2390 ffitrisulcum
1588 2355 1629 2390 F
1663 2354 1805 2400 (m'*tri-

91 2400 235 2435 sulcum
261 2400 413 2446 Daniel)
434 2401 445 2446 ΙΙ
470 2400 683 2436 trisulctum
712 2401 745 2435 T
768 2402 781 2447 ΙΙ
812 2405 832 2436 6
858 2401 1026 2437 terebrat
1049 2403 1181 2447 scripsi
1208 2404 1268 2448 (cf.
1291 2402 1426 2438 Festus
1449 2414 1477 2439 s.
1504 2415 1536 2439 υ.
1567 2403 1804 2448 ‘trisulcum',

90 2446 189 2483 Serv.
216 2447 267 2482 ad
291 2447 383 2483 Aen.
410 2447 445 2483 II
471 2449 575 2493 649):
608 2449 763 2494 gerebat
789 2448 830 2484 F
863 2449 970 2484 afflat
994 2449 1200 2486 Masvicius
1235 2451 1248 2496 fl
1285 2452 1351 2486 aut
1382 2449 1552 2486 incendit
1578 2451 1804 2487 Masvicius:

89 2494 299 2529 incenditur
325 2494 365 2529 F
386 2496 398 2540 ΙΙ
428 2496 495 2531 aut
519 2495 678 2532 disclina
703 2496 756 2532 F:
785 2497 850 2531 aut
875 2496 1036 2543 dissipat
1062 2498 1281 2534 Masvicius.
1319 2498 1424 2534 afflat
1448 2499 1676 2535 intercidisse
1702 2498 1806 2535 Festi

90 2545 124 2577 et
149 2541 270 2577 Servii
299 2543 514 2579 testimoniis
543 2545 647 2579 modo
679 2545 960 2580 commemoratis
992 2546 1205 2582 ostenditur.
1245 2548 1291 2590 cf.
1318 2547 1427 2582 etiam
1461 2547 1511 2582 ad
1534 2557 1652 2593 qeory.
1680 2548 1696 2582 I
1723 2551 1803 2582 332.

92 2587 250 2624 disclina
274 2593 405 2636 natum
426 2591 571 2627 videtur
595 2602 639 2627 em
665 2590 874 2637 disciplina,
899 2593 1017 2628 uthis
1041 2594 1115 2637 fere
1139 2595 1275 2630 lacuna
1299 2595 1478 2639 eoeplenda
1503 2595 1552 2630 sit
1575 2596 1619 2630 ut
1643 2596 1806 2630 testatur

90 2636 333 2671 Etruscorum
364 2638 410 2672 de
442 2638 680 2684 fulguratura
710 2639 924 2685 disciplina.
967 2640 1012 2683 cf.
1041 2642 1090 2677 ad
1115 2641 1206 2676 Aen.
1234 2641 1250 2675 Ι
1276 2645 1331 2676 42.
1372 2642 1478 2677 afflat
1508 2642 1608 2677 enim
1640 2642 1806 2677 terebrat

92 2684 258 2719 incendit
282 2686 325 2719 ut
349 2684 405 2719 ait
424 2685 583 2721 Caecina
603 2686 648 2721 de
666 2686 825 2722 Etrusca
845 2686 1043 2732 disciplina
1063 2689 1154 2725 coni.
1177 2689 1224 2725 F.
1239 2689 1449 2725 Schoellius.
1475 2693 1629 2725 ceterum
1649 2701 1721 2735 pro
1741 2692 1807 2725 aut

92 2733 192 2769 enim
213 2761 220 2768 .
236 2761 244 2768 .
261 2761 268 2768 .
291 2732 451 2768 disclina
468 2733 555 2768 haee
573 2734 715 2770 exhibet
735 2734 769 2768 T
802 2734 930 2780 fulgus
957 2736 1057 2780 quod
1076 2736 1203 2782 tangit
1219 2736 1348 2782 fulgur
1367 2737 1467 2782 quod
1485 2737 1653 2774 incendit
1672 2739 1710 2772 et
1728 2737 1806 2773 urit

90 2779 231 2815 fulmen
258 2779 358 2825 quod
385 2782 520 2816 cuneat
543 2781 583 2815 id
609 2783 665 2817 est
689 2781 798 2816 findit
822 2783 834 2828 ΙΙ
860 2786 882 2818 ³7
909 2782 1142 2819 vehementis
1166 2785 1316 2831 scripsi:
1343 2785 1542 2821 ehimentis
1569 2785 1609 2820 F
1644 2786 1804 2821 elemen-

88 2826 137 2861 tis
162 2827 301 2863 Daniel
337 2829 348 2874 ΙΙ
388 2832 431 2862 10
456 2840 659 2864 rssnmmcos
691 2840 758 2864 om.
785 2830 873 2865 libri
902 2833 1047 2874 praeter
1074 2832 1139 2875 M,
1171 2833 1235 2877 qui
1258 2845 1287 2868 r.
1314 2833 1421 2868 habet
1456 2834 1468 2878 ΙΙ
1506 2833 1614 2879 quas]
1650 2844 1746 2878 quae
1770 2833 1806 2868 L

89 2875 195 2918 (quas
222 2876 247 2919 l)
273 2886 366 2920 quos
395 2876 444 2910 M
459 2877 471 2921 ΙΙ
490 2876 640 2921 fulgora
659 2876 748 2911 LH
771 2877 967 2923 (fulgetras
993 2879 1020 2923 l)
1058 2878 1258 2925 fulgestras
1285 2879 1327 2915 F
1358 2879 1525 2925 fulgoras
1550 2891 1586 2915 m
1604 2881 1616 2927 ss
1637 2885 1681 2915 12
1708 2881 1804 2916 ordi-

88 2932 174 2956 nem
200 2934 276 2957 non
301 2922 354 2958 sic
376 2924 434 2959 M.
459 2924 520 2959 sed
543 2925 700 2968 pertinet
724 2925 810 2960 haec
834 2925 1026 2962 adnotatio
1051 2938 1125 2962 non
1151 2928 1201 2963 ad
1226 2926 1462 2972 sonitumque
1488 2929 1718 2973 metumque,
1743 2929 1805 2963 sed

89 2969 139 3004 ad
163 2969 327 3014 fulgores
351 2982 387 3004 n.
413 2973 441 3006 t.
468 2971 704 3016 sonitumque
722 2973 735 3017 ΙΙ
764 2975 808 3007 14
834 2972 971 3008 emicat
995 2974 1069 3009 AS
1078 2975 1142 3009 M:
1168 2976 1319 3010 emanat
1342 2976 1477 3021 reliqui
1495 2977 1507 3022 ΙΙ
1534 2979 1576 3011 15
1604 2976 1804 3011 audiantur

91 3016 140 3050 M
175 3018 347 3053 audimus
374 3017 414 3052 F
441 3019 453 3065 ΙΙ
491 3023 535 3054 16
567 3019 626 3055 est
650 3030 717 3055 om,
744 3019 785 3054 F
811 3020 824 3065 ΙΙ
863 3023 906 3056 17
932 3021 982 3057 ad
1007 3033 1223 3062 anVAcmvs
1247 3034 1348 3067 supr.
1374 3034 1464 3059 vers.
1490 3023 1803 3068 persecutricibus

90 3064 265 3106 quoniam
296 3066 433 3101 natura
462 3066 560 3112 ignis
593 3078 710 3112 rapax
742 3069 799 3103 est
827 3068 860 3102 T
895 3069 907 3115 ΙΙ
946 3072 988 3104 19
1016 3070 1066 3105 ad
1091 3081 1281 3105 INSTABANT
1305 3081 1406 3114 supr.
1432 3082 1522 3107 vers.
1548 3071 1692 3106 instant
1717 3071 1803 3115 (leqe

1827 674 1848 706 <51

1830 1033 1872 1064 10

1832 1391 1876 1423 15

1832 1752 1877 1784 20

88 3109 282 3158 instanter)
307 3112 530 3150 efficiebant.
574 3116 613 3150 et
638 3117 695 3150 est
718 3126 818 3150 noua
842 3115 1005 3152 elocutio
1034 3117 1068 3151 T
1092 3118 1103 3164 ΙΙ
1134 3129 1230 3153 noue
1256 3117 1397 3153 locutio
1425 3117 1466 3153 F
1486 3119 1499 3165 ΙΙ
1532 3130 1704 3153 curruum
1729 3117 1770 3152 F
1790 3116 1803 3163 ΙΙ
1831 3121 1836 3125 ”

89 3159 133 3191 22
159 3159 307 3204 proprie
334 3188 342 3195 .
364 3187 371 3195 .
393 3189 401 3197 .
428 3161 532 3207 aegis
557 3174 625 3197 om.
645 3162 729 3197 LH
748 3163 848 3207 (add.
869 3164 896 3209 l)
916 3165 929 3209 ΙΙ
947 3163 1207 3200 indumentum
1226 3164 1263 3200 R
1299 3165 1560 3201 nunimentum
1580 3166 1620 3200 F
1637 3166 1648 3211 ΙΙ
1668 3168 1713 3199 23
1740 3175 1801 3198 ae-

89 3215 170 3258 rum
199 3206 247 3240 M
271 3209 436 3250 (aereum
454 3211 504 3253 m)
530 3222 659 3245 uerum
680 3210 721 3246 F
736 3211 748 3257 ΙΙ
768 3214 813 3246 24
838 3212 1010 3258 uocatur]
1039 3212 1128 3256 quid
1154 3211 1203 3247 sit
1227 3212 1331 3258 aegis
1356 3214 1441 3249 add.
1464 3213 1499 3248 A
1527 3213 1607 3259 (del.
1630 3214 1679 3256 a).
1706 3211 1800 3251 idem

84 3262 130 3286 in
155 3262 269 3298 maro.
295 3254 435 3290 exhibet
460 3256 487 3291 S
514 3257 527 3303 ΙΙ
559 3256 591 3291 si
616 3256 655 3292 in
680 3259 832 3304 pectore
858 3258 1020 3295 hominis
1046 3270 1112 3295 om.
1133 3259 1169 3295 R
