2092 3614
290 256 376 298 392
1063 254 1226 290 SERVJI

410 366 478 408 62.
529 383 598 409 cas
606 382 649 408 vs
678 383 731 408 DA
762 381 886 408 PATER
916 381 1067 408 amcos
1095 365 1322 407 reddantur
1346 364 1463 406 nobis
1486 378 1640 407 errores
1657 365 1848 419 pristini,
1879 366 1995 407 dum-

290 439 407 480 modo
436 438 676 491 praesentia
712 436 816 479 bella
850 437 1032 478 vitemus.
1153 447 1424 486 rrmvaQvE
1462 446 1742 478 REVOLVERE
1781 447 1920 479 CAsvs
1962 437 1999 478 si

292 510 345 551 ad
377 509 551 552 Troiam
591 507 655 549 vis
694 507 871 562 referre,
909 508 971 550 sic
1009 507 1093 550 dic:
1133 507 1187 549 da
1225 507 1351 550 nobis
1383 507 1558 549 Troiam
1590 522 1666 562 per
1696 507 1926 563 naufragia
1958 509 2000 550 et

293 581 501 636 pericula,
541 579 584 621 id
622 582 689 621 est
726 579 943 634 patiamur
980 579 1118 621 denuo
1159 594 1267 634 quae
1305 578 1578 634 pertulimus,
1619 578 1844 621 dumtaxat
1874 578 1999 621 nobis

245 662 265 692 5
293 652 422 694 Troia
453 651 668 693 reddatur.
729 650 766 692 si
800 665 899 692 vero
933 651 985 692 ad
1016 650 1189 693 ltaliam
1221 650 1286 693 vis
1318 650 1495 705 referre,
1527 650 1588 692 sic
1620 650 1842 705 intellege:
1875 649 2001 691 redde

242 712 244 714 V
293 724 418 766 nobis
451 723 644 778 Italiam,
686 724 729 764 et
766 722 953 764 libenter
990 722 1224 778 repetimus
1264 737 1315 764 ea
1353 736 1461 777 quae
1493 721 1539 763 in
1570 721 1699 763 Troia
1735 721 2003 776 pertulimus.

413 795 482 836 63.
532 805 658 835 ALTA
684 805 900 836 SILENTIA
931 793 1039 836 Iuno
1066 794 1224 849 ubique
1252 793 1383 835 silens
1409 792 1636 848 inducitur,
1661 792 1773 834 unde
1799 791 1838 834 ei
1863 792 2003 834 oratio

294 866 377 908 nisi
416 880 468 908 ex
505 865 641 907 nimia
678 865 936 907 necessitate
973 880 1062 907 non
1099 865 1242 907 datur:
1271 864 1383 907 hinc
1416 866 1482 907 est
1514 863 1633 906 ‘acta
1664 864 1810 906 furore
1842 862 2004 918 gravi':

297 938 463 980 Statius
507 937 756 979 Iunonem
799 937 1014 982 tacitam
1058 936 1337 979 furibunda
1383 936 1600 978 silentia
1643 937 1899 991 torquent.
1962 937 2006 976 et

227 1019 271 1050 10
295 1008 533 1052 notandum
566 1009 666 1064 quia
698 1008 957 1064 singillatim
990 1008 1104 1050 dicta
1136 1007 1316 1050 Veneris
1348 1007 1429 1050 hac
1462 1007 1658 1050 oratione
1690 1007 1928 1050 solvuntur.

298 1091 516 1123 srLENTIA
549 1091 683 1122 coels
715 1091 937 1122 RVMPERE
978 1079 1198 1121 silentium
1235 1093 1433 1134 rumpere
1472 1081 1539 1121 est
1575 1093 1663 1121 non
1694 1080 1856 1121 tacere:
1895 1077 2006 1119 unde

298 1153 480 1208 apparet
500 1151 750 1206 usurpative
770 1150 934 1193 dictum
958 1165 1052 1192 esse
1073 1150 1144 1205 <II
1162 1150 1275 1205 129>
1296 1150 1570 1205 conposito
1596 1149 1791 1205 rumpit
1817 1163 2009 1204 vocem,

298 1224 342 1266 id
374 1226 441 1265 est
470 1222 681 1278 loquitur:
719 1237 821 1265 nam
859 1237 1007 1265 vocem
1040 1236 1237 1278 rumpere
1270 1222 1396 1264 silere
1427 1224 1511 1278 est,
1551 1221 1771 1264 silentium
1808 1234 2007 1275 rumpere

298 1295 429 1351 loqui.

230 1376 274 1408 15
420 1367 488 1409 64.
539 1376 796 1410 OBDVCTVM
840 1377 1067 1409 DOLOREM
1118 1366 1303 1408 celatum
1347 1367 1391 1408 et
1436 1364 1638 1407 diuturna
1683 1365 1770 1407 iam
1814 1364 2009 1407 cicatrice

301 1441 568 1494 coopertum:
599 1452 702 1479 nam
734 1437 888 1480 obduci
919 1438 1121 1481 dicuntur
1151 1437 1348 1493 vulnera,
1380 1451 1488 1492 quae
1518 1436 1715 1479 cicatrice
1741 1435 2009 1479 clauduntur.

421 1510 490 1553 65.
540 1520 725 1552 AENEAN
763 1521 987 1552 Homuvm
1025 1521 1264 1561 QVISQVAM
1301 1520 1549 1559 DIVVMQVE
1587 1519 1622 1551 s.
1660 1509 1717 1551 ad
1751 1508 1858 1551 illud
1894 1508 2010 1563 <34>

302 1597 423 1638 qnae
452 1582 622 1636 superi
651 1595 911 1635 manesque
941 1582 1135 1624 dabant.
1185 1584 1223 1623 ct
1246 1580 1392 1623 celans
1419 1594 1528 1636 quae
1559 1579 1675 1622 facta
1701 1581 1802 1622 sunt
1827 1595 1878 1622 ea
1904 1594 2012 1635 quae

303 1669 391 1697 non
423 1656 524 1696 sunt
548 1654 683 1708 facta,
715 1651 1043 1697 commemorat:
1075 1668 1177 1696 nam
1201 1668 1289 1695 non
1316 1652 1504 1706 Aeneas,
1536 1651 1612 1694 sed
1637 1651 1808 1694 Turnus
1835 1651 2013 1694 Iunonis

232 1736 278 1768 20
304 1725 514 1769 instinctu
544 1725 661 1767 bella
693 1725 940 1768 commovit.
995 1725 1132 1767 utitur
1164 1727 1307 1768 autem
1339 1723 1623 1779 replicatione
1654 1737 1797 1765 rerum
1828 1723 2014 1766 obiecta-

305 1813 418 1854 rum3
450 1799 552 1853 post
584 1797 698 1839 enim
729 1797 925 1852 sequitur
955 1797 1172 1839 resolutio.
1276 1812 1394 1844 SEQVI
1421 1798 1558 1838 autem
1589 1793 1760 1851 ‘poenz
1790 1798 1839 1838 nt
1868 1794 2014 1850 <193>

304 1870 474 1913 sidera
503 1883 611 1912 voce
641 1872 926 1923 sequentem.

429 1942 498 1983 67.
547 1952 665 1984 ESTO
697 1940 826 1983 modo
859 1940 1111 1984 adverbium
1143 1942 1209 1982 est
1240 1939 1539 1995 concedentisg
1562 1953 1665 1981 nam
1692 1937 1902 1982 Graecum
1933 1939 2016 1980 est:

308 2013 386 2056 illo
420 2015 565 2056 autem
597 2013 691 2055 loco
724 2013 905 2055 verbum
938 2015 1003 2055 est
1036 2011 1150 2067 <XII
1185 2011 1298 2066 176>
1332 2013 1443 2054 esto
1474 2024 1606 2053 nunc
1638 2008 1723 2053 Sol
1754 2009 1921 2052 testis.

236 2092 282 2125 25
308 2102 423 2128 mus
449 2101 690 2128 avoromssvs
718 2098 820 2126 num
850 2084 916 2127 hie
947 2083 1211 2139 ‘responsis'?
1243 2083 1344 2137 quia
1373 2082 1446 2125 hoe
1475 2082 1658 2136 seqnitur
1671 2095 1694 2122 ιο(

429 2157 498 2199 68.
549 2167 849 2198 CASSANDRAE
874 2167 1099 2199 IMPVLSVS
1125 2166 1278 2198 vars
1311 2154 1418 2196 bene
1450 2152 1605 2196 ‘furiis'
1637 2152 1795 2208 plurali
1826 2166 2020 2206 numero,

311 2228 425 2284 quod
457 2227 507 2270 de
539 2227 878 2270 vaticinantibus
903 2242 991 2270 non
1017 2226 1192 2282 dicitur,
1219 2228 1272 2269 ‘ut
1299 2225 1527 2268 videantur
1551 2225 1706 2267 merito
1732 2238 1826 2267 esse
1853 2223 2019 2279 decepti

407 2362 428 2393 9
457 2356 615 2403 Statius]
642 2356 759 2392 Theb.
785 2356 820 2391 X
845 2359 924 2392 896.
963 2355 1068 2391 Luct.
1093 2356 1195 2391 Plac.
1222 2355 1271 2390 ad
1295 2355 1332 2391 h.
1358 2367 1392 2391 v.
1421 2354 1591 2390 Servium
1616 2351 1824 2399 exscripsit.
1853 2354 1866 2399 ΙΙ
1904 2356 1946 2388 11
1974 2352 2020 2389 si-

313 2405 471 2441 lentium
496 2415 667 2449 rumpere
695 2404 752 2439 est
775 2414 850 2439 non
874 2403 1016 2450 tacere]
1044 2402 1090 2438 ef.
1117 2403 1211 2438 Non.
1238 2414 1273 2448 p.
1300 2406 1382 2447 382,
1408 2405 1452 2438 27
1478 2401 1527 2438 Μ.

411 2528 429 2558 1
457 2536 503 2558 m:
529 2523 563 2558 G
582 2524 593 2569 ΙΙ
619 2522 750 2558 erroris
775 2522 810 2557 G
834 2523 846 2568 ΙΙ
877 2525 898 2557 2
925 2521 1143 2557 Servianum
1168 2522 1218 2557 ad
1242 2532 1273 2557 v.
1301 2525 1345 2556 62
1370 2521 1545 2556 scholium
1569 2531 1636 2557 om.
1657 2520 1698 2555 F
1718 2521 1730 2565 ΙΙ
1761 2524 1782 2555 3
1810 2520 1862 2555 sic
1888 2518 1948 2556 dic
1975 2519 2023 2555 da

315 2570 423 2607 nobis
449 2583 489 2606 a:
517 2569 570 2605 sic
596 2569 657 2604 dic
680 2568 789 2604 nobis
815 2571 851 2604 A
889 2569 942 2604 sic
969 2568 1053 2605 diae
1077 2568 1186 2604 nobis
1212 2568 1241 2604 S
1277 2569 1373 2604 sicut
1397 2567 1495 2610 dicit,
1514 2568 1628 2603 redde
1653 2567 1761 2603 nobis
1780 2567 1817 2603 R
1853 2566 1906 2603 sie
1931 2567 2023 2603 dicit

314 2619 429 2655 redde
453 2617 561 2654 nobis
586 2617 621 2651 L
647 2618 679 2662 (t
704 2617 752 2652 da
776 2627 893 2661 supra
917 2617 1031 2652 redde
1057 2617 1084 2662 l)
1123 2617 1175 2651 sic
1201 2615 1262 2651 die
1288 2616 1394 2652 nobis
1419 2616 1464 2650 H
1498 2614 1551 2651 sic
1577 2614 1638 2651 dic
1662 2627 1730 2650 nos
1758 2615 1807 2650 M
1835 2616 1847 2661 ΙΙ
1878 2619 1897 2650 7
1925 2614 2022 2650 ratio

315 2667 386 2716 cpte
406 2666 456 2710 F,
481 2666 568 2701 inde
591 2663 712 2700 oratio
737 2675 805 2710 pro
830 2675 869 2699 re
889 2664 1027 2699 Daniel
1066 2664 1185 2700 oratio
1211 2661 1336 2709 πρώτη
1358 2663 1405 2698 F.
1421 2663 1620 2699 Schoellius
1637 2665 1649 2708 ΙΙ
1668 2666 1689 2698 8
1715 2662 1818 2709 hinc]
1844 2662 1941 2697 unde
1956 2662 1996 2696 F
2011 2661 2024 2708 Η

317 2717 461 2750 feruore
486 2713 527 2748 F
542 2714 554 2759 ΙΙ
574 2716 594 2747 9
620 2711 737 2746 tacita
762 2711 802 2746 F
817 2713 830 2757 ΙΙ
851 2716 894 2746 10
919 2711 1016 2747 ueris
1043 2723 1086 2747 ac
1111 2711 1256 2747 ratione
1281 2712 1315 2746 L
1333 2713 1345 2756 ΙΙ
1375 2715 1414 2746 11
1443 2722 1606 2747 summm
1634 2739 1641 2746 .
1662 2738 1670 2747 .
1692 2736 1700 2745 .
1726 2710 1846 2756 loqui]
1874 2709 2024 2745 silentia

318 2764 444 2798 autem
481 2770 652 2805 rumpere
688 2758 793 2804 loqui
831 2759 981 2805 propria
1013 2759 1175 2805 (proprie
1200 2759 1352 2803 Daniel)
1387 2759 1540 2794 dictum.
1586 2757 1786 2793 secandum
1817 2756 2023 2802 (sciendum

319 2809 419 2845 enim
437 2807 589 2851 Daniel)
614 2806 714 2851 quod
736 2817 867 2842 uocem
886 2818 1059 2852 rumpere
1080 2808 1137 2842 est
1154 2809 1290 2842 tacere.
1328 2806 1426 2841 uude
1447 2807 1605 2852 apparet
1622 2804 1862 2850 usurpatione
1882 2803 2023 2839 dictum

319 2867 399 2892 esse
426 2854 618 2900 conposito
645 2853 785 2899 rumpit
804 2866 936 2890 uocem
954 2854 992 2890 id
1014 2856 1070 2890 est
1093 2854 1260 2899 loquitur
1281 2853 1321 2889 F
1335 2855 1348 2899 ss
1366 2861 1442 2890 non·
1464 2855 1588 2889 tacere
1608 2852 1727 2888 SMz:
1753 2853 1876 2887 tacere
1895 2851 2030 2886 ΑΒΗ

318 2903 422 2948 loqui
441 2915 477 2947 a,
503 2913 569 2938 om.
585 2901 619 2935 L
637 2902 649 2947 ΙΙ
679 2905 721 2936 12
743 2912 820 2937 esse
848 2903 885 2937 et
903 2901 939 2937 R
957 2903 970 2949 fl
990 2902 1220 2948 compositae
1240 2902 1276 2937 R
1294 2904 1306 2946 ΙΙ
1325 2912 1417 2937 uoce
1430 2900 1519 2936 LH
1532 2902 1544 2947 ΙΙ
1565 2904 1608 2935 13
1627 2910 1719 2935 uoce
1733 2898 1819 2934 LH
1832 2899 1843 2944 Η
1866 2901 1907 2933 15
1929 2898 2024 2934 cela-

319 2955 400 2988 tum
426 2950 503 2986 iam
528 2952 567 2985 et
591 2948 766 2985 diuturna
792 2948 965 2985 cicatrice
986 2949 1027 2984 F
1041 2951 1054 2995 ΙΙ
1071 2949 1164 2985 trice
1192 2951 1248 2994 (de
1269 2948 1455 2993 cicatrice)
1478 2976 1486 2984 .
1502 2975 1509 2982 .
1525 2975 1533 2983 .
1554 2957 1650 2992 quae
1668 2957 1742 2981 non
1763 2949 1848 2980 sunt
1873 2957 1939 2982 om.
1954 2945 1999 2980 H
2012 2945 2025 2992 Η

323 3003 366 3034 18
393 2998 517 3034 celans
545 3025 552 3032 .
576 3025 582 3031 .
606 3024 613 3030 .
640 3007 685 3031 ea
710 3007 776 3032 om.
802 2996 899 3041 RL,
925 2997 1051 3033 celans
1077 3025 1085 3033 .
1107 3025 1115 3032 .
1136 3024 1144 3032 .
1172 3009 1268 3042 quae
1293 3008 1367 3031 non
1393 2996 1479 3031 sunt
1502 3005 1568 3030 om.
1594 2993 1668 3029 AS
1691 2993 1790 3039 (add.
1817 2994 1853 3038 a)
1885 2994 1896 3039 ΙΙ
1927 2993 2026 3029 celat

324 3047 372 3082 M
388 3047 401 3091 ΙΙ
427 3045 487 3092 ea]
514 3046 553 3080 et
579 3044 628 3079 M
644 3045 656 3090 11
684 3048 729 3079 20
755 3045 873 3080 utitur
900 3072 907 3080 .
929 3073 936 3080 .
959 3072 967 3080 .
992 3044 1169 3080 resolutio
1195 3055 1261 3080 om.
1289 3043 1329 3079 F
1345 3045 1356 3090 ΙΙ
1387 3047 1432 3078 23
1457 3042 1568 3078 modo
1595 3070 1603 3077 .
1624 3068 1632 3077 .
1653 3069 1661 3077 .
1689 3040 1942 3087 concedentis]
1971 3042 2027 3076 est

322 3093 484 3130 concede
509 3092 726 3127 aduerbium
743 3092 783 3127 F
799 3093 811 3138 ΙΙ
830 3093 1013 3128 Graecum
1034 3092 1105 3138 est]
1134 3090 1226 3127 ἔστω
1247 3093 1331 3128 add.
1346 3091 1386 3126 D
1403 3092 1415 3137 ΙΙ
1434 3092 1479 3125 25
1499 3101 1587 3124 num
1606 3088 1668 3123 hic
1686 3088 1874 3133 responsis
1893 3099 1919 3123 e.
1934 3099 1966 3133 q.
1979 3088 2024 3133 3.]

321 3141 493 3178 dubitare
517 3140 661 3176 videtur
693 3140 871 3184 interpres
895 3151 983 3176 num
1014 3140 1096 3183 fata
1120 3140 1185 3175 hoc
1210 3140 1285 3175 loeo
1309 3138 1547 3183 intelleyenda
1570 3137 1646 3172 sint
1669 3146 1842 3180 responsa
1866 3136 2026 3179 deorum,

323 3189 386 3234 (cf.
411 3200 444 3224 v.
464 3187 644 3271 fflinuia
668 3187 733 3222 hoc
757 3191 930 3233 sequatur
957 3187 1203 3223 ‘Cassandrae
1226 3187 1406 3232 impulsus
1428 3184 1556 3229 furiis’
1576 3185 1590 3229 ΙΙ
1618 3186 1662 3219 27
1689 3194 1763 3219 non
1788 3194 1854 3219 om.
1879 3182 1916 3218 R
1935 3184 1947 3228 ΙΙ
1965 3183 2024 3229 ut]

324 3247 412 3282 ergo
437 3248 462 3271 u
