2092 3614
232 1032 274 1063 10

229 1391 272 1423 15

226 1749 271 1780 20

226 2106 273 2138 25

226 2463 273 2493 30

303 265 391 306 444
1076 267 1236 304 SERVH

301 377 343 416 te
375 375 513 429 prima
545 376 635 418 dies
668 376 783 419 bello
815 377 950 433 dedit,
981 377 1088 420 haec
1120 378 1269 420 eadem
1301 377 1471 433 aufert',
1502 378 1660 421 ‘decus'
1693 382 1870 435 propter
1902 381 2010 423 ill-ud

300 446 413 488 ‘cum
445 449 590 489 tamen
622 448 817 504 ingentes
849 449 1109 492 Rutulorum
1141 450 1299 504 linquis
1333 449 1535 492 acervos'.

420 518 518 561 510.
568 537 670 562 mu
696 537 815 564 TANTI
845 522 893 564 de
923 524 1050 563 morte
1083 521 1290 563 Pallantis
1321 522 1486 576 scilieet,
1524 525 1570 564 at
1601 525 1741 576 postea
1772 522 2007 575 inferantur

299 604 402 643 quae
424 594 639 644 praeterea
669 592 796 634 addit.
917 604 1116 635 CERTIOR
1147 604 1332 635 Avoron
1364 593 1405 634 id
1439 594 1504 634 est
1534 593 1710 635 nuntius
1742 608 1878 636 verus.

419 662 517 703 511.
568 673 714 705 TENVI
757 674 1031 706 Dlscmmmn
1076 676 1184 705 Lim
1229 663 1396 706 modico
1442 664 1594 706 mortis
1636 665 1889 707 interstitio:
1932 680 2009 720 per

302 732 415 787 quod
447 747 607 789 magna
640 733 852 777 Pallantis
885 736 1020 777 virtus
1056 736 1315 791 ostenditur,
1354 750 1437 791 quo
1479 735 1739 791 interempto
1772 737 1912 779 omnis
1944 739 2010 779 est

301 804 346 845 in
377 804 527 861 fugam
561 820 790 848 conversus
824 807 1046 850 exercitus.

421 876 519 918 512.
569 888 729 920 VERsis
765 877 939 933 fugatis.

420 948 517 991 513.
565 966 779 997 LATVMQVE
802 967 876 993 PER
902 960 1038 994 AG'MEN
1062 950 1216 993 elatum
1236 950 1418 992 limitem
1441 950 1595 992 ardens
1616 951 1707 1006 agit
1727 966 1804 1006 per
1822 951 2008 1008 agmen’,

302 1019 346 1061 id
372 1022 438 1061 est
464 1019 588 1062 facit:
621 1021 682 1063 sic
715 1021 888 1075 melius,
921 1036 1050 1077 quam
1084 1022 1119 1064 si
1153 1022 1268 1063 dicas
1302 1021 1455 1063 ‘latum
1482 1036 1558 1076 per
1584 1021 1769 1077 agmen’.
1813 1012 2008 1077 ergo‘sic

299 1091 621 1147 intellegamus,
659 1095 734 1134 aut
764 1106 841 1148 per
873 1093 1083 1148 ordinem,
1123 1095 1197 1135 aut
1234 1107 1310 1148 per
1346 1092 1631 1148 hypallagem
1669 1107 1769 1135 nam
1803 1097 1846 1135 et
1878 1108 2008 1148 supra

301 1162 361 1204 sic
388 1163 449 1204 ait
472 1163 562 1217 <IX
583 1163 700 1218 321>
727 1163 851 1206 haec
878 1177 969 1219 ego
997 1167 1146 1206 vasta
1173 1163 1302 1206 dabo
1329 1167 1378 1206 et
1409 1164 1518 1206 lato
1544 1166 1593 1206 te
1625 1164 1791 1207 limite
1818 1164 2008 1207 ducam.

419 1234 516 1277 515.
567 1245 746 1278 PALLAS
767 1247 989 1278 EVANDER
1009 1247 1058 1277 IN
1079 1246 1192 1278 1PSls
1215 1247 1363 1278 OMNIA
1384 1247 1501 1278 SVNT
1524 1246 1690 1278 OCVLI-s
1711 1238 1804 1277 erat
1823 1237 2008 1278 rectum:

299 1305 464 1361 Pallas,
490 1305 706 1361 Euander,
739 1321 913 1349 mensae
940 1321 1047 1362 quas
1075 1306 1239 1348 advena
1272 1307 1435 1361 primas
1462 1310 1564 1349 tunc
1591 1307 1716 1362 adiit,
1749 1306 2007 1362 dextraeque

299 1378 443 1434 datae,
483 1378 528 1420 in
566 1378 671 1434 ipsis
712 1378 857 1421 omnia
896 1381 995 1437 sunt
1033 1378 1181 1420 oculis.
1244 1377 1318 1419 sed
1356 1378 1491 1432 perite
1531 1378 1663 1420 scissa
1701 1380 1767 1420 est
1802 1378 2008 1434 narratio,

297 1464 374 1504 per
405 1465 535 1505 quam
568 1450 735 1493 animus
768 1450 940 1492 Aeneae
974 1449 1253 1505 perturbatus
1287 1448 1551 1504 exprimitur.

417 1521 516 1564 517.
567 1539 668 1565 TVNO
683 1538 796 1564 „amm
824 1522 996 1575 quidam
1029 1519 1159 1563 ‘tanc'
1185 1534 1266 1575 pro
1299 1519 1542 1574 ‘quondam'
1575 1521 1792 1574 accipiant.

416 1593 515 1636 518.
567 1610 694 1641 QVAM*
702 1609 769 1636 VOR.
806 1610 875 1636 1110
906 1609 1081 1649 Ivvsgffls
1115 1591 1320 1646 emphasis
1355 1592 1520 1634 virtutis
1556 1593 1664 1646 qaod
1698 1593 1863 1644 maltos,
1901 1595 2009 1647 quod

296 1665 469 1716 iuvenes,
494 1665 603 1719 qaod
625 1668 819 1716 armatos,
844 1665 953 1718 qaod
975 1664 1109 1719 rapit:
1135 1664 1275 1706 minas
1299 1664 1407 1705 enim
1429 1664 1570 1717 fuerat
1592 1665 1630 1706 si
1654 1664 1826 1707 dixisset
1843 1663 2006 1719 ‘capit':

296 1737 403 1778 imde
432 1737 479 1779 in
509 1754 563 1780 xz.
596 1736 709 1791 <81>
741 1737 974 1779 vinxerat
1009 1739 1053 1778 et
1085 1738 1195 1790 post
1231 1738 1368 1790 terga
1405 1749 1595 1790 manas,
1636 1749 1755 1790 quos
1791 1736 2009 1779 mitteret

295 1808 483 1850 umbris
513 1808 741 1861 inferias.
1827 1864 1830 1866 -

415 1879 514 1923 519.
564 1892 777 1923 INFERIAS
805 1891 922 1931 Qvos
949 1890 1162 1922 IMMOLET
1192 1891 1363 1922 vmmus
1395 1878 1575 1921 inferiae
1609 1881 1710 1921 sunt
1741 1894 1863 1922 sacra
1895 1895 2007 1922 mor-

296 1953 483 2006 tuorum,
509 1952 622 2007 quod
648 1952 797 1994 inferis
827 1951 1066 1994 solvuntur.
1113 1966 1215 1993 sane
1243 1966 1336 1993 mos
1363 1953 1457 1993 erat
1483 1950 1527 1998 in
1553 1950 1789 2005 sepulchris
1816 1951 2004 1993 virorum

297 2023 475 2066 fortium
508 2023 703 2079 captivos
734 2023 900 2066 necari:
943 2023 1056 2079 quod
1090 2025 1320 2078 postquam
1354 2022 1521 2065 crudele
1553 2022 1691 2064 visum
1724 2024 1806 2077 est,
1843 2022 2007 2077 placuit

299 2095 562 2151 gladiatores
603 2097 703 2138 ante
742 2095 971 2151 sepulchra
1010 2095 1232 2147 dimicare,
1275 2095 1346 2150 qui
1380 2110 1404 2136 a
1437 2093 1575 2136 bustis
1615 2093 1827 2136 bustuarii
1859 2094 2007 2150 appel-

297 2166 376 2208 lati
409 2169 520 2209 sunt.

416 2238 515 2281 520.
562 2250 762 2282 CAPTIVO
784 2250 1019 2282 SANGVINE
1040 2253 1118 2293 pro
1138 2235 1452 2292 ‘captivorun1'‚
1471 2239 1520 2278 ut
1541 2235 1654 2291 <VII
1678 2235 1788 2290 184>
1809 2235 2006 2289 captivi

297 2310 521 2363 pendent
552 2325 748 2364 currus,
779 2310 884 2352 item
912 2310 985 2365 <II
1007 2309 1121 2364 765>
1153 2309 1459 2364 captivaque
1492 2308 1654 2349 vestis
1686 2307 2005 2362 congeritur:

298 2382 341 2422 et
373 2384 457 2436 est,
489 2383 538 2423 ut
569 2381 775 2437 diximus,
808 2381 1028 2436 speciosus
1062 2382 1254 2423 ornatus.

418 2453 516 2494 521.
565 2464 696 2496 MAGO
730 2453 899 2496 dativus
933 2454 1015 2507 est,
1047 2453 1095 2493 ut
1121 2466 1251 2506 supra
1277 2450 1422 2506 <401>
1454 2450 1535 2492 110
1567 2463 1784 2505 namque
1815 2448 2004 2504 procul.

359 2541 636 2567 CONTENDERAT
663 2525 879 2567 adversum
910 2524 1066 2565 iecerat.

418 2594 515 2637 522.
565 2612 658 2638 ILLE
684 2611 786 2637 Asw
816 2593 938 2636 ‘asta'
963 2608 1044 2647 pro
1075 2594 1244 2635 scientia
1275 2593 1426 2636 bellica.
1549 2604 1683 2635 svssi'r
1717 2590 1911 2633 subsidit.

393 2729 414 2760 3
447 2725 496 2760 ad
519 2735 606 2759 mm
631 2735 735 2759 nrm
759 2734 788 2759 s.
815 2734 846 2759 v.
873 2722 913 2757 id
939 2723 996 2757 est
1027 2722 1072 2757 de
1103 2725 1223 2757 morte
1255 2721 1433 2767 pallantis
1463 2721 1496 2755 T
1531 2722 1543 2767 ΙΙ
1578 2732 1666 2755 ium
1691 2720 1812 2766 unu]
1844 2731 2005 2755 Anvoru

298 2785 435 2808 Annum
455 2772 495 2807 F
511 2773 523 2818 ΙΙ
542 2776 562 2807 5
587 2772 695 2807 schol.
722 2771 772 2807 ad
797 2783 904 2806 ΤΕΝνι
929 2783 963 2805 D.
984 2783 1014 2806 L.
1036 2773 1121 2814 post
1146 2769 1287 2814 fugatis
1312 2769 1393 2805 hab.
1415 2769 1454 2804 F
1470 2770 1483 2815 ΙΙ
1501 2768 1582 2814 per]
1609 2769 1761 2813 propter
1779 2767 1820 2803 F
1835 2768 1848 2811 ΙΙ
1867 2772 1886 2802 6
1913 2766 2002 2812 quo]

299 2819 398 2864 quod
424 2831 466 2855 eo
487 2820 522 2854 L
540 2821 553 2864 {1
573 2823 591 2854 7
621 2830 747 2853 uersus
766 2818 839 2853 AS
857 2819 869 2863 ss
888 2821 909 2852 9
936 2817 1016 2862 agit
1040 2816 1079 2851 id
1106 2818 1163 2852 est
1189 2817 1282 2852 facit
1306 2827 1373 2862 per
1396 2827 1530 2861 agmen
1550 2815 1589 2850 F
1605 2817 1617 2862 ΙΙ
1639 2819 1681 2850 10
1708 2814 1760 2850 sic
1781 2842 1789 2850 .
1811 2841 1818 2849 .
1840 2843 1848 2851 .
1869 2825 2003 2859 agmen

298 2879 364 2903 om.
387 2866 454 2912 Fu
474 2878 561 2911 ergo
588 2894 595 2902 .
619 2894 625 2901 .
648 2894 655 2902 .
682 2865 910 2911 hypallagen
936 2876 1001 2900 om.
1029 2865 1116 2899 LH
1138 2866 1237 2908 (add.
1264 2865 1290 2910 l)
1310 2865 1322 2910 ΙΙ
1341 2864 1445 2910 ergo]
1474 2865 1512 2898 et
1537 2863 1578 2897 F
1593 2864 1605 2907 ΙΙ
1635 2867 1678 2898 14
1704 2862 1845 2907 primus
1869 2860 1915 2895 H
1921 2861 1970 2895 M
1992 2860 2004 2907 Η

302 2920 343 2950 16
370 2913 607 2960 exprimitur]
634 2913 843 2949 ostenditur
863 2912 902 2948 F
918 2913 929 2959 ΙΙ
951 2916 992 2947 17
1019 2913 1069 2947 ad
1095 2925 1184 2947 'rvxc
1210 2923 1237 2947 s.
1257 2923 1289 2947 v.
1317 2911 1505 2957 quondam
1530 2910 1563 2945 Τ
1579 2911 1591 2956 ΙΙ
1609 2909 1770 2954 quodam
1797 2907 1864 2953 Fu
1886 2912 1928 2943 18
1954 2909 2003 2943 ad

298 2973 330 2999 v.
358 2965 427 2996 518
453 2961 591 2996 enfasis
618 2963 675 2996 est
699 2961 771 2996 hoc
796 2961 879 2996 loco
912 2959 1062 2994 uirtutis
1095 2959 1195 3003 quod
1227 2959 1364 2995 multos
1397 2958 1496 3004 quod
1526 2958 1679 2993 iuuenes
1711 2956 1812 3001 quod
1837 2956 2001 2991 armatos

299 3009 399 3055 quod.
422 3009 594 3044 uiuentes
620 3008 787 3054 rapuerit
814 3008 847 3043 Τ
863 3008 876 3052 ΙΙ
894 3007 1031 3042 enfasis
1058 3006 1098 3041 F
1114 3008 1125 3052 ΙΙ
1152 3011 1196 3042 20
1221 3007 1309 3052 post
1334 3017 1423 3051 erga
1451 3005 1485 3040 G
1503 3006 1515 3051 ΙΙ
1546 3009 1590 3040 22
1617 3016 1706 3044 QVAS
1732 3003 1772 3038 F
1786 3004 1800 3048 ΙΙ
1831 3007 1874 3038 23
1902 3003 2001 3047 quod

301 3087 308 3093 .
329 3085 337 3092 .
360 3085 367 3092 .
394 3056 602 3102 solvuntur]
629 3056 677 3090 ab
700 3055 829 3090 inferis
855 3054 977 3090 dictae
1003 3054 1042 3088 F
1063 3055 1075 3099 ΙΙ
1106 3054 1221 3100 quod]
1249 3065 1343 3099 quae
1369 3053 1405 3088 B.
1429 3054 1441 3098 ΙΙ
1473 3057 1517 3087 25
1544 3049 1758 3086 busturiarii
1783 3051 1828 3085 H
1860 3050 2002 3085 bustia-

298 3105 346 3139 rii
370 3104 410 3139 F
437 3105 450 3149 ΙΙ
479 3102 575 3138 dicti
599 3105 685 3138 sunt
709 3103 749 3137 F
777 3104 789 3149 ΙΙ
820 3106 865 3138 26
891 3101 994 3147 suut]
1019 3113 1107 3136 nam
1133 3103 1172 3137 et
1195 3102 1370 3137 homerus
1396 3098 1488 3135 facit
1512 3099 1558 3134 ab
1584 3098 1719 3134 achille
1746 3098 1886 3133 seruari
1911 3109 2002 3143 quos

300 3152 348 3187 ad
372 3150 533 3197 patrocli
558 3149 768 3195 sepulcrum
794 3149 962 3185 immolet
988 3150 1053 3192 (ll.
1074 3148 1158 3183 XXI
1177 3151 1237 3193 26)
1265 3145 1284 3184 ὁ
1313 3145 1350 3184 δ’
1379 3145 1461 3183 ἐπεὶ
1487 3144 1582 3192 κάμε
1609 3150 1735 3191 χεῖρας
1762 3142 1923 3191 ἐναίρων
1943 3172 1951 3180 .
1967 3173 1975 3181 .
1991 3173 1998 3181 .

299 3196 488 3239 θανόντος
513 3198 598 3234 add.
625 3198 664 3233 D
694 3199 706 3244 ΙΙ
743 3202 787 3233 29
815 3200 858 3233 ut
882 3196 1023 3232 dictum
1049 3196 1107 3231 est
1133 3196 1173 3231 F
1200 3198 1212 3242 ΙΙ
1249 3200 1292 3232 31
1319 3196 1424 3232 schol.
1452 3194 1502 3230 ad
1527 3204 1778 3228 couvrsnnsnss
1805 3196 1838 3228 et
1861 3205 1943 3228 mn
1967 3204 2000 3228 A.

299 3247 381 3285 hab.
406 3247 440 3282 T
453 3247 465 3293 ΙΙ
489 3250 533 3282 32
559 3246 644 3281 astu
669 3256 735 3281 om.
765 3244 830 3291 Gn
856 3244 1027 3280 subsidas
1052 3243 1088 3279 R
1126 3243 1240 3279 subiit
1265 3243 1315 3279 M
1347 3241 1513 3278 subdidit
1538 3240 1580 3276 F
