2092 3614
542 253 691 290 GOMM.
722 253 773 289 IN
798 252 942 290 VERG.
968 253 1078 289 AEN.
1105 251 1175 287 XII
1202 256 1399 289 120—121.
1734 253 1821 295 589

114 379 348 420 purpuram
388 364 555 418 limam,
597 363 639 405 id
679 365 745 405 est
782 364 1037 418 flexuosam,
1075 362 1186 405 unde
1225 364 1268 404 et
1305 378 1460 405 nomen
1501 363 1683 419 accepit:
1721 378 1822 405 nam

115 435 297 478 ‘limum'
313 435 535 490 obliquum
557 435 749 490 dicimus,
769 435 880 477 unde
901 437 944 477 et
959 434 1186 477 Terentius
1207 435 1345 477 limis
1367 435 1532 477 oculis
1555 435 1670 491 dicit,
1691 435 1734 477 id
1756 437 1823 476 est

115 507 316 563 obliquis.
394 518 611 549 VERBENA
633 518 851 550 TEMPORA
872 518 1031 550 VINCTI
1051 506 1237 548 verbena
1256 506 1428 562 proprie
1450 509 1516 549 est
1534 506 1669 549 herba
1690 520 1822 561 sacra,

113 593 182 622 ros
206 580 406 634 marinus,
437 582 484 620 ut
507 579 628 621 multi
651 579 802 633 volunt,
834 579 879 621 icl
902 581 959 621 est
983 579 1219 633 λιβανωτός
1243 579 1539 633 †sieuta90nis,
1568 581 1743 633 sumpta
1771 578 1821 620 de

115 651 208 693 loco
251 665 372 693 sacro
415 649 637 705 Capitolii,
683 665 765 706 qua
798 650 1117 693 coronabantur
1156 649 1328 692 fetiales
1370 652 1414 691 et
1451 652 1575 704 pater
1613 651 1822 704 patratus,

114 722 288 765 foedera
330 722 486 764 facturi
531 722 599 764 vel
644 722 757 764 bella
801 721 1016 764 indicturi.
1079 721 1257 764 abusive
1302 724 1448 763 tamen
1488 721 1576 764 iam
1614 721 1822 763 verbenas

117 808 320 836 vocamus
359 808 507 835 omnes
546 793 719 836 frondes
760 795 969 848 sacratas,
1006 795 1056 835 ut
1093 795 1159 835 est
1191 793 1354 844 laurus,
1394 792 1509 835 oliva
1540 782 1606 835 vel
1641 794 1823 847 myrtus:

116 865 342 906 Terentius
375 879 432 906 ex
466 880 552 907 ara
583 865 702 907 hinc
734 864 985 907 verbenas
1017 878 1174 907 sume:
1212 879 1312 905 nam
1345 866 1537 919 myrtum
1570 864 1703 906 fuisse
1735 862 1821 905 Me-

115 936 279 978 nander
298 938 494 991 testatur,
516 937 564 978 de
587 951 670 992 quo
691 936 920 978 Terentius
940 936 1175 978 transtulit.
1215 937 1385 990 quidam
1403 950 1503 979 sane
1519 937 1625 978 veris
1639 935 1824 989 proximi

113 1008 259 1051 herbas
287 1009 479 1051 verbenas
508 1009 658 1051 dieunt.
707 1009 785 1051 alii
815 1011 924 1051 certa
956 1008 1178 1062 liyamenta
1208 1007 1401 1051 verbenas
1431 1008 1572 1050 volunt
1603 1007 1750 1050 vocari.

237 1081 334 1123 121.
384 1091 525 1123 LEGIO
558 1091 832 1123 AVSONIDVM
870 1095 947 1135 pro
981 1078 1346 1134 ‘Ausonidarum',
1386 1079 1498 1135 quod
1539 1079 1656 1121 venit
1688 1078 1741 1120 ab
1774 1092 1823 1120 eo

119 1152 232 1208 quod
271 1154 337 1194 est
369 1151 455 1199 ‘hic
487 1152 744 1206 Ausonida',
786 1153 897 1194 sicut
930 1151 1014 1194 ehic
1046 1150 1228 1206 auriga'3
1268 1166 1368 1193 nam
1402 1149 1621 1193 ‘Ausonis'
1655 1149 1823 1206 generis

78 1239 81 1243 ·
116 1223 314 1265 feminini
348 1227 424 1276 est,
457 1224 568 1266 unde
596 1223 897 1266 ‘Ausonidum'
931 1224 1052 1266 facit:
1085 1223 1197 1279 quod
1230 1225 1278 1265 ut
1303 1222 1476 1277 diceret,
1509 1221 1634 1264 metri
1660 1224 1727 1264 est
1751 1236 1822 1263 ne-

116 1295 317 1338 cessitate
350 1295 594 1350 conPUISUS.
698 1312 918 1343 PILATAQVE
946 1312 1083 1338 PLENJS
1116 1294 1189 1337 hoc
1219 1297 1277 1337 est
1299 1295 1404 1348 pilis
1434 1297 1610 1336 armata.
1655 1294 1824 1348 quidam

116 1367 189 1409 hoc
215 1367 297 1409 loco
324 1366 472 1422 ‘pilata
496 1365 683 1423 aymina’
709 1381 792 1410 non
817 1381 844 1409 a
865 1380 1009 1422 yenere
1032 1366 1249 1409 hastarum
1266 1367 1452 1421 positum
1477 1367 1693 1408 adserunt:
1724 1379 1825 1408 nam

108 1439 238 1493 paulo
262 1442 359 1493 post
382 1439 527 1494 (130)
560 1440 713 1482 dictum
744 1439 933 1492 inferunt
961 1438 1188 1493 defiyunt
1220 1438 1396 1480 tellure
1425 1438 1619 1480 hastas:
1650 1438 1720 1480 secl
1750 1435 1825 1491 ‘pi-

116 1509 218 1553 lata’
256 1511 399 1566 densa,
436 1511 590 1566 spissa,
628 1514 675 1553 ut
711 1511 878 1565 implere
908 1513 1056 1565 portas
1085 1510 1300 1564 potuerint
1334 1513 1372 1552 et
1402 1513 1543 1564 postea
1578 1523 1619 1552 se
1655 1510 1702 1551 in
1740 1509 1828 1551 loca

115 1583 323 1637 apertiora
361 1583 602 1635 diffundere.
664 1583 743 1625 alii
774 1581 966 1639 ‘pilatum
997 1581 1157 1637 aymen'
1191 1583 1334 1624 dicunt
1362 1582 1470 1636 quod
1499 1583 1545 1624 in
1577 1582 1829 1636 lonyitudine

116 1655 313 1696 directum
344 1657 411 1710 est,
442 1655 561 1708 quale
591 1655 691 1697 solet
720 1668 802 1697 esse
833 1668 924 1697 eum
947 1654 1084 1708 portis
1103 1654 1298 1707 procedit.
1341 1654 1401 1696 vel
1426 1657 1528 1696 certe
1553 1652 1716 1708 ‘pilata’
1741 1654 1829 1707 fisca

118 1729 156 1768 et
185 1726 371 1781 stabilia,
405 1727 467 1768 vel
497 1740 524 1768 a
550 1726 649 1780 pilo,
681 1727 790 1780 quod
817 1726 924 1780 fiyit,
956 1726 1016 1768 vel
1046 1740 1073 1768 a
1096 1726 1192 1779 pila
1222 1725 1416 1777 structili,
1454 1738 1556 1779 quae
1585 1725 1672 1779 fixa
1705 1727 1763 1767 est
1792 1728 1830 1766 et

117 1801 275 1840 manet:
307 1811 407 1839 nani
439 1801 477 1840 et
502 1798 653 1840 Graeci
683 1812 747 1841 res
777 1799 924 1840 densas
953 1800 991 1839 et
1020 1800 1138 1839 artas
1167 1794 1335 1839 πιλωτά
1367 1798 1518 1839 dieunt.
1562 1796 1732 1838 Ennius
1762 1809 1829 1838 sa-

118 1874 309 1912 turarum
340 1887 381 1912 II.
424 1870 725 1925 contemplor
762 1870 873 1912 inde
911 1869 1006 1911 loci
1043 1869 1265 1922 liquidas
1296 1868 1587 1922 pilatasque
1616 1867 1830 1909 aetheris

118 1956 250 1995 oras,
282 1956 372 1985 cum
403 1942 550 1996 firmas
580 1945 618 1984 et
646 1941 808 1984 stabiles
839 1940 1091 1995 siqniftearct
1119 1942 1158 1982 et
1185 1940 1306 1994 quasi
1327 1939 1433 1993 pilis
1461 1939 1603 1992 fultas.
1653 1938 1831 1981 Hostius

117 2014 211 2057 belli
239 2014 420 2057 Histrici
454 2014 591 2067 primo
625 2013 847 2068 percutit
875 2015 1019 2066 atque
1048 2011 1242 2054 hastam
1266 2011 1442 2065 pilans
1464 2024 1589 2065 prae
1616 2011 1830 2065 pondere

115 2086 314 2140 franyit
344 2084 513 2139 ‘pilans'
545 2085 592 2128 id
619 2088 678 2128 est
706 2085 853 2139 fiyms,
893 2084 1000 2126 idern
1030 2084 1279 2126 sententia
1302 2086 1504 2137 praesto
1527 2086 1725 2137 pectore
1749 2083 1827 2136 pi-

120 2159 241 2212 lata,
282 2157 328 2199 iol
362 2160 421 2199 est
457 2157 563 2211 fixa,
604 2157 775 2200 stabilis.
836 2155 993 2198 Asellio
1030 2154 1299 2198 historiarum
1331 2155 1567 2197 triariurn
1599 2157 1828 2208 quartum

215 2255 235 2286 2
262 2250 471 2296 Terentius]
498 2250 590 2285 Eun.
616 2249 668 2284 III
689 2252 721 2294 5,
743 2253 798 2285 53.
826 2249 871 2285 cf.
893 2249 985 2284 Don.
1007 2249 1057 2284 ad
1077 2249 1110 2284 h.
1131 2261 1165 2285 v.
1186 2250 1198 2294 ΙΙ
1217 2252 1238 2284 8
1266 2247 1478 2294 Terentius]
1507 2247 1618 2284 Andr.
1645 2247 1697 2282 IV
1717 2252 1750 2292 3,
1774 2251 1827 2282 11.

121 2298 166 2335 cf.
187 2299 280 2334 Don.
308 2298 355 2333 ad
381 2299 416 2333 h.
439 2311 471 2333 v.
492 2299 504 2344 ΙΙ
524 2302 566 2333 21
593 2297 734 2333 Ennius
760 2298 826 2333 sat.
848 2297 899 2343 ΙΙ]
927 2309 961 2342 p.
985 2299 1052 2332 155
1074 2296 1183 2332 Vahl.
1204 2298 1216 2342 ΙΙ
1236 2300 1280 2332 26
1308 2295 1447 2331 Asellio
1473 2295 1576 2341 hist]
1603 2307 1638 2340 p.
1663 2299 1729 2331 184
1751 2295 1827 2330 Pet.

220 2386 238 2416 1
265 2381 467 2417 fluxuosam
488 2381 560 2417 AS
590 2381 808 2427 plexuosum
829 2380 869 2415 F
884 2381 896 2426 ΙΙ
916 2384 935 2415 2
963 2380 1080 2425 lipum
1100 2379 1140 2414 F
1156 2381 1168 2426 ΙΙ
1187 2380 1349 2415 oblicom
1369 2379 1410 2414 H
1441 2379 1604 2414 oblicum
1625 2378 1665 2413 F
1681 2379 1692 2424 ΙΙ
1712 2378 1827 2424 limis]

120 2429 272 2465 luminis
300 2429 340 2464 F
361 2431 372 2475 ΙΙ
403 2434 423 2465 3
450 2440 613 2464 ueruena
638 2429 759 2465 ΑΒΗ
765 2429 804 2463 F
828 2429 840 2475 ss
871 2428 1022 2473 propria
1046 2427 1179 2463 ΑΒΗ
1202 2429 1214 2473 ΙΙ
1246 2431 1267 2462 4
1293 2438 1458 2462 a113aN01c
1485 2426 1532 2471 F,
1559 2437 1650 2463 corr.
1677 2426 1828 2470 Daniel,

120 2475 323 2524 λιβανωτός
343 2477 443 2513 Lion
460 2478 472 2523 ΙΙ
492 2477 733 2523 Licutagonis
754 2477 901 2518 Daniel,
927 2479 969 2511 ut
987 2487 1031 2511 ex
1055 2477 1253 2522 λιβανωτίς
1278 2479 1488 2520 corruptum
1513 2475 1580 2511 del.
1602 2474 1645 2510 G.
1679 2473 1828 2510 Vossius

120 2525 259 2571 etymol.
284 2525 370 2571 linq.
393 2526 454 2560 lat.
470 2536 510 2570 p.
526 2528 606 2560 547.
645 2526 691 2569 cf.
713 2524 908 2560 Steudener
933 2524 1016 2558 krit.
1038 2523 1183 2567 Streifz.
1199 2535 1237 2568 p.
1256 2527 1310 2559 56.
1349 2524 1503 2567 fortasse
1516 2523 1671 2568 plantae
1689 2533 1828 2564 nomen,

120 2574 215 2608 velut
236 2572 468 2618 cunssaginis,
495 2574 589 2608 latet.
625 2573 668 2616 ef.
691 2573 790 2608 Plin.
812 2576 887 2607 nat.
908 2572 989 2607 hist.
1010 2570 1078 2606 XX
1097 2575 1116 2614 ξ
1138 2575 1203 2607 171
1224 2582 1296 2616 sqq.
1316 2573 1328 2617 ΙΙ
1348 2575 1369 2606 8
1390 2571 1484 2606 hara
1502 2570 1575 2606 AS
1600 2581 1687 2605 area
1700 2570 1745 2605 H
1766 2581 1830 2605 ora

123 2619 163 2655 F
178 2621 190 2667 ΙΙ
209 2631 311 2655 sume
336 2620 424 2655 hinc
449 2631 629 2655 ueruenas
654 2624 692 2655 et
718 2622 787 2664 riq.
815 2624 927 2664 atque
955 2619 994 2653 F
1009 2620 1021 2664 ΙΙ
1040 2630 1220 2655 ueruenas
1245 2618 1318 2654 AS
1353 2619 1515 2653 uerbena
1542 2617 1578 2653 R
1596 2619 1609 2662 ΙΙ
1629 2617 1830 2652 menender

122 2668 194 2703 As
221 2669 325 2713 (corr.
351 2670 382 2708 s)
409 2668 602 2702 minander
629 2668 667 2702 H
704 2670 715 2713 ΙΙ
753 2671 773 2702 9
806 2667 902 2702 veris
930 2667 1186 2702 Gommelinus:
1221 2667 1324 2702 uenis
1351 2666 1390 2700 F
1424 2667 1435 2711 ΙΙ
1476 2670 1517 2700 10
1543 2676 1723 2700 ueruenas
1751 2664 1790 2699 F
1818 2664 1829 2710 Ἡ

122 2714 328 2761 ligamenta
353 2715 506 2750 Daniel:
533 2714 736 2759 legitamen
764 2714 804 2750 F
819 2717 831 2760 ΙΙ
862 2714 1062 2749 uerbenam
1088 2714 1127 2749 F
1152 2715 1164 2759 ΙΙ
1197 2718 1239 2749 11
1266 2715 1372 2749 schol.
1399 2714 1449 2748 ad
1474 2725 1578 2748 irnc10
1603 2724 1635 2748 A.
1664 2723 1728 2747 om.
1757 2712 1797 2746 F
1818 2713 1828 2758 f}

124 2767 167 2799 12
193 2762 377 2808 auguriga
401 2762 438 2797 R
455 2764 468 2807 ΙΙ
490 2766 532 2797 14
557 2773 754 2803 Ριι,Αἰ-ορνε
780 2763 820 2797 F
837 2764 848 2808 ΙΙ
867 2762 1017 2807 quidam
1047 2790 1054 2796 .
1076 2786 1084 2796 .
1107 2789 1113 2796 .
1141 2762 1418 2797 transmittatur
1442 2761 1524 2795 hab.
1553 2761 1586 2794 T
1601 2761 1614 2805 ΙΙ
1635 2764 1677 2795 15
1704 2759 1828 2794 hastu-

122 2823 203 2846 rum
230 2811 270 2845 F
286 2811 297 2857 ΙΙ
323 2812 491 2845 asserunt
520 2810 552 2844 T
568 2811 579 2855 ΙΙ
611 2814 652 2845 16
680 2810 821 2845 dictum
846 2810 1024 2854 inferunt]¹
1052 2810 1217 2845 dicturus
1243 2810 1299 2844 est
1328 2810 1359 2843 Τ
1376 2810 1388 2855 Η
1413 2807 1549 2843 tellura
1574 2807 1614 2842 F
1629 2809 1642 2852 ΙΙ
1669 2807 1734 2841 sed
1760 2835 1767 2842 .
1790 2836 1797 2842 .
1820 2836 1826 2842 .

123 2859 257 2905 spissa]
289 2869 378 2903 ergo
403 2858 521 2903 pilata
546 2857 714 2893 conferta
738 2857 761 2892 i.
788 2870 818 2893 e.
850 2858 962 2892 dense
989 2857 1108 2902 spissa
1137 2858 1169 2892 Τ
1197 2859 1209 2902 ΙΙ
1243 2861 1284 2892 17
1312 2857 1445 2892 densas
1472 2856 1511 2890 F
1539 2857 1551 2901 ΙΙ
1582 2856 1735 2900 possent
1763 2855 1795 2888 T
1818 2855 1828 2899 Ι’

124 2909 168 2941 18
194 2906 324 2941 dicunt
349 2917 414 2941 om.
440 2905 474 2940 Τ
487 2906 499 2950 ΙΙ
533 2908 575 2940 19
604 2905 661 2940 vel
688 2932 694 2939 .
718 2933 725 2941 .
748 2932 754 2939 .
782 2916 868 2940 nam
896 2905 934 2940 et
958 2915 1024 2940 om.
1055 2905 1087 2939 Τ
1113 2906 1125 2951 11
1156 2909 1201 2940 20
1228 2903 1390 2939 structili
1414 2903 1570 2939 Daniel:
1598 2901 1731 2938 structi
1757 2901 1797 2937 F
1818 2867 1829 2947 ll

123 2957 165 2988 21
195 2952 344 2999 Graeci]
371 2954 572 2999 propterea
596 2953 680 2988 add.
705 2952 738 2986 T
755 2953 767 2998 ΙΙ
787 2953 838 2998 et]
866 2964 910 2987 ex
937 2951 975 2986 F
1001 2953 1014 2998 ΙΙ
1045 2950 1186 2987 πιλωτά
1212 2963 1290 2998 eyo:
1317 2963 1448 2986 manua
1474 2951 1515 2986 F
1548 2962 1676 2986 τιιΑοιιι
1706 2950 1740 2984 Τ
1771 2963 1829 2984 πι-

123 2998 215 3036 notia
236 3001 375 3036 Daniel
392 3003 404 3044 ss
422 3000 563 3035 Ennius
585 3028 591 3035 .
614 3029 620 3036 .
643 3028 650 3035 .
670 3000 708 3034 in
737 3000 838 3034 bella
863 2998 1016 3035 dolones
1042 3011 1107 3035 om.
1132 3000 1165 3034 T
1181 3001 1193 3045 ΙΙ
1213 3004 1256 3035 22
1283 2999 1369 3034 inde
1394 3027 1402 3034 .
1424 3029 1430 3035 .
1454 3028 1459 3034 .
1489 3010 1570 3034 oras
1596 2996 1829 3042 contemplor

131 3048 313 3083 Vahlenus
338 3050 349 3095 ΙΙ
381 3053 425 3083 23
452 3049 490 3083 et
515 3052 599 3083 ante
623 3047 728 3092 quasi
755 3058 819 3082 om.
842 3047 882 3082 F
909 3048 921 3092 ΙΙ
952 3047 1115 3083 hostium
1142 3048 1181 3082 F
1208 3050 1220 3092 ΙΙ
1252 3049 1296 3081 25
1322 3045 1440 3091 pilato
1468 3046 1516 3089 F,
1542 3057 1633 3081 corr.
1654 3045 1793 3080 Daniel
1818 3044 1829 3090 ΙΙ

125 3100 169 3131 26
196 3096 269 3131 fixa
294 3095 438 3131 stabilis
462 3096 609 3141 scripsi:
636 3093 796 3130 fixabilis
817 3094 856 3129 F
890 3095 964 3129 fixa
983 3095 1187 3131 Masvieius
1205 3097 1217 3139 ΙΙ
1244 3094 1414 3129 triarifim
1441 3094 1671 3137 W‘oelfflinus
1694 3092 1827 3127 Philol.

125 3142 283 3177 XXXIII
304 3155 341 3188 p.
370 3148 432 3179 66:
464 3144 619 3179 triarum
647 3142 693 3178 F.
732 3142 972 3178 historiarum
998 3143 1170 3178 tritarum
1196 3142 1333 3177 Daniel
1369 3140 1608 3176 historiarum
1636 3140 1699 3174 III.
1727 3139 1827 3175 Com-

125 3191 278 3226 melinus
317 3191 553 3226 historiarum
580 3193 712 3235 quarto
740 3190 916 3235 signum
952 3189 1100 3225 Vossius
1125 3192 1168 3225 de
1192 3190 1273 3224 hist.
1300 3190 1361 3223 lat.
1389 3189 1446 3223 Is
1484 3187 1723 3223 historiarum
1749 3201 1827 3223 vm.

126 3237 393 3274 triariorum
422 3239 628 3274 Masvicius
667 3238 907 3274 historiarum
931 3236 1105 3273 tritarum
1131 3239 1264 3283 quarto
1292 3235 1467 3281 signum
1492 3236 1735 3271 Burmannus

1851 1017 1894 1047 10

1854 1374 1896 1405 15

1854 1734 1899 1764 20

1854 2091 1899 2123 25
