2124 3600
247 1043 291 1075 10

248 1400 291 1431 15

246 1756 292 1788 20

249 2113 294 2144 25

319 274 374 325 76
1090 280 1251 317 SERVII

317 392 371 434 ad
402 392 563 447 locum,
600 391 646 432 in
678 406 762 446 quo
796 390 1033 434 inferorum
1064 390 1293 433 descensus
1332 392 1417 445 est,
1455 389 1498 432 id
1530 391 1596 432 est
1628 390 1680 431 ad
1712 389 1949 444 Avernum,
1989 390 2026 431 si

317 463 434 504 intra
464 465 626 505 terram
659 465 759 504 sunt
789 462 928 504 inferi.
986 462 1060 504 alii
1094 462 1222 504 altius
1255 462 1527 518 intellegunt:
1568 461 1640 516 qui
1674 461 1753 502 sub
1785 462 1901 503 terra
1932 475 2026 504 esse

318 533 480 576 inferos
526 534 676 576 volunt
721 534 954 576 secundum
999 533 1324 589 chorographos
1369 534 1413 574 et
1457 534 1719 588 geometras,
1765 531 1837 587 qui
1881 531 2028 575 dicunt

316 608 478 648 terram
516 606 781 662 σφαιροειδῆ
821 620 932 660 6666,
979 620 1088 660 quae
1132 620 1244 660 aqua
1282 607 1325 647 et
1364 617 1462 646 aere
1500 605 1778 646 sustentatur.
1841 603 1955 658 quod
1993 603 2030 646 si

320 679 403 733 est,
435 677 489 720 ad
521 677 752 732 antipodes
777 679 924 732 potest
948 676 1227 733 navigatione
1253 675 1484 732 perveniri,
1517 676 1591 731 qui
1623 676 1834 730 quantum
1866 674 1917 716 ad
1949 689 2028 718 nos

318 750 504 805 spectat,
536 748 665 790 inferi
699 751 819 804 sunt,
859 748 971 790 sicut
1002 763 1079 790 nos
1111 747 1212 790 illis.
1273 747 1375 789 hinc
1407 749 1472 789 est
1503 746 1615 803 quod
1647 748 1807 788 terram
1841 761 1933 790 esse
1965 747 2029 789 in-

316 819 431 862 feros
474 820 675 871 dicimus,
717 834 978 875 quamquam
1021 818 1125 860 illud
1168 818 1241 872 sit,
1284 818 1384 873 quia
1425 833 1578 860 novem
1618 817 1807 873 cingitur
1845 818 2028 860 circulis.
2098 826 2106 836 ’

317 890 576 933 Tiberianus
616 891 747 933 etiam
785 890 951 932 inducit
989 890 1218 945 epistolam
1258 892 1387 932 vento
1428 889 1606 931 allatam
1645 889 1699 931 ab
1740 888 2031 945 antipodibus,

316 976 426 1018 quae
458 962 591 1005 habet
623 962 797 1017 superi
836 961 1024 1003 inferis
1064 961 1302 1003 salutem:
1341 975 1426 1016 qua
1464 961 1689 1003 occasione
1726 963 1886 1003 tractat
1923 960 2030 1003 reci-

317 1048 493 1088 procum
535 1033 617 1076 hoc
657 1033 770 1089 quod
809 1032 995 1075 diximus
1035 1047 1164 1087 supra
1202 1032 1359 1087 <127>.
1408 1047 1509 1074 nam
1553 1032 1853 1086 prudentiores
1899 1032 2030 1074 etiam

317 1105 486 1147 animas
518 1120 595 1160 per
627 1101 966 1160 μετεμψύχωσιν
999 1103 1147 1146 dicunt
1180 1103 1234 1145 ad
1268 1103 1447 1145 alterius
1481 1102 1668 1145 climatis
1701 1118 1885 1158 corpora
1914 1105 2031 1145 tran-

317 1177 420 1232 sire,
452 1191 530 1219 nec
562 1176 607 1218 in
640 1191 690 1219 eo
724 1176 827 1218 orbe
853 1175 1014 1218 versari
1040 1174 1086 1216 in
1113 1189 1197 1230 quo
1224 1173 1343 1229 prius
1375 1173 1568 1216 fuerunt:
1600 1173 1712 1235 unde
1744 1174 1806 1216 ait
1831 1174 2030 1217 Lucanus

317 1247 367 1303 <I
389 1248 505 1302 456>
538 1248 675 1304 regit
706 1247 836 1289 idem
864 1246 1085 1302 spiritus
1114 1247 1256 1288 artus
1285 1245 1407 1288 orbe
1440 1246 1565 1288 alio:
1597 1246 1804 1302 longae,
1837 1245 2030 1288 canitis

317 1319 359 1361 si
405 1318 633 1375 cognita,
677 1318 828 1361 vitae.
891 1317 1110 1360 sciendum
1153 1320 1300 1359 tamen
1345 1317 1417 1359 hoc
1453 1316 1732 1360 Homericum
1774 1331 1887 1360 esse:
1929 1332 2031 1359 nam

318 1390 447 1433 etiam
480 1390 569 1433 illic
602 1389 794 1446 Elpenor
826 1389 1027 1432 similiter
1059 1388 1233 1432 Vlixem
1266 1389 1522 1444 interrogat.

437 1462 536 1505 534.
586 1472 689 1504 SINE
724 1472 841 1504 SOLE
874 1471 1032 1503 DOMOS
1072 1475 1160 1502 non
1194 1462 1259 1501 est
1291 1460 1557 1502 contrarium
1591 1459 1735 1514 (641)
1769 1458 2031 1514 solemque

318 1548 461 1575 suum
493 1548 586 1575 sua
619 1532 791 1575 sidera
821 1534 1027 1574 norunt:
1061 1531 1167 1573 illud
1202 1530 1316 1572 enim
1349 1530 1400 1572 de
1434 1530 1596 1585 campis
1630 1529 1792 1585 Elysiis
1825 1530 1942 1573 dicit.

437 1604 536 1647 535.
586 1615 678 1647 HAG
704 1615 811 1647 VIGE
839 1614 1096 1647 SERMONVM
1124 1602 1231 1644 haec
1258 1616 1396 1656 sacra,
1429 1603 1477 1643 ut
1503 1601 1688 1642 diximus
1715 1615 1846 1655 supra
1872 1599 2030 1656 (255),

317 1677 488 1730 praeter
518 1675 645 1718 unius
678 1674 763 1717 diei
795 1675 985 1731 spatium
1018 1688 1105 1717 11011
1135 1673 1361 1715 tenebant:
1402 1671 1515 1713 unde
1547 1672 1720 1714 veretur
1752 1670 1938 1728 Sibylla,
1978 1688 2031 1715 ne

318 1746 518 1789 inanibus
554 1746 714 1789 fabulis
747 1745 956 1801 ‘datum'‚
996 1746 1039 1787 id
1078 1747 1145 1786 est
1183 1745 1396 1786 statutum
1437 1745 1480 1784 et
1511 1742 1774 1798 legitimum,
1817 1742 2030 1798 ‘tempus’

318 1820 494 1860 teratur.
558 1819 670 1874 quod
713 1821 857 1860 autem
897 1817 1004 1860 dicit
1035 1816 1215 1858 ‘aurora
1246 1815 1433 1857 medium
1466 1829 1592 1856 axem
1622 1813 1887 1870 traiecerat',
1923 1814 2031 1857 illud

319 1890 527 1945 ostendit,
567 1889 680 1945 quod
719 1888 951 1931 secundum
984 1887 1148 1931 Tuscos
1188 1887 1274 1929 diei
1313 1889 1432 1929 ortus
1473 1887 1539 1928 est
1571 1900 1597 1927 a
1629 1887 1752 1928 sexta
1790 1885 1874 1928 diei
1904 1885 2029 1942 hora3

320 1964 441 2004 ortus
475 1960 589 2003 enim
623 1960 709 2002 diei
739 1960 873 2002 habet
904 1974 1116 2002 auroram.
1161 1958 1359 2001 Donatus
1385 1959 1532 2000 tamen
1559 1956 1662 1998 dicit
1687 1955 1901 2000 Auroram
1933 1972 2030 2000 cum

319 2032 541 2088 quadrigis
574 2031 763 2088 positam
796 2030 940 2073 Solem
974 2030 1229 2087 significare.

441 2103 539 2146 538.
590 2115 916 2154 BREVITERQVE
951 2102 1063 2157 quod
1095 2101 1295 2158 congruit
1328 2115 1493 2143 moram
1526 2100 1787 2155 obiurganti.

439 2175 538 2218 539.
588 2186 684 2218 Nox
709 2186 819 2217 RVIT
853 2174 890 2216 si
921 2188 999 2230 per
1031 2173 1144 2215 diem
1177 2187 1298 2215 sacra
1325 2171 1614 2226 celebrantur,
1646 2169 1764 2212 ‘ruit’
1793 2172 1859 2213 est
1890 2170 2029 2213 immi-

415 2297 436 2328 2
462 2291 529 2327 alii
557 2320 563 2327 .
651 2292 739 2327 orbe
765 2291 857 2338 alio]
886 2302 999 2326 exscr.
1026 2290 1212 2336 mythogr.
1240 2288 1291 2324 III
1313 2293 1345 2332 6,
1366 2289 1483 2334 25118
1509 2286 1746 2332 Tiberianus]
1774 2287 1819 2323 cf.
1840 2286 2029 2323 Baehrens

321 2340 426 2375 uned.
455 2339 520 2375 lat.
549 2338 639 2376 Ged.
666 2351 701 2385 p.
722 2340 799 2385 2711
825 2343 868 2374 21
896 2338 995 2383 quod
1021 2339 1146 2374 autem
1175 2365 1181 2372 .
1203 2366 1209 2373 .
1233 2366 1238 2372 .
1267 2336 1457 2382 auroram]
1486 2334 1530 2371 cf.
1551 2334 1714 2370 Macrob.
1743 2334 1819 2370 Sat.
1846 2335 1863 2369 I
1883 2339 1916 2380 3,
1939 2338 1981 2370 11

419 2451 437 2481 1
465 2446 654 2482 discensus
671 2446 745 2481 AS
753 2445 830 2481 FO
851 2446 1064 2489 (descensus
1085 2445 1122 2491 a)
1142 2446 1154 2490 ΙΙ
1174 2444 1221 2479 ad
1247 2455 1402 2479 uernum
1423 2441 1512 2477 HF
1526 2443 1539 2487 ΙΙ
1557 2445 1578 2476 2
1605 2441 1706 2477 intra
1723 2442 1824 2476 terra
1842 2440 1872 2476 S
1888 2442 1901 2487 ss
1921 2453 2031 2487 super

320 2496 460 2530 terram
487 2493 528 2528 F
563 2505 673 2539 super
697 2495 799 2529 terra
825 2493 924 2539 0113
950 2492 1088 2528 inferos
1114 2503 1193 2528 esse
1221 2491 1297 2526 FO
1312 2492 1324 2537 ΙΙ
1343 2489 1621 2536 chyrographos
1647 2490 1683 2524 A
1710 2490 1814 2534 (corr.
1836 2491 1873 2534 a)
1900 2499 2030 2535 cygro-

321 2542 486 2588 graphos
506 2540 535 2576 S
559 2542 680 2587 (prior
705 2552 730 2586 g
750 2545 835 2586 post
860 2541 988 2586 deleta)
1025 2539 1310 2586 historiografus
1332 2537 1372 2573 F
1387 2538 1400 2583 Ι]
1418 2536 1665 2583 geometricos
1692 2538 1786 2582 11114
1811 2536 2030 2582 spaeroiden

321 2590 358 2625 Α
402 2588 649 2634 sphaeroiden
681 2588 710 2623 S
751 2588 919 2633 speroide
958 2588 992 2623 R
1036 2587 1262 2633 sperodenec
1294 2585 1338 2621 H
1378 2584 1574 2631 speroiden
1604 2583 1655 2618 M
1694 2583 1925 2629 spheroeden
1956 2583 2035 2619 FO

321 2634 561 2682 (spheroiden
580 2635 619 2670 F
642 2647 738 2670 man.
764 2637 842 2680 alt.)
862 2637 874 2681 ΙΙ
893 2635 1150 2670 substentatur
1176 2633 1253 2670 FO
1268 2635 1280 2680 ΙΙ
1300 2633 1399 2678 quod
1425 2632 1456 2667 si
1482 2633 1538 2666 est
1566 2661 1569 2666 .
1595 2659 1601 2666 .
1626 2660 1631 2665 .
1658 2630 1768 2666 inferi
1793 2632 1879 2666 sunt
1903 2642 1969 2668 om.
1990 2631 2035 2666 H

321 2684 331 2732 Η
358 2687 379 2718 5
405 2684 531 2729 potest
556 2682 604 2717 ad.
629 2682 826 2727 antipodas
854 2683 930 2718 FO
946 2684 958 2729 ll
986 2682 1075 2727 quia
1101 2683 1150 2717 M
1172 2684 1185 2728 ΙΙ
1215 2686 1236 2717 6
1263 2680 1434 2727 spectant
1462 2680 1510 2714 M
1532 2680 1545 2724 ΙΙ
1577 2683 1596 2714 7
1623 2679 1666 2714 fit
1690 2680 1782 2715 coni.
1808 2679 1996 2714 Baehrens
2019 2678 2030 2726 ΙΙ

321 2731 412 2777 quia
435 2731 474 2766 in
499 2729 613 2766 VIIII.
641 2729 669 2764 S
698 2731 710 2774 ΙΙ
747 2729 864 2774 cingit
890 2730 935 2764 H
961 2731 972 2775 ΙΙ
1010 2733 1030 2764 8
1056 2730 1270 2765 teberianus
1298 2728 1342 2763 H
1360 2729 1374 2774 ΙΙ
1411 2727 1574 2762 ablatam
1605 2726 1644 2761 H
1670 2727 1682 2771 ΙΙ
1720 2730 1740 2761 9
1766 2725 1898 2773 habet]
1925 2725 1948 2761 Γ.
1975 2726 2030 2762 ita

320 2776 836 2862 Ξῖξξζεῖζςᾝῖτρῖπᾞ
855 2778 1014 2859 'Lim
1037 2777 1083 2859 ἔ
1102 2776 1428 2860 'Lasst'essussdcgssff
1439 2773 1682 2867 fflissiffguff
1694 2774 2030 2866 Esffiffiinffi'
2068 2781 2070 2783 ’

321 2873 399 2908 11116
496 2872 663 2918 fuerunt]
690 2871 738 2906 ad
763 2836 915 2907 alteiiius
940 2872 1060 2906 terrae
1086 2871 1203 2916 partis
1229 2836 1383 2916 ciii-{ora
1408 2869 1609 2904 transitum
1633 2868 1755 2903 facere
1780 2821 1843 2902 1161
1868 2866 2030 2903 climatis

322 2931 477 2966 corpora
510 2919 669 2954 transire
701 2929 769 2954 nec
799 2918 839 2954 in
870 2929 914 2953 eo
947 2918 1035 2953 orbe
1066 2918 1206 2953 uersari
1239 2918 1279 2953 in
1311 2929 1384 2962 quo
1415 2916 1515 2962 prius
1547 2916 1697 2951 fuerunt
1726 2914 1766 2950 id
1798 2915 1855 2950 est
1887 2926 1960 2951 non
1990 2914 2030 2950 in

324 2967 454 3004 eodem
480 2967 630 3002 climate
656 2965 798 3002 uersari
823 2966 871 3001 M
895 2965 970 3010 (uel
997 2965 1158 3000 climatis
1186 2996 1193 3002 .
1215 2995 1222 3002 .
1245 2993 1252 3001 .
1279 2965 1430 3000 fuerunt
1454 2967 1534 3009 post
1559 2965 1742 3007 expuncta
1766 2964 1866 3007 sunt)
1886 2963 1898 3008 ΙΙ
1924 2962 2030 2996 clim-

323 3014 435 3051 matis
454 3012 533 3050 FG'
547 3014 559 3060 ΙΙ
580 3018 623 3049 12
643 3014 734 3049 urbe
754 3013 799 3048 H
813 3014 825 3059 Ι]
843 3012 982 3048 fuerint
1000 3012 1036 3047 R
1054 3013 1067 3058 ΙΙ
1088 3016 1129 3047 13
1151 3013 1252 3047 artus
1278 3023 1344 3048 om.
1360 3011 1462 3054 ΑΗ,
1488 3012 1588 3046 artos·
1609 3008 1687 3044 FO
1701 3011 1713 3055 ΙΙ
1730 3009 1841 3053 longe
1861 3008 2033 3044 ARHG

322 3063 407 3111 1114
431 3061 484 3098 616
503 3061 588 3096 RF
604 3062 615 3107 ΙΙ
634 3061 705 3096 1106
730 3061 810 3097 hab.
834 3060 864 3095 U
879 3061 891 3107 ΙΙ
913 3063 955 3095 15
983 3058 1124 3095 elfenor
1150 3059 1227 3094 FO
1242 3061 1254 3105 ΙΙ
1274 3060 1323 3094 ad
1346 3071 1378 3094 v.
1400 3062 1468 3093 533
1494 3069 1647 3092 FATIGAT
1673 3055 1868 3101 fatigando
1893 3055 2027 3101 impel-

322 3111 369 3146 lit
389 3109 590 3145 Fabricius
607 3110 620 3154 1}
641 3112 683 3143 16
710 3120 828 3144 nouvs
848 3108 888 3142 F
895 3107 926 3142 O
939 3108 952 3153 ΙΙ
974 3111 1015 3142 19
1041 3106 1204 3152 praeter]
1231 3106 1360 3141 aether
1380 3105 1421 3140 F
1454 3104 1628 3150 praether
1655 3102 1686 3137 O
1700 3102 1712 3148 ΙΙ
1732 3102 1792 3138 dei
1817 3102 1863 3137 Ss
1883 3102 1958 3138 diei
1983 3114 2027 3139 ex

325 3158 407 3193 deei
433 3157 478 3192 H
496 3157 510 3202 ΙΙ
538 3156 736 3192 uerebatur
761 3155 798 3190 R
821 3157 834 3201 ΙΙ
865 3159 908 3191 21
936 3154 1029 3190 dicit
1053 3165 1118 3190 om.
1145 3153 1181 3188 R
1210 3155 1221 3199 ΙΙ
1252 3156 1296 3188 22
1323 3152 1383 3186 dei
1409 3152 1438 3187 S
1462 3151 1551 3196 (diei
1574 3151 1606 3195 s)
1633 3149 1692 3185 die
1719 3149 1762 3183 Η
1782 3150 1794 3194 ΙΙ
1827 3161 1892 3185 ora
1916 3150 1994 3186 FO
2016 3150 2029 3197 Η

325 3209 370 3241 26
402 3204 638 3286 66166166Ξ111
663 3203 734 3238 AS
743 3203 792 3238 M
796 3218 803 3238 :
843 3202 1150 3238 caelebrabantur
1175 3200 1211 3236 R
1254 3199 1493 3235 celebrabant
1518 3198 1563 3232 H
1600 3197 1883 3233 celebrabantur
1908 3197 1988 3233 FC
2014 3198 2026 3244 ΙΙ

326 3253 399 3299 est]
425 3252 464 3287 id
489 3253 547 3288 est
