2124 3600
488 262 640 301 coMM.
666 262 719 301 IN
744 263 888 301 vaae.
915 261 1026 301 AEN.
1052 263 1123 300 vn
1148 267 1349 302 464—490.
1587 277 1598 289 ·
1681 262 1766 307 161

59 388 218 417 nomen
248 390 327 430 pro
359 376 534 418 nomine
572 375 763 431 ponitur,
800 390 889 418 non
924 389 1003 430 pro
1040 374 1304 417 nominibus:
1345 374 1455 416 unde
1494 374 1622 417 modo
1660 389 1772 417 nove

59 446 174 488 inter
212 446 295 489 duo
331 447 510 489 nomina
546 462 680 490 unum
723 461 961 502 pronomen
1005 446 1171 502 posuit3
1214 460 1317 504 nain
1353 446 1468 488 recte
1506 445 1614 501 ‘quo
1653 445 1771 489 loco'

62 518 233 561 diecret.
282 521 325 560 et
354 518 437 561 hoc
470 519 600 562 semel
633 521 804 561 tantum
835 518 952 561 fecit.

180 590 279 633 478.
330 601 519 633 INSIDIIS
553 601 794 641 CVRSVQVE
836 604 962 632 cursu
1001 589 1214 645 agitabat:
1252 603 1354 630 nani
1393 588 1562 630 insidiis
1595 589 1775 631 circum-

65 662 278 716 venimus,
309 675 397 702 non
429 661 656 716 agitamus.
1802 668 1822 699 5

181 733 282 775 479.
332 743 528 774 CANIBvs
561 744 737 774 RABIEM
770 732 961 774 studium
993 731 1178 775 mutavit
1210 731 1256 774 in
1288 732 1466 774 rabiem.

183 804 283 847 480.
332 815 459 846 NOTO
493 789 651 847 ODdRE
692 804 884 858 cervino,
921 805 1064 847 solent
1095 794 1209 846 enini
1240 803 1304 845 ita
1337 803 1525 846 institui:
1566 803 1776 845 Horatius

63 876 335 918 venaticus
369 890 424 917 ex
456 889 551 932 quo
583 875 841 918 cervinam
867 876 1075 928 catulus
1108 875 1294 930 pellem
1327 874 1549 917 latravit
1575 875 1622 917 in
1650 875 1778 917 aula.

182 947 282 989 481.
333 958 458 997 QVAE
490 957 637 988 PRIMA
667 958 891 990 LABORVM
918 958 1065 990 CAVSA
1090 958 1201 989 err
1233 945 1316 988 hoc
1348 948 1414 987 est
1444 946 1559 1000 <4Ο>
1592 945 1641 1003 ερι
1672 946 1779 1001 pri-

67 1033 175 1060 mae
207 1018 463 1060 revocabo
496 1018 709 1060 exordia
741 1032 952 1074 pugnae.
1808 1025 1850 1056 10

184 1090 283 1132 482.
333 1100 509 1132 ANIMOS
542 1083 777 1132 A'GRESTES
816 1090 914 1145 plus
947 1092 1030 1144 est,
1073 1104 1202 1145 quam
1235 1088 1271 1130 si
1304 1087 1587 1144 ‘agrestium'
1620 1088 1781 1130 diceret

68 1160 295 1204 ‘animos'.

187 1233 287 1275 483.
338 1243 568 1276 CORNIBVS
612 1244 783 1286 INGENS
827 1231 1025 1289 eingens’
1072 1235 1116 1274 et
1160 1232 1214 1275 ad
1259 1233 1553 1287 praestantem
1598 1230 1782 1273 formam

69 1305 259 1360 pertinet
290 1307 334 1347 et
365 1304 419 1346 ad
451 1304 793 1360 magnitudinem
826 1319 1045 1347 cornuum.

190 1375 290 1417 484.
340 1386 611 1416 TYRRHIDAE
644 1387 782 1418 Pvam
815 1375 971 1430 Tyrrhi
1003 1371 1093 1418 filii.
1152 1377 1195 1416 et
1226 1378 1274 1416 ut
1306 1374 1491 1416 diximus
1524 1389 1656 1429 supra
1690 1374 1782 1429 <VI
1811 1384 1853 1415 15

71 1446 201 1501 760),
233 1446 400 1488 adludit
427 1446 480 1488 ad
505 1461 680 1488 nomen:
712 1461 812 1488 nam
834 1446 1027 1502 Tyrrhus
1055 1446 1193 1488 dictus
1220 1448 1286 1488 est
1311 1448 1479 1501 pastor,
1511 1446 1623 1500 apud
1657 1460 1783 1500 quem

72 1518 255 1560 Lavinia
285 1517 463 1573 peperit.
958 1514 973 1523 ”

190 1589 289 1632 485.
342 1600 419 1631 cvl
444 1600 587 1630 REGIA
612 1600 797 1631 PARENT
823 1601 1048 1632 ARMENTA
1074 1589 1332 1646 magistrum
1359 1588 1471 1631 hunc
1497 1588 1663 1644 pecoris
1690 1588 1786 1630 vult

72 1660 207 1702 fuisse
240 1662 283 1702 et
316 1659 593 1702 saltuarium:
625 1674 727 1702 nam
758 1660 840 1703 hoc
873 1663 939 1702 est
970 1659 1035 1702 ‘et
1068 1660 1153 1703 late
1185 1660 1384 1702 custodia
1415 1660 1579 1702 credita
1610 1659 1787 1714 campi'.

73 1731 281 1787 magister
327 1732 472 1772 autem
517 1731 684 1785 pecoris
729 1734 795 1773 est
840 1732 892 1774 ad
939 1747 1066 1787 quem
1110 1731 1257 1774 omnia
1298 1731 1519 1786 pertinent
1561 1731 1786 1773 animalia:
1813 1741 1858 1771 20

74 1802 223 1845 Cicero
266 1801 498 1843 nominat
540 1802 814 1858 hominem,
865 1818 1012 1859 quem
1063 1803 1370 1859 magistrum
1421 1802 1625 1858 pecoris
1677 1817 1787 1844 esse

75 1873 296 1916 dicebat.

194 1944 293 1986 487.
344 1955 498 1986 811,le
529 1945 690 1987 bonum
722 1945 890 1999 puellae
924 1945 1110 1987 rusticae
1142 1960 1299 1988 nomen
1333 1945 1548 1988 formavit.

195 2015 294 2057 489.
344 2027 678 2066 PECTEBATQVE
703 2027 863 2058 FERVM
896 2015 1234 2072 quadrupedem,
1266 2019 1313 2058 ut
1345 2016 1416 2071 <II
1444 2016 1528 2070 51>
1561 2016 1612 2057 in
1646 2016 1787 2057 latus

76 2088 227 2142 inque
259 2087 360 2128 feri
392 2101 597 2130 curvam
630 2088 967 2143 compagibus
1002 2087 1180 2129 alvum.
1814 2097 1859 2128 25

195 2158 295 2200 490.
344 2170 511 2200 MANVM
537 2170 735 2201 PATIENS
767 2158 956 2214 ‘patiens
984 2159 1100 2201 illius
1127 2158 1211 2200 rei’
1238 2158 1439 2213 dicimus,
1472 2158 1581 2200 unde
1610 2160 1790 2212 apparet

175 2292 194 2324 7
221 2286 414 2334 Horatius]
445 2299 501 2333 ep.
523 2288 539 2322 Ι
558 2292 592 2333 2,
614 2290 689 2334 6511
712 2292 757 2323 21
786 2288 932 2334 Cicero]
959 2288 997 2323 in
1026 2288 1127 2324 Verr.
1155 2290 1226 2324 act.
1248 2288 1281 2321 II
1308 2287 1371 2324 lib.
1394 2288 1424 2323 V
1447 2292 1478 2331 7,
1503 2292 1544 2323 17
1564 2289 1576 2334 ΙΙ
1602 2291 1648 2322 24
1674 2300 1791 2322 ranvii

81 2335 375 2382 quadrupedem]
404 2335 448 2371 cf.
476 2336 570 2371 Non.
599 2348 633 2381 p.
661 2340 742 2380 307,
771 2340 813 2371 19
837 2335 887 2371 M.

177 2446 193 2476 1
222 2453 290 2487 pro
315 2453 388 2477 uno
414 2441 562 2477 nomine
591 2443 656 2477 Ml
674 2444 685 2489 ΙΙ
706 2443 877 2478 omnibus
896 2443 932 2477 L
958 2443 1184 2488 (nominibus
1210 2444 1236 2486 l)
1256 2444 1267 2489 ΙΙ
1288 2443 1397 2478 modo
1423 2453 1489 2477 om.
1512 2442 1598 2477 LH
1616 2442 1713 2487 (add.
1735 2442 1761 2486 l>
1782 2441 1793 2487 (T

82 2489 273 2524 nonienter
298 2489 371 2524 As
396 2489 501 2534 (corr.
528 2492 566 2535 a)
587 2492 598 2537 ΙΙ
626 2495 647 2525 3
674 2490 801 2525 dicent
826 2491 870 2525 H
885 2492 896 2537 ΙΙ
924 2494 946 2525 4
973 2491 1145 2536 agitabat
1170 2490 1274 2525 LM:
1304 2489 1501 2535 agitabant
1527 2490 1570 2524 H
1604 2490 1792 2535 agitamus

81 2536 260 2572 ASRFl
279 2538 291 2583 ll
311 2537 414 2582 nani]
441 2547 526 2571 nam
548 2537 579 2572 si
599 2538 639 2572 F
655 2540 667 2584 ΙΙ
687 2538 909 2573 ciruenimus
930 2538 969 2572 F
985 2541 997 2584 ΙΙ
1017 2542 1038 2573 ὃ
1064 2550 1137 2574 non
1164 2538 1349 2583 agitamus
1369 2548 1435 2572 om.
1453 2537 1539 2571 LII
1554 2539 1566 2583 ΙΙ
1586 2541 1607 2572 6
1627 2536 1791 2572 studium

82 2594 214 2623 canum
242 2585 404 2619 mutauit
431 2584 480 2619 M
485 2586 497 2619 l
516 2586 527 2631 ΙΙ
556 2589 577 2620 8
604 2584 808 2629 venaticus,
835 2597 879 2621 ex
905 2597 977 2630 quo
1004 2589 1172 2631 tempore
1198 2585 1386 2621 cervinam
1412 2585 1550 2630 pellem
1576 2585 1730 2619 latravit
1754 2584 1793 2618 in

84 2632 187 2676 aula,
214 2631 353 2666 militat
375 2632 413 2666 in
441 2631 545 2667 silvis
572 2633 717 2668 catulus
740 2633 924 2668 Horatius
942 2634 954 2678 ΙΙ
973 2637 994 2667 9
1021 2647 1113 2673 ovar-2
1138 2645 1246 2668 rama
1272 2644 1434 2668 LABORVM
1461 2643 1572 2667 cAvsA
1598 2645 1678 2667 Fvir
1703 2631 1793 2666 AS:

82 2690 176 2724 quae
214 2679 336 2724 prima
372 2678 543 2714 laborum
578 2691 692 2715 causa
725 2679 797 2715 fuit
828 2693 996 2715 miinonviu
1027 2692 1138 2716 cavsA
1169 2693 1249 2716 πονιτ
1277 2681 1325 2715 Μ
1365 2692 1534 2715 ΜΑιοηνΜ
1569 2691 1680 2715 cavea
1712 2692 1793 2714 rvrr

85 2727 218 2771 reliqui
248 2728 259 2772 ΙΙ
293 2730 333 2760 11
368 2737 537 2761 Aoni-:sris
571 2727 668 2762 HM
698 2729 710 2772 ΙΙ
747 2730 804 2762 est
829 2739 895 2764 om.
924 2727 964 2762 F
990 2729 1002 2773 ΙΙ
1034 2740 1144 2773 quam
1178 2728 1208 2763 si
1239 2728 1382 2762 diceret
1412 2727 1617 2773 agrestium
1650 2726 1794 2761 animos

84 2772 244 2808 ASRF
261 2775 272 2820 11
296 2778 336 2808 12
357 2773 500 2809 animos
526 2785 591 2809 om.
612 2775 696 2809 LH
712 2776 723 2821 ΙΙ
746 2779 788 2809 13
808 2787 982 2821 οοιυμυνε
1004 2803 1011 2810 .
1028 2803 1034 2810 .
1051 2803 1058 2810 .
1080 2775 1242 2820 pertinet
1260 2786 1325 2809 om.
1343 2775 1428 2809 LH
1451 2775 1507 2820 (in
1525 2785 1641 2819 vizary.
1663 2775 1747 2809 add.
1769 2775 1795 2817 l)

83 2819 96 2867 11
123 2824 166 2855 14
190 2821 381 2866 pertinens
401 2821 517 2856 ASR
543 2825 648 2866 (corr.
670 2823 706 2867 a)
726 2824 739 2867 ΙΙ
758 2823 811 2867 et!
840 2834 907 2857 nec
931 2825 969 2857 et
988 2823 1022 2857 L
1048 2824 1132 2867 (nec
1157 2824 1223 2858 del.
1245 2823 1270 2867 l)
1296 2833 1364 2857 nec
1385 2822 1428 2856 H
1443 2823 1455 2868 n
1476 2825 1519 2857 15
1546 2834 1738 2856 'mummia-2
1759 2822 1794 2855 A

85 2880 227 2902 'rmnma
252 2868 288 2902 R
326 2881 478 2903 'PYRRIDE
505 2869 539 2903 L
577 2867 752 2904 T'ymunffl
779 2869 875 2903 HM
893 2870 904 2915 ΙΙ
923 2869 1015 2915 tyrri
1035 2870 1124 2905 ΑΗ
1127 2870 1175 2905 Μ
1207 2869 1291 2904 tirri
1316 2869 1393 2904 RL
1412 2871 1424 2915 ΙΙ
1447 2874 1488 2904 16
1514 2871 1635 2914 tyrrus
1655 2868 1743 2903 LH
1750 2868 1799 2902 M

85 2915 222 2950 tirrhus
248 2915 284 2950 R
303 2917 314 2961 11
342 2920 384 2950 17
412 2915 553 2951 lauinia
578 2916 727 2951 siluium
753 2917 900 2961 peperit
925 2918 967 2963 ΖΙΙ
995 2921 1038 2953 18
1064 2918 1230 2963 peccoris
1251 2918 1285 2951 A
1305 2918 1317 2962 ΙΙ
1346 2921 1388 2951 19
1415 2917 1513 2952 laete
1533 2918 1568 2951 A
1595 2917 1699 2961 (corr.
1721 2917 1758 2960 a)
1784 2916 1796 2960 11

85 2965 131 2996 20
157 2963 299 3009 autem]
326 2963 424 2997 enim
452 2963 492 2997 F
513 2965 525 3010 ΙΙ
553 2964 716 3008 pectoris
743 2964 775 2998 L
806 2964 819 3008 ΙΙ
856 2965 912 2999 est
936 2965 1080 3010 peeoris
1106 2964 1283 3008 ASRF,
1308 2964 1385 2999 nisi
1409 2964 1506 3009 quod
1530 2964 1698 3009 peccoris
1724 2963 1759 2997 A
1785 2963 1797 3007 Η

1124 3020 1228 3039 monla

90 3044 215 3080 omnia
239 3045 365 3081 monia
390 3046 580 3091 pertinent
601 3046 637 3081 A
663 3046 805 3092 (monia
830 3048 896 3083 del.
917 3050 954 3092 a)
993 3047 1120 3083 omnia
1145 3047 1334 3094 pertinent
1353 3046 1381 3081 S
1399 3048 1410 3092 ΙΙ
1430 3051 1473 3082 21
1500 3047 1666 3092 peccoris
1685 3045 1770 3079 AF
1785 3044 1798 3090 Η

89 3094 133 3125 22
159 3091 310 3128 dicebat
334 3092 514 3129 ASRF:
541 3093 700 3129 decebat
724 3094 894 3130 LMHa
912 3097 925 3140 ΙΙ
944 3099 989 3130 25
1016 3107 1168 3130 curvam
1196 3124 1203 3131 .
1226 3122 1232 3129 .
1256 3122 1263 3130 .
1291 3094 1435 3140 alvum]
1465 3106 1494 3130 c.
1516 3106 1547 3129 c,
1569 3096 1594 3128 t.
1616 3106 1649 3127 u.
1677 3090 1803 3126 ASH

90 3149 121 3173 c,
147 3151 176 3174 c.
203 3152 233 3174 ο.
260 3153 292 3175 r.
318 3153 350 3176 v.
377 3140 412 3174 L
456 3152 485 3176 c.
513 3152 542 3177 c.
569 3142 594 3176 t.
623 3142 647 3176 l.
674 3154 708 3176 u.
738 3142 785 3176 M
821 3143 832 3187 ΙΙ
869 3142 984 3187 inque
1017 3143 1087 3177 feri
1118 3142 1216 3187 quod
1242 3141 1441 3176 velocitate
1468 3142 1605 3186 pedum
1631 3140 1799 3174 ferantur

91 3184 294 3228 Stephanus
339 3187 450 3231 inque
480 3187 550 3223 feri
582 3199 733 3224 curvam
764 3189 1009 3234 compagibus
1042 3190 1186 3224 alvum:
1226 3189 1279 3223 sic
1310 3187 1434 3224 dictae
1465 3188 1565 3232 quod
1598 3185 1797 3222 velocitate

92 3231 230 3274 pedum
255 3232 420 3268 serantur
445 3235 593 3270 Daniel.
631 3236 677 3278 cf.
704 3236 803 3271 Serv.
830 3237 890 3271 ad.
917 3237 1008 3272 Aen.
1035 3238 1051 3271 1
1077 3240 1146 3271 215
1172 3240 1204 3272 ει
1231 3237 1263 3271 ΙΙ
1290 3239 1331 3270 51

165 3296 262 3322 Servii
281 3304 388 3324 comm.
405 3298 474 3325 Vol.
493 3299 535 3325 11.
554 3299 643 3325 Fasc.
662 3301 686 3325 I.
805 3317 809 3320 ⁴
1471 3297 1513 3326 ll
