2124 3600
541 242 694 279 OOMM.
720 241 773 277 m
798 241 941 279 VERG.
968 240 1079 278 AEN.
1105 242 1156 301 Vl
1183 246 1382 279 394-408,
1759 242 1816 285 63

227 351 327 395 398.
377 363 647 394 AMPHRYSIA
678 362 826 395 VATES
864 351 1113 406 Apollinea:
1151 353 1194 394 et
1231 354 1299 393 est
1336 352 1465 407 longe
1503 351 1690 407 petitum
1730 352 1815 407 epi-

105 423 272 466 theton.
327 438 430 466 nam
461 423 735 479 Amphrysus
768 423 923 466 fluvius
956 424 1022 465 est
1053 422 1469 483 Thessaliaekcirca
1501 438 1628 479 quem
1659 423 1816 478 Apollo

106 494 320 549 spoliatus
359 495 584 537 divinitate
617 508 643 536 a
673 493 774 536 Iove
805 494 919 536 irato
953 493 1129 536 Admeti
1166 493 1283 549 regis
1321 493 1444 548 pavit
1476 497 1676 536 armenta
1707 494 1816 549 ideo,

105 565 205 620 quia
236 566 452 608 occiderat
482 565 714 621 Cyclopas,
745 565 1028 608 fabricatores
1060 565 1307 620 fulminum,
1341 565 1496 620 quibus
1529 565 1816 621 Aesculapius

104 637 320 679 extinctus
355 639 436 693 est,
472 637 688 692 Apollinis
720 636 852 691 filius,
884 636 984 691 quia
1009 635 1294 691 Hippolytum
1321 636 1375 678 ab
1402 636 1553 678 inferis
1585 636 1815 679 herbarum

103 709 300 763 potentia
330 711 620 751 revocaverat.
1686 752 1689 756 ,

222 781 321 823 400.
372 792 464 823 NEc
488 792 574 822 VIM
600 790 724 821 TELA
751 791 935 822 EERVNT
968 794 1018 821 ac
1051 779 1086 821 si
1118 779 1295 834 diceret,
1326 781 1499 821 tantum
1531 779 1755 834 repellunt.

102 863 240 894 LIOET
271 852 338 894 fas
370 854 457 893 est:
489 854 532 893 et
563 853 629 894 est
659 850 932 894 concedentis
965 850 1234 905 adverbium,
1267 850 1381 893 sicut
1414 849 1566 892 ‘esto².

218 923 319 966 401.
369 934 628 965 AETERNVM
654 922 907 965 adverbium
933 923 1016 977 est,
1048 923 1098 963 ut
1124 936 1256 977 supra
1282 921 1441 976 <381>.
1492 924 1536 964 et
1561 921 1816 964 subauditur

100 994 168 1036 bis
201 993 446 1036 ‘aeternum
477 995 642 1037 latrans
676 997 898 1037 aeternum
929 992 1125 1049 terreat',
1156 994 1203 1036 id
1231 997 1291 1036 est
1318 1007 1476 1048 semper
1507 994 1678 1036 latrans.

218 1066 318 1108 402.
369 1077 540 1108 PATRVI
572 1066 674 1120 quia
700 1065 814 1108 Iovis
848 1067 915 1107 est
946 1064 1037 1107 filia
1067 1080 1118 1106 ex
1144 1063 1309 1106 Cerere.
1415 1076 1594 1107 SERVET
1627 1064 1815 1118 obtineat,

102 1136 338 1192 custodiat,
375 1137 587 1191 inhabitet,
630 1139 678 1179 ut
710 1135 825 1191 <VII
857 1136 944 1190 52>
978 1136 1091 1179 sola
1123 1136 1322 1178 domum
1355 1138 1403 1178 et
1435 1138 1611 1178 tantas
1645 1151 1815 1178 serva-

102 1208 192 1250 bat
221 1207 341 1250 filia
369 1209 528 1252 sedes.

219 1279 318 1321 403.
370 1290 539 1322 TROIVS
566 1291 748 1322 AENEAS
781 1279 825 1321 id
852 1281 919 1321 est
945 1293 970 1321 a
995 1278 1077 1320 diis
1105 1278 1316 1334 originem
1349 1278 1519 1321 ducens.
1612 1290 1814 1320 PIETATE

103 1361 304 1393 INSIGNIS
330 1362 389 1392 ET
414 1362 558 1394 ARMIS
590 1354 769 1406 propter
800 1350 907 1393 illud
938 1349 1085 1405 <129>
1118 1350 1268 1404 pauci
1300 1364 1426 1405 quos
1459 1365 1649 1405 aequus
1682 1364 1814 1392 ama-

102 1421 177 1464 vit
208 1421 442 1477 Iuppiter
475 1424 562 1464 aut
593 1422 777 1464 ardens
811 1422 982 1466 evexit
1014 1421 1074 1464 ad
1106 1421 1315 1463 aethera
1347 1421 1527 1463 virtus.

220 1494 320 1536 404.
370 1506 510 1536 EREBI
541 1493 709 1535 Erebus
742 1493 914 1549 proprie
947 1495 1014 1536 est
1045 1507 1147 1548 pars
1180 1492 1436 1548 inferorum,
1468 1492 1513 1534 in
1546 1507 1632 1547 qua
1663 1491 1708 1533 hi
1741 1485 1813 1547 qui

103 1565 210 1607 bene
248 1565 467 1621 vixerunt,
505 1568 740 1607 morantur.
802 1580 904 1607 nam
942 1564 996 1607 ad
1028 1564 1226 1620 Elysium
1262 1578 1350 1606 non
1386 1564 1471 1606 nisi
1509 1563 1684 1619 purgati
1722 1577 1814 1618 per-

100 1636 296 1678 veniunt:
328 1637 439 1679 uude
471 1638 538 1680 est
570 1636 716 1691 (744)
751 1637 799 1678 et
829 1636 985 1691 pauci
1015 1636 1155 1678 laeta
1187 1650 1307 1678 arva
1338 1638 1581 1677 tenemus.
1632 1634 1732 1676 hinc
1764 1635 1814 1675 fit

101 1710 149 1749 ut
185 1710 435 1763 quaeratur,
474 1723 530 1750 an
570 1708 739 1751 animae
777 1708 828 1750 de
859 1708 1013 1763 Elysio
1053 1708 1100 1750 in
1132 1721 1316 1762 corpora
1353 1706 1523 1762 possint
1559 1704 1727 1748 redire?
1771 1708 1815 1747 et

101 1778 415 1834 deprehensum
443 1782 510 1822 est
537 1795 622 1822 non
648 1780 805 1835 redire,
831 1779 932 1835 quia
958 1794 1036 1835 per
1060 1779 1363 1835 purgationem
1390 1780 1539 1821 carent
1566 1777 1814 1833 cupiditate.

137 1860 145 1868 ·
219 1850 318 1893 405.
369 1862 411 1894 SI
449 1863 507 1892 TE
547 1863 704 1894 NVLLA
742 1863 902 1894 MOVET
950 1851 1207 1893 necessitate
1254 1851 1349 1892 vult
1392 1849 1668 1905 persuadere,
1714 1848 1815 1904 quia

102 1921 184 1964 scit
215 1936 364 1965 manes
395 1922 515 1964 nulla
547 1937 594 1964 re
626 1923 759 1977 flecti,
797 1924 846 1964 ut
884 1923 1078 1964 scirent
1117 1922 1160 1964 si
1198 1922 1471 1977 ignoscere
1510 1935 1694 1964 manes.

102 2005 313 2036 PIETATIS
346 2005 495 2036 IMAGO
530 1994 686 2048 pietas:
719 2008 795 2049 per
826 1993 1097 2048 periphrasin
1128 1993 1262 2048 dicta,
1300 1995 1348 2034 ut
1381 1992 1462 2036 ‘vis
1495 1991 1737 2047 Herculea’,
1771 1992 1813 2033 id

101 2066 168 2106 est
198 2063 421 2107 Hercules.
721 2117 729 2122 ⁶

217 2136 317 2179 406.
367 2148 538 2179 APERIT
565 2136 798 2195 nudath‘ut
824 2135 918 2191 <III
939 2135 1054 2190 206>
1081 2135 1282 2190 aperire
1314 2135 1496 2190 procul
1528 2136 1726 2177 montes
1759 2148 1814 2176 ac

104 2207 311 2250 volvere
342 2207 544 2250 fumum.

218 2279 318 2321 408.
368 2290 460 2321 NEC
487 2290 640 2321 PLVRA
665 2290 741 2321 HIS
775 2292 853 2320 neo
888 2279 954 2319 est
986 2277 1150 2332 aliquid
1181 2276 1364 2319 ulterius
1397 2276 1559 2318 dictum
1592 2276 1658 2318 vel
1692 2291 1717 2318 a
1749 2274 1812 2317 Si-

101 2349 238 2405 bylla,
270 2349 338 2391 vel
371 2364 396 2391 a
428 2347 646 2391 Charonte
678 2351 778 2405 post
807 2363 975 2391 ramum
1009 2348 1160 2391 visum.

195 2505 216 2536 2
243 2512 330 2537 nam
354 2501 586 2547 Amphrysus
613 2512 644 2536 e.
671 2513 706 2547 q.
733 2501 777 2547 8.]
806 2500 852 2537 cf.
878 2501 984 2536 Luct.
1011 2499 1111 2535 Plac.
1139 2499 1188 2534 ad
1214 2499 1309 2535 Stat.
1336 2500 1454 2535 Theb.
1483 2500 1534 2536 VI
1553 2503 1622 2536 375
1641 2502 1654 2547 ΙΙ
1673 2504 1717 2536 23
1744 2501 1810 2536 sci-

32 2542 39 2550 ’
100 2548 198 2594 rent]
226 2559 352 2595 georg.
378 2547 430 2584 IV
455 2552 524 2584 489
555 2550 568 2596 ΙΙ
598 2553 643 2584 26
669 2560 793 2584 Amun-
817 2547 950 2593 nudat]
978 2546 1022 2583 cf.
1050 2547 1145 2583 Non.
1172 2558 1208 2592 p.
1235 2550 1317 2592 236,
1339 2550 1382 2582 15

197 2695 215 2726 1
242 2691 442 2737 repetitum
466 2690 503 2726 R
521 2692 534 2738 ΙΙ
552 2695 573 2727 2
594 2690 830 2737 amphrysius
851 2691 891 2726 F
920 2689 1117 2735 amfrysius
1138 2689 1170 2725 C
1203 2689 1324 2735 frysos
1344 2691 1380 2725 A
1419 2690 1600 2735 amfrysos
1620 2691 1670 2725 M
1683 2692 1695 2737 ΙΙ
1713 2690 1811 2727 thes-

102 2784 217 2822 saliae
243 2787 301 2821 est
327 2786 377 2820 M
398 2786 418 2839 ”-
442 2789 463 2820 3
489 2785 672 2839 spoliatus
696 2797 720 2821 a
742 2786 826 2821 ioue
847 2786 949 2839 ‘irato
975 2758 1140 2820 diuinitee
1160 2784 1191 2820 Ο
1205 2786 1218 2831 ΙΙ
1248 2796 1274 2835 a¹
1296 2796 1362 2820 om.
1388 2785 1434 2819 Η
1459 2786 1472 2831 ΙΙ
1508 2789 1531 2820 4
1555 2785 1749 2839 fluminum
1775 2786 1810 2820 A

101 2835 207 2878 (corr.
235 2833 272 2879 a)
309 2834 321 2880 ΙΙ
358 2833 510 2879 qulbus]
543 2844 565 2868 a
590 2833 725 2878 quibus
750 2833 968 2868 fulminibus
994 2831 1035 2867 F
1076 2844 1099 2868 a
1124 2833 1258 2878 quibus
1286 2831 1318 2868 G
1350 2833 1362 2879 ΙΙ
1399 2837 1420 2868 9
1446 2834 1489 2868 ut
1514 2844 1625 2878 supra
1650 2833 1811 2868 duumus

102 2880 310 2916 Masvicius
329 2881 475 2926 primus
494 2882 506 2927 ΙΙ
526 2884 570 2915 10
596 2881 789 2916 aeternum
814 2880 956 2916 latrans
984 2881 1177 2916 aeternum
1195 2881 1336 2916 terreat
1355 2879 1473 2915 RAS
1479 2880 1524 2914 H
1529 2881 1579 2915 M
1584 2895 1592 2915 :
1619 2881 1809 2916 aeternum

101 2927 241 2963 latrans
268 2929 307 2963 et
330 2928 524 2963 aeternum
542 2929 683 2963 terreat
700 2927 778 2963 FO
813 2930 851 2963 et
876 2928 1068 2963 aeternum
1092 2927 1234 2962 latrans
1261 2927 1300 2963 et
1324 2928 1516 2963 aeternum
1541 2928 1681 2964 terreat
1704 2929 1811 2973 vulqo

101 2974 113 3020 ΙΙ
140 2978 181 3009 11
210 2975 379 3021 optineat
404 2974 445 3010 F
459 2977 472 3022 ΙΙ
500 2979 543 3010 14
568 2974 625 3010 dis
653 2975 711 3021 011
739 2979 781 3011 15
809 2976 874 3011 aut
898 2975 1050 3020 propter
1074 2973 1169 3010 illud
1196 2974 1236 3009 F
1252 2976 1263 3021 ΙΙ
1284 2985 1421 3020 aequos
1447 2974 1524 3010 FO
1540 2977 1551 3021 ΙΙ
1582 2979 1625 3011 16
1652 2977 1717 3010 aut
1743 3003 1750 3010 .
1773 3003 1779 3010 .
1800 3002 1809 3009 .

100 3020 219 3057 virtus
244 3034 309 3058 om.
326 3021 402 3058 FO
418 3024 429 3069 ΙΙ
456 3027 498 3058 17
524 3035 653 3058 nEnEm
677 3023 836 3058 herebus
855 3022 935 3057 RA
960 3023 972 3068 ΙΙ
998 3021 1051 3057 hii
1072 3021 1113 3056 F
1127 3023 1139 3068 ΙΙ
1166 3025 1209 3056 18
1236 3021 1383 3057 elisium
1403 3021 1440 3056 R
1449 3022 1479 3057 G
1513 3022 1699 3067 helysium
1718 3022 1812 3057 AM

100 3067 274 3104 helisium
299 3070 345 3104 H
358 3071 370 3115 ΙΙ
399 3074 444 3105 20
470 3070 534 3116 an]
561 3072 686 3105 utrum
706 3069 785 3105 FO
798 3071 811 3125 fl
837 3070 884 3106 ad
911 3079 1068 3114 corpora
1089 3069 1120 3104 0
1141 3070 1154 3116 ΙΙ
1182 3072 1225 3104 21
1253 3068 1334 3114 per]
1363 3079 1429 3104 om.
1456 3068 1530 3105 Rs
1546 3071 1559 3124 ΙΙ
1585 3069 1809 3115 purgatione

102 3115 176 3150 AS
200 3118 305 3160 (corr.
331 3120 368 3159 a)
400 3118 412 3163 ΙΙ
443 3121 488 3152 23
514 3117 619 3153 nulla
643 3127 682 3152 re
708 3117 826 3164 flecta]
852 3128 921 3152 nec
945 3116 1087 3162 pietate
1114 3126 1182 3151 nec
1207 3115 1286 3150 ulla
1310 3126 1350 3151 re
1376 3115 1454 3152 alia
1476 3116 1555 3152 fleti
1582 3117 1621 3151 F
1637 3118 1649 3163 ΙΙ
1673 3118 1716 3150 ut
1742 3142 1748 3149 .
1770 3143 1778 3151 .
1800 3143 1807 3150 .

102 3172 228 3198 manes
254 3174 319 3199 om.
340 3163 407 3244 Rl'
425 3168 471 3199 24
496 3164 535 3199 id
562 3165 620 3200 est
638 3164 817 3200 Hercules
843 3175 908 3199 om.
935 3163 985 3198 M
998 3165 1010 3210 ΙΙ
1029 3167 1074 3198 25
1100 3161 1260 3198 herculis
1281 3174 1304 3197 a
1322 3164 1334 3210 ΙΙ
1353 3167 1398 3198 26
1425 3175 1468 3198 ac
1494 3164 1641 3199 volvere
1667 3162 1808 3196 fumum

104 3217 169 3244 om.
185 3208 215 3243 Ο
230 3210 243 3256 ΙΙ
273 3214 319 3245 28
344 3221 389 3247 ve
430 3221 453 3246 a
472 3210 615 3256 Sibylla
640 3211 702 3247 vel
727 3221 750 3247 a
769 3211 957 3248 Charonte
983 3220 1049 3246 om.
1067 3211 1115 3244 M
1132 3211 1145 3255 ΙΙ
1164 3213 1208 3244 29
1235 3210 1295 3245 vel
1320 3221 1343 3245 a
1368 3213 1452 3246 ante
1473 3211 1658 3245 Charonte
1685 3219 1750 3246 o‘m.
1769 3210 1811 3244 H

1843 643 1864 675 ὅ
1899 687 1901 691 .

1844 1000 1887 1031 10

1844 1356 1886 1388 15

1841 1713 1886 1745 20

1839 2069 1884 2102 25
