2092 3614
228 1018 272 1051 10

227 1377 269 1408 15

219 1734 264 1765 20

215 2090 261 2122 26

303 260 391 301 412
1077 261 1238 296 SERVII

304 385 401 412 eum
433 370 557 411 fleret
586 369 839 424 extinctum,
873 370 989 425 lonyo
1015 371 1126 413 luctu
1150 371 1194 412 in
1220 385 1343 413 avem
1370 371 1437 413 sui
1462 372 1650 415 nominis
1677 387 1909 415 conversus
1936 375 2012 415 est.

301 442 373 494 qui
401 444 546 495 postea
575 441 628 483 ab
658 441 853 496 Apolline
882 442 989 484 inter
1019 443 1156 485 sidera
1187 443 1417 485 conlocatus
1447 446 1515 485 est.
1578 443 1699 486 cuius
1730 458 1843 486 nunc
1874 444 2012 486 filium

302 511 580 568 Cupavonem
612 512 716 555 dicit
747 512 908 555 habere
941 514 1061 569 cycni
1093 528 1258 568 pennas
1290 514 1335 556 in
1367 514 1491 570 galea
1524 514 1578 556 ad
1609 515 1773 557 formae
1804 517 2010 570 paternae

302 583 469 640 insigne
501 584 840 627 monstrandum.
943 596 1117 627 eR1MEN
1142 597 1272 628 AMOR
1296 597 1515 628 vns'erM
1546 586 1863 628 Phaethontem
1896 601 2011 628 ama-

303 658 396 697 tum
429 670 455 697 a
486 654 630 710 Cycno
664 658 739 717 aut
770 655 839 711 pi'e
873 658 948 698 aut
978 656 1186 712 turpiter,
1218 656 1479 712 accipiamus
1510 672 1683 700 necesse
1715 660 1794 700 est.
1856 658 1894 699 si
1924 660 2013 700 tur-

299 726 431 781 piter,
469 727 572 768 talis
606 729 673 769 est
705 742 874 770 sensus:
916 728 1078 770 crimen
1117 730 1307 770 vestrum
1339 730 1422 784 est,
1464 744 1488 771 o
1521 727 1664 784 Cycne
1697 731 1739 771 et
1770 728 2012 784 Phaethon,

301 797 415 852 quod
447 798 508 840 sic
541 799 739 854 amastis3
773 798 854 841 hoc
880 799 1004 841 vobis
1034 801 1205 841 tantum
1237 801 1384 855 potest
1410 800 1533 843 obici.
1577 800 1651 842 alii
1676 799 1900 842 ‘vestrum'
1933 815 2010 855 pro

300 868 453 911 ‘tuum’
486 870 722 925 accipiunt,
754 873 797 912 et
830 871 883 912 ad
916 871 1056 912 solum
1087 870 1281 925 Cycnum
1312 871 1524 926 referunt,
1555 873 1604 913 ut
1636 870 1727 927 <IX
1753 870 1869 925 523>
1903 886 2010 927 vos,

299 955 324 983 o
351 939 607 996 Calliope,
634 956 827 996 precor.
873 942 910 984 si
935 941 1005 997 pie
1033 942 1212 997 amavit,
1239 942 1472 985 secundum
1494 943 1682 997 Asprum
1710 942 1902 985 ‘crimen’
1929 943 2011 984 erit

299 1011 473 1068 ‘causa’,
505 1015 553 1055 ut
583 1013 688 1054 alibi
715 1012 895 1067 <1165>
929 1015 978 1055 et
1009 999 1221 1055 crimine
1255 1014 1314 1055 ab
1347 1028 1444 1055 uno
1477 1013 1618 1056 disce
1651 1028 1841 1069 omnes,
1872 1017 1920 1056 ut
1950 1014 2010 1056 sit

298 1098 468 1126 sensus:
501 1098 526 1125 ο
553 1083 921 1126 Phaethontiades
954 1099 1123 1127 sorores
1157 1087 1200 1126 et
1226 1099 1251 1126 o
1278 1083 1439 1139 Cycne,
1472 1099 1601 1127 causa
1627 1087 1836 1140 vestrum,
1867 1085 1910 1127 id
1943 1088 2009 1127 est

297 1157 467 1198 vestrae
487 1155 757 1209 mutationis,
780 1170 902 1198 amor
923 1158 1000 1211 est,
1024 1156 1125 1210 quia
1142 1156 1201 1198 sic
1218 1155 1515 1198 Phaethontem
1533 1156 1716 1211 amastis,
1741 1160 1789 1198 ut
1804 1157 2008 1211 periretis.

418 1227 514 1269 190.
564 1239 854 1278 VMBRAMQVE
882 1238 1099 1270 SORORVM
1127 1227 1356 1270 ambitiose
1383 1227 1546 1270 dictum
1571 1242 1649 1282 pro
1677 1226 1806 1270 ‘inter
1831 1228 2006 1270 arbores

296 1298 347 1339 de
381 1299 600 1341 sororibus
632 1297 798 1341 factas’.
849 1303 894 1341 et
925 1301 991 1341 est
1022 1314 1154 1341 unum
1181 1299 1231 1341 de
1258 1299 1344 1354 his,
1378 1313 1487 1354 quae
1513 1299 1648 1341 habet
1672 1298 1894 1355 Vergilius
1927 1299 2005 1341 ini-

296 1369 513 1411 mitabilia
544 1373 587 1412 et
619 1385 697 1412 sua
729 1370 926 1425 propria:
968 1371 1055 1412 tale
1088 1372 1154 1413 est
1185 1371 1292 1413 illud
1323 1370 1597 1425 sinuatque
1630 1371 1832 1413 alterna
1865 1371 2007 1413 volu-

292 1441 428 1483 mina
461 1456 682 1497 crurum,
714 1441 820 1483 item
853 1456 960 1483 cum
993 1442 1209 1496 primum
1243 1442 1415 1484 sulcos
1448 1443 1673 1497 aequant
1703 1444 1828 1484 sata.

414 1513 509 1555 191.
559 1525 684 1556 MVSA
715 1513 923 1568 carmine,
954 1513 1138 1569 cithara,
1171 1513 1399 1555 cantilena.

414 1584 509 1627 192.
560 1596 811 1627 CANENTEM
856 1595 1102 1645 SENEC'leM
1146 1584 1219 1640 qui
1263 1586 1490 1628 canentem
1537 1586 1755 1627 senectam
1799 1585 2003 1627 mollibus

290 1655 506 1711 transegit
536 1656 581 1698 in
612 1655 783 1710 plumis.
903 1654 1150 1699 *CANENTEM
1175 1673 1379 1705 SENEoz-AM
1404 1670 1486 1710 pro
1523 1655 1615 1698 albo
1653 1656 1782 1699 colore
1811 1657 2005 1699 neoterice

289 1726 443 1769 dictum
467 1730 632 1780 putant.
645 1727 668 1752 '¹‘
1298 1776 1302 1779 Δ

412 1798 507 1841 193.
557 1809 728 1841 SIDERA
767 1809 890 1841 VOCE
930 1809 1210 1849 SEQVENTEM
1255 1813 1351 1841 cum
1394 1801 1522 1842 cantu
1559 1799 1725 1841 caelum
1764 1801 2003 1854 petentem:

291 1869 356 1910 vel
388 1869 500 1924 quod
534 1871 601 1910 est
630 1883 677 1910 re
708 1883 811 1911 vera
842 1869 1005 1912 relatus
1037 1870 1084 1912 in
1116 1870 1274 1923 sidera,
1306 1870 1418 1913 sicut
1448 1870 1640 1912 videmus
1675 1870 1720 1912 in
1747 1871 1941 1926 sphaera.

413 1940 507 1982 194.
556 1957 690 1983 Fazvs
719 1940 827 1982 deest
858 1939 994 1984 ‘eius'.
1086 1952 1331 1992 AEQVALES
1356 1953 1615 2004 comi'rA‘rvs
1639 1953 1810 1985 eLAssn
1833 1953 2001 1985 CATER-

288 2022 374 2054 VAS
406 2015 482 2054 aut
510 2026 588 2067 per
618 2025 750 2054 naves
784 2011 1025 2068 aequaliter
1064 2011 1228 2055 habens
1267 2013 1524 2056 distributas
1563 2015 1778 2056 catervas:
1815 2016 1890 2055 aut
1920 2014 2001 2068 ipsi

287 2084 382 2126 duci
407 2096 532 2137 pares
561 2083 722 2125 virtute.

410 2154 505 2197 195.
555 2172 677 2198 cmm
687 2172 732 2198 vn
742 2172 796 2198 m
823 2158 899 2198 aut
926 2169 1074 2198 nomen
1105 2156 1246 2207 navis;
1278 2159 1354 2199 aut
1382 2157 1455 2210 qui
1485 2159 1574 2199 erat
1603 2157 1650 2199 in
1679 2156 1780 2199 ‘navi
1803 2156 1951 2210 pictus.

409 2226 505 2268 198.
556 2237 704 2270 OCNVS
742 2227 824 2269 iste
863 2229 929 2269 est
962 2225 1125 2283 Ocnus,
1168 2242 1294 2283 quem
1333 2228 1378 2270 in
1416 2227 1621 2270 bucolicis
1654 2226 1744 2282 <IX
1776 2226 1862 2281 59>
1901 2225 1999 2268 Bia-

285 2311 435 2338 norem
474 2296 598 2352 dicit,
641 2299 691 2339 ut
734 2310 950 2351 namque
994 2297 1325 2353 sepulchrum
1365 2297 1556 2354 incipit
1594 2312 1841 2353 apparere
1879 2297 2000 2339 Bia—

284 2367 439 2409 noris.
501 2368 572 2410 hic
616 2367 842 2411 Mantuam
889 2368 1046 2411 dicitur
1088 2368 1349 2425 condidisse,
1394 2384 1523 2424 quam
1568 2385 1593 2412 a
1631 2368 1781 2411 matris
1824 2369 1997 2411 nomine

382 2524 429 2555 15·
452 2521 667 2567 sinuatque]
694 2532 820 2566 georg.
849 2521 900 2556 ΙΙΙ
927 2524 994 2556 192
1014 2522 1027 2566 ΙΙ
1047 2525 1091 2556 16
1117 2529 1201 2556 cum
1226 2520 1402 2566 primum]
1429 2532 1556 2567 georg.
1583 2521 1599 2555 Ι
1622 2525 1687 2556 113
1708 2522 1784 2566 1129
1810 2519 1872 2556 hic
1890 2520 1997 2556 Man-

283 2568 389 2603 tuam
415 2579 446 2603 e.
466 2580 501 2613 q.
523 2567 569 2614 s.]
597 2568 643 2604 cf.
672 2568 757 2605 Isid.
786 2580 837 2604 or.
864 2568 932 2604 XV
959 2572 991 2613 1,
1019 2571 1063 2604 59

380 2714 398 2745 1
426 2710 580 2747 defleret
605 2710 683 2745 Fm
711 2711 723 2757 ΙΙ
754 2710 867 2756 longo
893 2711 996 2746 luctu
1020 2711 1101 2747 hab.
1129 2710 1179 2746 M
1202 2712 1214 2757 ΙΙ
1244 2722 1372 2746 uersus
1398 2711 1457 2746 est
1484 2712 1533 2746 Μ
1538 2710 1579 2746 F
1605 2711 1619 2756 ΙΙ
1655 2714 1676 2746 2
1703 2710 1898 2746 conlocata
1922 2710 1963 2746 F
1982 2710 1995 2757 ΙΙ

282 2757 393 2793 huius
421 2758 470 2792 M
475 2757 516 2792 F
548 2759 561 2804 ΙΙ
597 2763 618 2793 3
645 2757 901 2804 Cupavonem]
936 2770 1019 2793 cum
1050 2769 1235 2804 pauonem
1264 2759 1328 2802 M,
1361 2757 1425 2804 qui
1457 2759 1540 2804 post
1569 2759 1632 2794 tea
1663 2758 1761 2793 inter
1792 2757 1915 2794 sidera
1945 2758 1992 2793 ab

281 2804 459 2887 ἓὲῗέἓὲξ
475 2805 692 2898 ἓοῖοῗῆξὲἰ
716 2806 774 2840 ¹²³*
798 2805 1801 2899 “333⁵0l'„plinii„{Effefirtn‘lussiffffaffiluffiffl
1834 2805 1992 2887 adili?

281 2900 393 2934 butas
420 2901 590 2935 catervas
617 2901 663 2944 (v.
686 2901 768 2945 194)
793 2910 860 2937 om.
881 2900 926 2934 H
941 2902 952 2946 ΙΙ
972 2904 991 2935 9
1019 2912 1191 2946 asperum
1210 2901 1285 2936 Ma
1304 2902 1316 2947 ΙΙ
1338 2905 1380 2936 12
1407 2900 1496 2945 quia
1522 2928 1528 2935 .
1550 2928 1558 2936 .
1579 2928 1587 2936 .
1613 2898 1785 2945 periretis
1809 2899 1891 2935 hab.
1908 2899 1958 2934 M
1980 2900 1992 2945 Η

281 2946 370 2992 quia
394 2946 549 2982 Daniel:
577 2958 648 2992 que
678 2947 726 2982 M
761 2957 856 2992 quae
883 2947 923 2982 F
938 2948 950 2993 11
971 2947 1020 2983 sit
1043 2947 1084 2982 F
1099 2949 1111 2994 ΙΙ
1135 2948 1342 2984 factontem
1369 2949 1418 2983 M
1453 2948 1635 2983 fetontem
1662 2945 1702 2981 F
1717 2947 1729 2992 ΙΙ
1758 2949 1802 2980 14
1828 2946 1992 2982 habebat

281 2994 333 3029 Μ
349 2995 363 3039 ΙΙ
392 2994 572 3037 uergilius
598 2994 638 3029 F
659 2996 671 3041 ΙΙ
701 2993 903 3030 imitabilia
928 2995 979 3029 M
1010 2994 1214 3031 imitabilia
1240 2995 1281 3030 F
1302 2997 1315 3040 ΙΙ
1348 2999 1390 3031 16
1416 2995 1524 3041 item]
1551 2995 1589 3029 et
1615 2994 1665 3028 M
1669 2993 1710 3028 F
1731 2994 1743 3039 ΙΙ
1775 2997 1818 3029 17
1846 2994 1991 3029 cithara.

281 3053 347 3078 om.
377 3042 426 3076 M
432 3041 474 3076 F
501 3042 514 3087 ΙΙ
553 3044 595 3076 18
622 3042 710 3087 quia
737 3043 783 3077 M
792 3042 833 3077 F
859 3044 872 3088 ΙΙ
902 3044 1091 3078 senectam
1116 3054 1184 3088 pro
1210 3043 1298 3079 albo
1325 3070 1332 3078 .
1354 3070 1362 3078 .
1384 3070 1391 3078 .
1417 3042 1554 3087 putant
1579 3041 1774 3076 canentem
1801 3042 1990 3077 senectam

281 3087 459 3125 inollibus
485 3119 494 3126 .
516 3117 523 3124 .
545 3115 553 3123 .
578 3089 717 3134 plumis
744 3089 785 3125 F
809 3092 822 3135 ss
858 3088 1060 3125 mobilibus
1087 3090 1121 3124 L
1149 3092 1161 3135 ΙΙ
1199 3094 1244 3125 24
1269 3091 1340 3126 hoc
1365 3091 1422 3125 est
1445 3100 1512 3134 per
1536 3099 1651 3124 naues
1674 3088 1708 3122 L
1734 3089 1746 3133 11
1783 3087 1990 3134 aequaliter

280 3136 423 3173 habens
447 3147 514 3181 per
537 3148 651 3172 naues
678 3138 728 3172 M
735 3137 777 3172 F
809 3138 822 3184 ΙΙ
858 3140 904 3172 26
930 3138 979 3172 ad
1003 3150 1213 3173 anTAvnvn
1238 3149 1264 3173 s.
1290 3149 1322 3173 v.
1349 3137 1414 3171 aut
1442 3164 1477 3174 ..
1500 3164 1508 3172 .
1535 3135 1705 3180 depictus
1732 3137 1811 3181 (sic)
1843 3136 1874 3170 T
1901 3136 1914 3180 ΙΙ
1948 3138 1990 3171 ut

279 3195 415 3221 nomen
445 3183 479 3220 G
497 3184 509 3230 ΙΙ
528 3184 635 3219 nauis
661 3185 719 3219 est
744 3186 811 3220 aut
838 3185 871 3219 T
886 3185 899 3230 ΙΙ
918 3188 962 3220 27
987 3195 1103 3220 AGNVS
1132 3186 1181 3220 M
1204 3187 1331 3229 (ocnvs
1356 3186 1403 3227 m)
1422 3184 1435 3228 ΙΙ
1453 3194 1571 3229 agnus
1596 3183 1646 3217 M
1671 3183 1803 3228 (ognus
1828 3185 1877 3228 m)
1902 3194 1988 3218 aue-

280 3243 349 3266 nus
376 3231 418 3267 F
432 3232 446 3277 11
475 3235 520 3267 29
547 3231 608 3267 hic
635 3259 671 3267 ..
694 3258 701 3266 .
728 3231 937 3278 appellavit
961 3243 1027 3268 om.
1050 3232 1100 3266 M
