2092 3614
234 1001 278 1032 10

234 1357 277 1389 15

233 1716 279 1747 20

233 2073 278 2106 25

305 238 394 280 260
1079 239 1241 276 SERVII

305 363 400 390 rum
410 347 437 390 ².
498 348 668 402 quidam
697 347 805 390 hune
834 362 997 391 sensu-m
1034 350 1100 392 illi
1129 350 1308 403 iunynnl
1338 348 1505 392 ‘absiste
1526 350 1734 404 precando
1763 350 1919 393 viribus
1947 350 2011 392 in-

305 419 492 461 dubitare
524 417 651 461 lnis':
683 421 811 461 cetera
842 421 951 462 enim
973 434 1052 474 per
1079 420 1345 473 parenthesin
1375 422 1484 463 dieta
1513 425 1620 463 sunl.

424 490 524 532 401.
574 499 752 533 POSSVM
779 502 1082 534 PROMITTERE
1109 502 1261 534 CVRAE
1293 492 1495 548 quicquid
1526 494 1573 535 in
1603 507 1666 535 me
1696 508 1824 536 curae
1856 495 1939 549 est,
1970 493 2013 535 id

307 563 373 603 est
405 561 539 603 officii
572 564 616 604 et
648 562 963 610 sollicitudinis.
1794 574 1796 576 ’

423 633 524 675 402.
573 645 771 684 LIQVIDO
803 645 1020 676 ELEOTRO
1052 638 1128 677 ant
1158 635 1391 691 liquefacto,
1422 638 1497 677 ant
1526 650 1646 690 puro.
1708 639 1752 678 et
1784 636 2013 679 secundum

305 704 495 747 Plinium
520 704 566 746 in
591 704 782 747 naturali
807 705 995 748 historia
1021 705 1241 761 <XXXIII
1262 708 1288 759 ξ
1310 706 1394 761 80>
1420 707 1506 748 tria
1532 710 1634 749 sunt
1661 708 1808 750 electri
1839 721 2014 763 genera3

304 790 438 818 unum
471 790 521 817 ex
554 776 800 832 arboribus,
841 776 955 831 quod
987 777 1183 819 sucinum
1216 777 1390 834 dicitur3
1432 778 1567 830 aliud,
1605 778 1718 833 quod
1755 779 2014 822 naturaliter

303 847 540 903 invenitur3
573 848 769 903 tertium,
801 848 916 903 quod
946 847 998 889 fit
1029 847 1079 890 de
1110 849 1251 891 tribus
1283 849 1480 904 partibus
1513 849 1607 891 auri
1640 852 1683 892 et
1713 866 1797 893 una
1826 850 2013 906 argenti:

305 933 411 973 quas
452 923 599 974 partes
642 919 775 961 etiam
817 919 854 961 si
893 919 1092 962 naturale
1134 920 1297 975 solvas,
1338 920 1543 963 invenies.
1605 921 1718 963 unde
1756 923 1904 963 errant
1941 921 2014 977 qui

304 989 452 1031 dicunt
483 990 637 1033 melius
670 1005 764 1032 esse
789 991 1000 1032 naturale.
1052 991 1200 1033 electri
1232 993 1377 1033 autem
1408 994 1568 1034 natura
1598 993 1808 1047 probatur
1838 1007 2015 1048 venenO,

303 1076 386 1116 quo
426 1064 599 1116 recepto
633 1064 676 1103 et
709 1062 940 1104 stridorem
979 1063 1143 1105 emittit
1177 1065 1220 1105 et
1251 1062 1394 1105 varios
1434 1063 1487 1105 ad
1525 1063 1646 1105 iridis
1687 1064 2015 1106 similitudinem

301 1132 444 1175 reddit
476 1133 652 1175 colores.
702 1137 742 1175 el
770 1134 828 1176 ad
851 1134 1014 1177 lumina
1040 1135 1086 1176 in
1110 1135 1289 1177 convivio
1315 1135 1471 1178 elarius
1502 1149 1606 1178 auro
1636 1139 1674 1177 el
1688 1139 1870 1190 Χανρεηιὲο
1902 1136 2014 1178 lueet.

420 1204 520 1247 403.
569 1222 746 1253 mmai-Q
754 1222 802 1248 νε
838 1222 990 1249 VALENT
1014 1206 1179 1259 fabrica
1217 1206 1393 1249 Vulcani
1423 1206 1578 1249 dnobus
1607 1209 1779 1262 constat,
1820 1207 1949 1249 ventis
1979 1210 2018 1249 et

300 1276 415 1330 iyne,·
446 1275 513 1318 hic
536 1290 629 1331 erqo
661 1275 858 1319 ‘amimae’
882 1291 964 1331 pro
989 1278 1160 1334 spiritu,
1190 1292 1270 1332 qno
1297 1278 1468 1331 fabriles
1495 1277 1614 1330 folles
1639 1278 1788 1331 inflari
1817 1278 1955 1321 solent.

305 1359 483 1389 ANIMAE
516 1348 652 1403 venti,
684 1344 770 1390 ἀπὸ
802 1348 893 1391 τῶν
920 1345 1117 1404 ἀνέμωνε
1149 1349 1360 1392 Horatius
1392 1349 1654 1404 inpellunt
1686 1349 1884 1392 animae
1916 1350 2016 1392 lin-

302 1421 385 1460 tea
425 1418 695 1461 Thraciae:
739 1419 851 1461 unde
889 1422 934 1462 et
972 1419 1160 1463 ‘anima’
1201 1420 1376 1476 dicitur,
1424 1435 1532 1476 quae
1575 1410 1808 1463 secundum
1846 1421 2015 1476 aliquos

301 1492 455 1532 ventus
488 1492 572 1545 est,
606 1492 653 1532 ut
678 1489 771 1545 <IV
794 1490 908 1546 705>
942 1493 1093 1546 atque
1124 1492 1174 1534 in
1207 1495 1389 1535 ventos
1421 1492 1530 1534 vita
1560 1492 1790 1534 recessit.
1911 1504 2015 1535 PRE-

303 1571 463 1603 CANDo
502 1572 686 1603 vimnvs
725 1573 1012 1604 INDVBITARE
1053 1574 1157 1606 TVIS
1195 1563 1238 1605 id
1271 1565 1338 1605 est
1376 1562 1590 1618 dubitare,
1627 1578 1728 1605 nam
1759 1562 1847 1605 ‘in'
1880 1566 2014 1606 vacat.

304 1634 348 1673 et
379 1631 463 1674 hoc
495 1631 616 1674 dicit:
653 1646 829 1687 precum
862 1633 1062 1676 nimietas
1094 1629 1404 1689 postulationis
1439 1633 1658 1690 significat
1689 1634 2015 1677 dubitationem.

303 1717 404 1747 sane
435 1702 710 1746 ‘indubitare'
742 1705 835 1758 quis
865 1708 961 1747 ante
990 1705 1128 1748 hunc?

422 1776 522 1818 404.
571 1792 621 1818 EA
661 1792 783 1818 VERBA
816 1794 988 1820 Locvws
1029 1777 1198 1831 qnidam
1238 1776 1447 1819 humililer
1487 1777 1642 1819 dictum
1681 1778 1896 1832 accipiunt.

421 1847 522 1889 406.
573 1857 792 1891 CONIVGIS
825 1859 1016 1891 INFVSVS
1048 1859 1228 1891 GREMIO
1266 1848 1348 1891 hoc
1387 1850 1452 1890 est
1485 1849 1583 1890 ante
1615 1849 1849 1891 concubuit
1880 1851 1923 1891 et
1955 1849 2016 1891 sic

303 1918 505 1974 quievit.‘
540 1917 707 1961 Probus
755 1933 856 1961 vero
904 1922 947 1962 et
988 1918 1235 1962 Carminius
1279 1921 1458 1974 propter
1502 1933 1675 1961 sensum
1721 1919 2016 1975 cacenphaton

304 1989 536 2033 ‘infusum'
581 1977 755 2046 legunt,
795 1994 844 2033 ut
883 1991 941 2033 sit
979 2006 1147 2033 sensus:
1191 1990 1368 2033 dormiit
1410 2005 1507 2033 cum
1546 1990 1726 2046 coniuge
1764 1991 2016 2046 dormiente,

304 2062 350 2103 id
381 2064 448 2104 est
478 2062 606 2118 petiit
631 2077 850 2118 soporem,
881 2062 1071 2105 infusum
1097 2062 1228 2104 etiam
1255 2062 1450 2118 coniugis
1484 2063 1662 2118 gremio.
1710 2062 1788 2105 alii
1819 2062 2013 2123 ‘infusus'

401 2196 421 2226 6
448 2191 521 2226 tria
546 2192 633 2226 sunt
658 2191 788 2227 electri
814 2202 952 2237 genera
978 2220 986 2228 .
1008 2220 1016 2228 .
1038 2191 1189 2237 .lueet]
1217 2189 1262 2227 cf.
1289 2190 1374 2227 Isid.
1398 2201 1448 2226 or
1470 2190 1568 2235 XVI,
1589 2194 1635 2230 24
1660 2192 1698 2226 et
1723 2190 1811 2226 XVI
1829 2194 1863 2236 8,
1884 2195 1904 2226 6
1925 2202 1978 2236 sq.
2007 2190 2011 2239 Ι

307 2243 351 2274 14
377 2239 438 2274 hie
470 2249 564 2284 ergo
592 2238 739 2274 animae
771 2249 838 2283 pro
871 2239 1019 2285 spiritu]
1053 2239 1098 2274 cf.
1124 2237 1288 2275 Macrob.
1315 2250 1449 2274 comm.
1473 2238 1512 2273 in
1538 2250 1653 2273 somn.
1681 2238 1776 2283 Seip.
1803 2238 1820 2272 I
1848 2219 1976 2282 14,14
2009 2240 2011 2279 Ι

305 2289 350 2321 15
375 2297 509 2321 Annus
534 2287 653 2332 venti]
681 2286 727 2321 cf.
753 2285 849 2322 Non.
876 2298 912 2331 p.
939 2290 1020 2330 233,
1041 2290 1085 2321 33
1112 2286 1160 2321 Μ.
1181 2287 1193 2332 ΙΙ
1212 2285 1404 2332 Horatius]
1434 2296 1543 2321 carm.
1570 2285 1621 2321 IV
1642 2289 1697 2330 12,
1718 2290 1738 2321 2
1758 2287 1770 2331 ΙΙ
1790 2290 1833 2321 22
1859 2287 1931 2322 hoc
1957 2280 2014 2322 est

306 2344 336 2369 0.
364 2345 398 2377 q.
426 2334 471 2379 s.]
498 2333 544 2369 cf.
571 2333 714 2370 Gellius
740 2334 804 2380 IX,
832 2337 875 2369 10

401 2456 422 2487 2
448 2452 664 2497 parentesin
688 2452 729 2487 F
744 2455 756 2498 ΙΙ
784 2456 804 2487 3
830 2464 982 2488 Possvnr
1008 2452 1081 2488 AS
1089 2453 1138 2487 M
1155 2453 1166 2498 ΙΙ
1196 2456 1215 2487 7
1243 2451 1407 2488 sacinum
1433 2452 1473 2487 F
1488 2453 1500 2497 ΙΙ
1528 2455 1548 2486 8
1575 2452 1617 2487 fit
1641 2463 1707 2488 om.
1729 2452 1769 2488 F
1784 2454 1797 2498 ΙΙ
1827 2452 1997 2498 partibus

306 2499 449 2535 duabus
475 2499 515 2534 F
544 2501 555 2546 ΙΙ
593 2500 674 2535 auri
699 2502 738 2535 et
763 2511 829 2536 om.
857 2499 898 2534 F
929 2501 942 2545 ΙΙ
979 2503 999 2535 9
1025 2500 1197 2536 naturale
1224 2500 1347 2535 soluas
1372 2499 1549 2535 ASRF.
1582 2501 1717 2535 natura
1741 2500 1907 2536 resoluas
1932 2501 1966 2535 L

305 2547 476 2582 naturale
503 2548 670 2583 resoluas
696 2548 745 2583 M
751 2548 764 2583 l
781 2549 794 2593 ΙΙ
811 2548 981 2583 111110111οε
1007 2547 1224 2583 manifestas
1251 2548 1459 2583 Masvieins
1477 2549 1489 2592 ΙΙ
1510 2550 1553 2582 10
1578 2547 1750 2583 naturale
1774 2547 1908 2583 melius
1933 2558 2013 2583 esse

305 2593 381 2630 AS
403 2595 415 2641 ΙΙ
448 2598 489 2629 11
518 2595 607 2649 quo]
635 2595 734 2639 quod
759 2595 805 2629 H
837 2606 872 2639 q:
899 2595 959 2639 (=
985 2596 1064 2640 que)
1093 2594 1134 2630 F
1154 2596 1166 2640 ΙΙ
1191 2595 1239 2630 ad
1264 2594 1369 2629 iridis
1395 2594 1697 2640 similitudinem,
1728 2595 1824 2640 quod
1848 2595 2016 2631 Servium

305 2642 494 2687 scripsisse
518 2643 738 2677 conieceram
758 2643 895 2686 (praef.
909 2653 950 2686 p.
971 2642 1114 2689 XLIII),
1142 2642 1380 2678 Monacensis
1398 2643 1561 2687 praebet,
1586 2643 1691 2678 cuius
1716 2642 1804 2678 libri
1827 2653 1905 2678 eam
1923 2654 2014 2688 par-

305 2693 374 2724 tem
399 2700 473 2734 qua
498 2690 586 2725 libri
610 2688 732 2724 VII—
741 2688 810 2723 XII
836 2690 1068 2725 eontinentur
1093 2701 1192 2725 anno
1220 2693 1309 2725 1882
1337 2693 1487 2725 eoeeunte
1518 2690 1671 2725 contuli.
1703 2690 1751 2725 ad
1782 2689 2013 2725 dissimilitu-

306 2736 431 2772 dinem
456 2736 617 2772 ASRL
655 2736 704 2771 ad
728 2734 1012 2771 similitudinem
1039 2737 1083 2771 Η
1121 2737 1170 2772 ad
1202 2736 1487 2772 similitudinem
1517 2748 1624 2772 arcus
1650 2737 1819 2773 caelestis
1846 2736 1887 2771 F
1918 2739 1931 2782 ΙΙ
1969 2741 2012 2773 12

305 2783 470 2819 reddidit
495 2784 540 2819 H
566 2785 578 2831 ΙΙ
607 2784 735 2819 lucent
761 2782 801 2817 F
829 2784 841 2829 Η
880 2787 923 2818 13
949 2785 999 2820 ad
1023 2795 1054 2818 v.
1081 2788 1150 2819 403
1185 2784 1356 2830 (fabrica)
1387 2784 1539 2820 uulcani
1563 2784 1706 2820 duabus
1732 2784 1841 2819 rebus
1867 2784 2014 2818 constat

308 2831 456 2876 (uentis)
492 2831 635 2867 scilicet
667 2834 705 2866 et
734 2830 822 2876 igne
853 2830 915 2865 hic
945 2841 1033 2876 ergo
1066 2832 1228 2877 ani(mae
1259 2843 1326 2877 pro
1356 2831 1504 2878 sp)iritu
1535 2831 1724 2877 accipiunt
1754 2841 1828 2875 quo
1859 2830 2012 2865 fabriles

307 2878 431 2924 (folles
458 2879 596 2923 s)olent
619 2878 742 2914 inflari
765 2878 806 2913 Τ.
832 2889 925 2923 qnae
949 2878 1085 2913 inclusi
1109 2890 1231 2914 umore
1255 2879 1373 2915 deleta
1397 2883 1483 2914 sunt
1501 2880 1513 2925 ΙΙ
1534 2883 1578 2914 14
1601 2879 1706 2924 igne]
1733 2877 1824 2913 flatu
1851 2877 1898 2912 F.
1924 2878 2010 2921 fort.

306 2925 445 2970 ventis,
479 2925 518 2960 id
551 2928 607 2961 est
637 2926 745 2971 flatu,
779 2927 817 2961 et
846 2925 943 2971 igne.
983 2928 1136 2961 ceterum
1170 2927 1216 2970 cf.
1243 2927 1338 2962 Isid.
1371 2937 1423 2962 or.
1449 2926 1534 2961 XIX
1563 2930 1594 2971 6,
1620 2930 1643 2960 4
1677 2925 1837 2969 ‘fabrica
1868 2925 2013 2961 duabus

307 2973 413 3008 rebus
438 2976 597 3017 constat,
623 2974 739 3009 ventis
764 2976 797 3008 et
820 2972 990 3018 flammis'
1012 2973 1024 3019 ΙΙ
1043 2973 1166 3008 solent
1190 2972 1229 3008 id
1255 2975 1312 3008 est
1336 2973 1440 3009 uenti
1460 2973 1501 3008 F
1515 2975 1527 3019 ΙΙ
1549 2978 1591 3008 15
1610 2972 1795 3017 inpellant
1813 2972 1853 3006 F
1869 2973 1880 3018 ΙΙ
1899 2972 2012 3008 limea

309 3019 350 3055 F
377 3021 388 3067 ΙΙ
427 3023 470 3056 16
497 3021 535 3055 et
560 3031 625 3055 om.
654 3020 695 3055 F
721 3022 733 3068 [Ι
771 3024 815 3056 18
839 3032 917 3056 rv1s
942 3019 982 3055 id
1007 3021 1064 3055 est
1089 3019 1260 3055 dubitare
1286 3031 1351 3056 om.
1380 3020 1421 3055 F
1446 3021 1459 3066 ΙΙ
1496 3024 1540 3056 22
1567 2985 1674 3054 antep
1680 3018 1951 3054 confessionem
1976 3020 2012 3055 L

307 3068 394 3103 ante
420 3067 673 3103 confusionem
698 3068 746 3103 H
765 3069 866 3113 (ante
891 3066 1092 3103 concubuit
1117 3067 1143 3112 l)
1163 3068 1175 3112 ss
1200 3071 1244 3102 23
1271 3077 1419 3102 sensum
1443 3078 1509 3102 om.
1536 3068 1570 3101 A
1591 3068 1602 3113 ΙΙ
1628 3069 1673 3102 24
1699 3066 1836 3102 dormit
1860 3067 1975 3102 ASL
1999 3067 2011 3114 ΙΙ

307 3118 352 3150 25
385 3125 558 3160 soporem
587 3115 699 3160 petiit
722 3115 797 3150 AS
832 3116 845 3161 ΙΙ
881 3114 1045 3150 infusum
1077 3114 1192 3149 etiam
1224 3114 1392 3159 coniugis
1418 3114 1561 3159 gremio
1586 3114 1660 3149 AS
1668 3115 1717 3149 M
1722 3114 1750 3149 l
1782 3113 1947 3149 infusum
1971 3114 2011 3149 in

308 3162 476 3208 coniugis
502 3162 644 3208 gremio
669 3162 706 3197 R
743 3163 907 3198 infusum
931 3162 971 3197 in
997 3162 1111 3198 etiam
1136 3161 1304 3206 coniugis
1331 3172 1400 3197 con
1425 3160 1568 3206 gremio
1588 3161 1675 3196 LH
1707 3160 1871 3197 infusum
1898 3161 2011 3197 etiam

308 3210 474 3255 coniugis
501 3221 520 3245 e
544 3209 687 3256 gremio
712 3209 753 3244 F
