2092 3614
325 260 413 301 272
1100 260 1262 298 SERVII

320 371 370 411 ut
401 369 557 419 castris
590 369 833 425 succedam,
870 384 1093 425 capessam
1130 384 1264 426 regna
1296 369 1531 425 Tyrrhena.
1586 371 1664 413 alii
1695 370 1922 425 einsiyvnia'
1952 385 2033 425 pro

318 440 502 493 fascibus
532 441 756 496 accipiant,
787 442 860 495 qui
890 441 948 483 ad
976 441 1188 483 Romanos
1218 456 1246 483 a
1281 441 1424 483 Tuscis
1455 441 1650 483 translati
1679 445 1796 492 sant;
1828 442 1948 484 aliud
1976 446 2036 485 est

321 513 430 555 enim
477 511 676 567 ‘insigne'
721 513 928 567 sinyalari
969 526 1158 568 numero,
1201 513 1320 554 aliud
1359 512 1597 568 ‘insiynia',
1641 514 1687 555 in
1729 514 1876 567 quibas
1916 514 2035 555 vestis

322 587 360 625 et
388 583 490 626 sella
520 584 634 638 reyia
664 584 795 638 accipi
823 587 966 638 potest.
1022 584 1083 626 vel
1114 582 1329 626 ‘mandat'
1369 584 1512 638 tradit,
1551 586 1600 625 at
1628 584 1803 626 dicimus
1839 585 2036 626 mandari

276 662 296 694 5
322 655 642 710 magistratum:
681 655 907 698 Sallustius
950 657 1013 698 acl
1054 656 1365 698 consulatum
1401 656 1735 698 mandandam
1771 655 1834 697 M.
1869 655 2035 698 Tullio

324 725 565 769 Ciceroni.

444 797 542 840 508.
593 810 679 840 SED
712 810 816 840 MIHI
848 810 1005 840 TARDA
1038 810 1160 841 GELV
1194 799 1381 841 occurrit
1412 798 1558 841 tacitis
1591 797 1938 854 quaestionibus,
1973 797 2034 839 di-

322 884 421 912 cens
442 884 487 911 se
507 884 593 911 non
615 870 701 912 isse
728 873 905 925 propter
931 872 1119 912 aetatem
1145 869 1336 924 senilem,
1362 869 1499 911 filium
1524 884 1625 912 vero
1651 871 1828 925 propter
1851 869 2034 911 mixtum

322 954 459 997 genus
497 955 576 996 per
613 941 824 998 originem
863 941 1033 983 matris:
1074 941 1187 984 unde
1219 940 1397 983 Aenean
1436 941 1540 983 dicit
1578 941 1641 982 ire
1679 941 1851 995 debere,
1892 941 1958 983 cui
1991 943 2035 982 et

252 1021 296 1052 10
323 1014 445 1054 aetas
483 1014 528 1053 et
559 1012 680 1068 origo
721 1026 856 1069 regna
888 1012 1140 1055 concedunt.
1262 1023 1545 1062 SAEOLISQVE
1578 1024 1764 1054 EFFETA
1796 1023 2033 1054 SENEo'rvs

320 1083 559 1126 notandum
599 1083 715 1126 dieta
747 1083 962 1126 ‘saecula’
995 1085 1126 1126 etiam
1167 1084 1214 1126 in
1251 1098 1336 1126 uno
1374 1084 1550 1126 homine
1590 1083 1822 1126 secundum
1854 1098 1927 1126 eos
1960 1083 2035 1139 qui

323 1155 471 1197 dicunt
503 1155 722 1197 saeculum
753 1155 938 1211 triginta
972 1170 1108 1198 annos
1139 1155 1318 1197 habere:
1356 1170 1457 1197 nam
1497 1155 1572 1197 alii
1603 1154 1756 1197 volunt
1788 1156 1960 1196 centum
1992 1157 2035 1196 et

289 1215 292 1218 ¹
322 1226 486 1282 decem,
519 1226 595 1268 alii
627 1226 748 1268 mille
780 1226 1093 1281 annis.putant
1125 1227 1345 1268 saeculum
1377 1226 1601 1270 contineri.
2035 1231 2038 1232 ⁷

440 1298 539 1340 509.
590 1310 785 1341 INVIDET
817 1310 1046 1341 IMPERIVM
1082 1298 1197 1340 bona
1234 1297 1418 1340 elocutio
1456 1301 1531 1353 est,
1571 1300 1621 1340 ut
1651 1296 1803 1339 Liber
1840 1297 2066 1352 pampi--

253 1379 295 1411 15
322 1384 447 1411 neas
478 1369 673 1412 invidit
704 1370 928 1412 collibus
961 1370 1180 1412 umbras.

441 1441 540 1483 510.
591 1459 740 1484 mxrvs
771 1458 903 1484 MATRE
933 1458 1105 1483 SABELLA
1130 1454 1211 1495 pro
1243 1439 1420 1494 ‘duplici
1446 1454 1590 1495 yenere
1619 1440 1776 1484 natu-3⁹.

440 1512 539 1555 511.
588 1530 748 1556 PARTEM
775 1530 945 1572 PATEJAE
976 1529 1182 1555 TRAHERET
1208 1513 1266 1554 Sic
1295 1512 1404 1554 dixit
1428 1511 1634 1555 ‘traheret'
1663 1513 1859 1567 quomodo
1884 1512 2035 1555 dicitur

322 1585 522 1639 oriyinem
552 1585 705 1628 ducere.
827 1603 878 1628 Er
906 1602 1025 1628 ANNIS
1053 1585 1111 1626 ad
1138 1598 1179 1626 se
1210 1584 1366 1643 retulit..
2041 1636 2044 1639 ἱ

441 1656 540 1698 512.
590 1673 739 1699 GENERI
766 1673 902 1699 RATVM
931 1674 1000 1700 JND
1010 1674 1133 1700 VLGET
1153 1656 1210 1697 ad
1233 1646 1434 1697 Pallanta
1458 1655 1606 1698 retulit.
1700 1668 1827 1706 QVEM
1850 1640 2047 1699 NVMINX

251 1737 297 1768 20
324 1738 534 1771 POSOVNT
566 1730 615 1769 ut
648 1727 793 1783 <503>
827 1726 1051 1769 ‘externos
1085 1728 1234 1782 optate
1268 1725 1428 1768 duees'.

441 1799 539 1842 513.
589 1811 768 1841 ITALVM
806 1810 1081 1842 FORTlssmn
1121 1809 1309 1840 DvoTon
1350 1794 1637 1853 εὐσυμβόλως
1679 1799 1766 1840 iam
1813 1798 2033 1841 ductorem

322 1870 476 1913 Italiae
510 1873 636 1913 vocat
667 1871 855 1914 Aenean.

442 1942 541 1985 514.
592 1953 701 1984 SPES
732 1955 790 1984 ET
823 1953 1018 1985 SOLACIA
1052 1940 1194 1996 ‘spes'
1227 1941 1329 1997 quia
1366 1942 1504 1984 multa
1546 1942 1626 1984 sibi
1667 1941 1717 1983 de
1750 1941 1840 1983 eius
1872 1939 2033 1983 virtute

321 2013 610 2070 promittebat
640 2017 783 2069 pater,
815 2012 1056 2056 ‘solacium'
1090 2013 1191 2068 quia
1223 2013 1385 2055 amissa
1417 2014 1598 2069 coniuge
1630 2013 1746 2055 unici
1777 2012 1855 2055 filii
1882 2011 2033 2054 >uteba-

251 2095 296 2126 25
322 2088 394 2128 tur
428 2085 599 2128 solacio.

442 2157 541 2199 515.
592 2168 838 2199 TOLERARE
878 2157 1002 2213 quasi
1041 2171 1131 2198 rem
1171 2171 1368 2212 asperam
1408 2159 1451 2198 et
1487 2156 1721 2198 difficilem.
1783 2159 1820 2198 et
1846 2169 1925 2209 per
1961 2154 2033 2196 hoo

322 2229 530 2283 siqnificat
551 2229 736 2271 nondum
760 2243 852 2272 earn
875 2229 1073 2283 sufficere,
1098 2231 1145 2269 ut
1167 2228 1426 2282 intelleyatar
1449 2229 1551 2282 qaid
1566 2228 1691 2270 nolit:
1716 2240 1817 2268 nani
1842 2229 1881 2268 et
1894 2228 2052 2279 pater--

321 2314 422 2342 nani
459 2300 775 2342 sollicitudinem
811 2303 946 2343 servat
975 2303 1012 2341 et
1041 2292 1245 2341 heroicam
1275 2300 1480 2354 virtatem,
1522 2303 1559 2341 et
1588 2300 1675 2341 ideo
1706 2312 1789 2340 non
1819 2297 1907 2339 vult
1935 2298 2032 2340 sirn-

314 2371 482 2425 pliciter
517 2372 647 2413 dicere
682 2372 867 2414 nondam
902 2370 1038 2412 debere
1067 2384 1247 2424 pueram
1277 2384 1484 2426 pnynare,
1524 2371 1594 2413 secl
1621 2370 1839 2412 verecunde
1870 2368 1967 2411 ‘sub
1998 2372 2034 2410 te

254 2452 300 2483 30
327 2443 498 2485 tolerare
527 2442 759 2496 rnayistro'.

329 2515 388 2518 ψ
424 2539 444 2571 5
472 2535 689 2582 Sallustius]
716 2535 796 2571 Cat.
823 2538 880 2580 23,
906 2536 958 2580 511
990 2538 1034 2568 14
1060 2534 1187 2581 Liber]
1215 2535 1296 2570 bue.
1323 2534 1391 2570 Vn
1418 2538 1463 2570 58

326 2621 487 2664 incipere
509 2619 673 2664 putavit,
698 2618 795 2663 qaod
813 2617 1085 2661 Floriacensis,
1110 2629 1191 2652 cum
1211 2628 1253 2653 ea
1271 2629 1363 2662 quae
1387 2618 1604 2652 antecedunt
1627 2618 1669 2652 in
1693 2617 1844 2652 sinistro
1867 2616 2033 2662 maryine

326 2669 466 2712 scripta
496 2667 590 2711 sint,
622 2666 665 2701 in
694 2666 822 2708 deoetro
853 2665 1010 2709 exhibet,
1046 2666 1178 2700 omittit
1208 2665 1555 2708 Autissiodorensis,
1589 2675 1807 2709 quamquam
1840 2665 2032 2709 superiora

327 2716 440 2750 habet.
478 2715 491 2759 ΙΙ
534 2718 552 2749 1
586 2715 636 2749 ad
659 2721 705 2749 v:
719 2717 787 2748 506
817 2713 860 2748 in
889 2723 1003 2758 mary.
1036 2712 1187 2758 quidam
1219 2711 1382 2758 insignia
1413 2711 1602 2757 accipiunt
1631 2723 1698 2757 pro
1730 2711 1892 2747 fascibus
1918 2711 1982 2756 qui
2008 2721 2030 2744 a

327 2762 440 2797 tuscis
466 2761 514 2796 ad
539 2771 713 2796 romanos
737 2759 913 2795 translati
939 2761 1034 2794 sunt.
1084 2759 1187 2795 aliud
1222 2760 1279 2795 est
1309 2760 1407 2795 enim
1438 2759 1586 2805 insigne
1611 2759 1790 2805 singulari
1814 2768 1967 2794 numero
1993 2760 2032 2792 et

329 2809 431 2844 aliud
456 2820 609 2844 numero
641 2807 779 2854 plurali
811 2807 851 2841 in
877 2806 1010 2851 quibus
1036 2807 1161 2852 potest
1185 2806 1357 2851 intellegi
1381 2807 1536 2843 mandat
1559 2806 1678 2842 tradit
1704 2807 1784 2852 (sic)
1813 2806 1846 2840 T
1879 2806 1892 2851 ΙΙ
1929 2809 1949 2839 3
1975 2805 2029 2839 in-

329 2856 436 2902 signa
455 2856 495 2890 F
509 2858 522 2901 ΙΙ
542 2861 562 2892 6
583 2857 632 2891 acl
649 2866 682 2891 v.
702 2859 770 2890 507
797 2865 841 2890 ex
859 2854 1173 2890 Autissiodorensi
1196 2855 1261 2889 hoc
1285 2855 1459 2890 scholiam
1483 2854 1662 2899 eoescrzspsi
1686 2865 1867 2889 svccnmm
1890 2863 2029 2886 cAsrms

328 2915 396 2950 pro
420 2903 459 2938 in
485 2904 608 2938 castra
632 2903 780 2938 veniam
806 2903 848 2937 ut
873 2901 979 2948 (Aen.
1000 2901 1052 2936 IV
1075 2904 1131 2946 10)
1161 2902 1259 2946 ‘quis
1284 2914 1402 2938 novus
1429 2902 1489 2937 hic
1514 2901 1650 2936 nostris
1676 2899 1854 2936 suecessit
1878 2899 2030 2935 sedibus

327 2951 492 2996 hospes'.
513 2952 524 2996 ΙΙ
550 2954 570 2985 8
598 2949 751 2985 senilem
779 2950 941 2985 aetatem
967 2948 1051 2983 RF
1067 2950 1079 2993 ΙΙ
1097 2951 1249 2994 propter
1274 2960 1340 2985 oni.
1369 2950 1418 2984 M
1434 2951 1446 2996 ΙΙ
1474 2953 1494 2984 9
1522 2950 1560 2984 et
1584 2952 1668 2984 ante
1691 2948 1795 2982 aetas
1820 2957 1887 2983 om.
1915 2945 1994 2981 LR
2018 2946 2023 2994 Ι

330 3002 375 3034 10
401 3010 556 3034 EFFAETA
581 2998 696 3032 ASm
731 3008 866 3032 nrum
891 2997 942 3031 M
968 2997 980 3041 ΙΙ
1023 2999 1065 3030 12
1092 2996 1194 3042 nam]
1220 3008 1295 3032 non
1321 2996 1362 3031 F
1387 2998 1400 3042 ΙΙ
1430 2996 1562 3032 volunt
1585 3006 1651 3031 om.
1680 2994 1719 3029 F
1745 2995 1758 3039 n
1788 3006 1866 3028 cxx.
1894 2994 1987 3028 LM
2018 2995 2022 3041 Ι

331 3050 374 3081 16
400 3046 450 3082 ad
473 3058 604 3080 mxvvs
629 3057 665 3080 Μ.
694 3059 720 3081 s.
748 3056 848 3091 supr.
873 3054 962 3080 vers.
988 3043 1129 3088 duplici
1153 3054 1288 3088 genere
1313 3046 1422 3079 natus
1454 3044 1486 3078 T
1513 3043 1526 3088 ΙΙ
1556 3052 1690 3088 genere
1715 3041 1842 3087 natus]
1875 3052 2028 3087 genera-

328 3096 389 3129 tus
409 3093 444 3128 G-
461 3093 473 3140 ΙΙ
495 3096 538 3128 18
563 3093 613 3127 aa
638 3105 739 3128 cvws
763 3107 792 3128 n.
813 3103 847 3126 A.
871 3101 973 3136 supr.
999 3101 1087 3138 vers.
1114 3101 1197 3125 cum
1224 3090 1318 3126 dixit
1342 3090 1447 3126 annis
1472 3090 1520 3125 ad
1546 3101 1584 3124 se
1609 3088 1740 3124 retulit
1765 3090 1804 3123 et
1827 3089 1955 3134 generi
1981 3088 2030 3124 ad

327 3140 533 3187 pallantem
557 3139 590 3174 T
604 3140 615 3185 ΙΙ
637 3143 679 3174 19
706 3152 854 3175 eamme
874 3139 908 3174 G
925 3139 938 3184 ΙΙ
956 3141 1000 3174 21
1027 3137 1251 3174 eusimbolos
1277 3139 1331 3173 vel
1355 3137 1586 3183 eusymbolos
1607 3137 1694 3172 libri
1711 3137 1723 3183 ΙΙ
1743 3139 1788 3170 24
1809 3136 1942 3172 solatia
1960 3135 2001 3170 F
2017 3135 2030 3182 ΙΙ

329 3192 374 3223 25
400 3186 556 3269 sollaeio]
583 3188 641 3269 egt
664 3187 789 3222 autem
816 3186 992 3222 solatium
1015 3185 1221 3232 praesentis
1247 3184 1444 3220 diminutio
1468 3183 1647 3220 tristitiae
1673 3184 1757 3219 add.
1785 3183 1823 3218 D
1846 3184 1859 3229 ΙΙ
1887 3186 1933 3219 29
1959 3183 2028 3219 sub

327 3235 423 3270 ‘cetto
465 3243 568 3270 erare
