2092 3614
523 267 674 304 COMM.
701 267 753 303 IN
778 267 922 305 VERG.
949 267 1061 304 AEN.
1087 267 1139 303 XI
1166 271 1365 304 723—745.
1711 266 1796 309 561

209 377 307 420 737.
358 389 513 421 CVRVA
557 389 686 420 ΤΙΒΙΑ
732 378 1153 434 symphoniacorum.
1285 387 1457 420 BACCHI
1501 378 1646 419 autem
1690 377 1800 431 ideo,

89 448 190 504 quia
223 449 336 504 apud
366 452 535 492 veteres
567 449 660 491 ludi
687 449 928 492 theatrales
953 464 1041 492 non
1067 450 1204 503 erant,
1235 448 1320 490 nisi
1346 448 1391 490 in
1416 449 1625 491 honorem
1651 448 1800 490 Liberi

87 521 235 574 patris.
284 520 391 563 hane
422 522 566 563 tibiam
593 520 745 563 Graeci
773 522 1051 575 πλαγίαυλον
1081 524 1237 575 vocant,
1268 520 1418 562 Latini
1441 534 1606 562 vascam
1632 521 1799 563 tibiam:

87 595 126 633 et
154 595 213 634 est
241 591 462 647 Dionysia,
493 606 586 634 enm
616 593 798 635 onaoeime
827 606 876 635 ea
905 592 1042 635 saturi
1070 594 1257 634 utantur.

209 664 305 706 738.
354 675 625 706 ΕΧΡΕΟΤΑΤΕ
669 679 747 720 pro
793 662 1086 719 ‘expectatis'‚
1131 663 1304 705 modum
1347 678 1427 718 pro
1471 664 1599 706 modo
1640 664 1799 719 posuit.
1826 672 1847 703 5

209 735 306 777 739.
356 752 425 778 HIC
453 752 559 778 Ama
589 752 665 777 Ηοσ
693 751 873 778 swmm
892 749 970 789 per
994 734 1263 789 parenthesin
1288 735 1442 776 dictam
1467 739 1545 786 est,·
1577 749 1678 777 nam
1703 737 1800 778 ordo

87 809 147 848 est
176 805 335 860 ‘pocula
365 820 528 848 mensae
558 806 657 848 dum
687 820 808 848 sacra
837 807 1037 849 secundus
1067 820 1248 860 aruspex
1275 806 1469 849 nnntiet'.
1562 818 1799 850 SECVNDVS

88 889 333 921 HARVSPEX
371 892 448 933 pro
488 877 693 919 ‘secunda
731 877 882 934 sacra’,
925 878 969 920 id
1008 881 1074 920 est
1110 893 1338 934 prospera:
1384 878 1497 920 sicut
1528 894 1550 920 e
1583 879 1799 921 contrario

88 948 302 992 Homerus
335 946 468 1004 μάντι
498 949 664 1003 κακῶν,
696 949 739 991 id
772 953 840 992 est
870 950 1084 992 malorum
1117 949 1271 991 divine.

209 1021 306 1064 740.
357 1033 407 1063 IN
446 1032 596 1064 ALTOS
637 1033 786 1064 chos
830 1022 920 1063 illic
965 1022 1079 1064 enim
1125 1021 1415 1076 epulabantur
1461 1022 1593 1064 sacris
1638 1022 1800 1065 diebus
1829 1030 1872 1061 10

87 1093 191 1135 mire
220 1096 358 1135 autem
397 1110 513 1135 roem
538 1109 676 1135 HOSTJA
701 1107 782 1147 pro
813 1092 876 1135 ‘at
905 1094 963 1135 ad
990 1093 1167 1135 hostiam
1198 1092 1474 1136 conveniatis’.

209 1166 306 1208 741.
356 1176 624 1208 MORITVRVS
654 1177 713 1207 ET
739 1177 838 1208 IPSE
865 1165 1102 1207 moriturus
1129 1164 1292 1207 animo:
1324 1179 1423 1206 nam
1451 1166 1686 1208 moriturus
1713 1181 1800 1208 non

88 1239 166 1279 est.
231 1237 344 1292 quod
383 1239 527 1279 autem
567 1237 628 1279 ait
660 1235 720 1278 ‘et
750 1235 872 1292 ipse’,
910 1238 986 1278 aut
1018 1236 1071 1278 ad
1104 1234 1353 1291 Camillam,
1392 1238 1468 1278 aut
1498 1236 1553 1278 ad
1586 1236 1798 1279 Venulum

86 1308 275 1363 respicit.

209 1379 304 1422 742.
357 1391 591 1422 'rvnnmvs
623 1380 670 1422 id
698 1383 755 1422 est
785 1379 1004 1422 terribilis.
1830 1389 1872 1420 15

210 1451 306 1494 743.
356 1463 706 1502 DEREPTVMQVE
740 1463 799 1493 AB
831 1450 1185 1502 novo'nnx'r'nA
1219 1463 1584 1495 COMPLECTITVR
1612 1464 1802 1495 Hos'rEM

89 1523 174 1566 hoc
205 1522 255 1564 de
287 1522 473 1566 historia
504 1524 694 1565 tractum
727 1525 811 1565 est:
850 1537 1037 1578 namque
1070 1522 1202 1565 Gaius
1234 1523 1370 1566 Iulius
1403 1523 1581 1580 Caesar,
1614 1539 1709 1567 eum
1744 1524 1804 1566 di-

88 1595 269 1636 micaret
299 1594 344 1635 in
376 1592 519 1636 Gallia
550 1597 592 1636 et
625 1594 678 1636 ab
710 1584 837 1637 hoste
868 1597 1018 1651 raptus
1051 1610 1160 1650 equo
1193 1596 1283 1638 eius
1316 1598 1564 1652 portaretur
1598 1599 1804 1652 armatus,

89 1666 276 1708 occurrit
308 1666 481 1721 quidam
516 1681 567 1708 ex
598 1666 811 1718 hostibus,
847 1667 920 1722 qui
953 1681 1049 1708 eum
1081 1670 1244 1723 nosset,
1276 1670 1320 1709 et
1351 1668 1567 1710 insultans
1600 1668 1661 1710 ait
1694 1667 1804 1710 ‘cae-

90 1752 172 1793 sar,
204 1737 380 1789 caesar'‚
412 1738 524 1793 quod
546 1736 771 1780 Gallorum
804 1738 954 1794 lingua
980 1737 1183 1780 ‘dimitte’
1211 1739 1448 1795 significat:
1482 1742 1525 1781 et
1550 1740 1612 1781 ita
1638 1739 1802 1783 factum
1830 1749 1875 1780 20

89 1812 155 1851 est
185 1812 234 1851 ut
265 1809 566 1852 dimitteretur.
610 1809 691 1851 hoo
724 1811 868 1852 autem
899 1810 991 1865 ipse
1018 1808 1179 1852 Caesar
1210 1810 1254 1852 in
1287 1810 1559 1866 ephemeride
1587 1825 1663 1852 sua
1689 1810 1806 1865 dicit,

88 1881 163 1923 ubi
195 1880 416 1936 propriam
449 1883 760 1923 commemorat
790 1880 1061 1924 felicitatem.
1109 1885 1167 1924 est
1195 1885 1234 1924 et
1262 1882 1351 1924 alia
1375 1882 1499 1924 huius
1523 1882 1584 1923 rei
1607 1881 1805 1924 historia:

97 1952 230 1995 Varro
273 1953 384 1994 enim
426 1966 518 1994 enm
556 1953 604 1994 de
640 1966 713 1994 sno
749 1953 985 2007 eoqnomine
1020 1954 1266 2008 disputaret,
1310 1955 1374 1996 ait
1408 1967 1500 1996 enm
1536 1954 1608 2007 qai
1642 1954 1807 2007 primus

97 2024 230 2067 Varro
259 2025 315 2066 sit
344 2024 591 2078 appellatus,
628 2025 676 2065 in
706 2024 883 2078 Illyrico
913 2025 1082 2079 hostem,
1123 2025 1350 2068 Varronem
1380 2026 1562 2080 nomine,
1599 2026 1709 2079 quod
1736 2039 1805 2067 ra-

83 2099 238 2149 puerat
266 2099 304 2138 et
332 2096 390 2137 ad
417 2109 513 2138 snos
535 2099 786 2152 portaverat,
817 2111 867 2139 ex
897 2097 1055 2151 insiyni
1082 2097 1191 2149 facto
1221 2097 1461 2139 vocabulum
1493 2098 1696 2140 meruisse.
1831 2106 1876 2137 25

212 2166 308 2209 745.
360 2184 550 2210 TOLLITVR
581 2186 626 2211 IN
656 2185 752 2211 CAEL
760 2185 815 2212 VM
843 2185 994 2211 CLAMOR
1023 2169 1086 2211 rei
1115 2169 1267 2211 seilicet
1296 2170 1582 2212 admiratione.

187 2285 435 2332 eHomerus]
463 2285 504 2321 Il.
533 2285 549 2319 I
577 2289 643 2321 106
663 2287 675 2331 ΙΙ
706 2289 749 2321 15
775 2298 947 2321 'rvmnnvs
973 2285 1169 2333 terribilis]
1197 2297 1310 2322 exscr.
1338 2286 1426 2324 Isid.
1453 2297 1504 2321 or.
1531 2287 1564 2321 X
1591 2290 1660 2323 270

189 2396 207 2426 1
235 2392 365 2439 c-vRvA]
394 2404 508 2429 cANTv
533 2392 570 2428 R
589 2394 601 2440 ΙΙ
633 2393 855 2438 symphonia
882 2393 1033 2429 chorum
1061 2393 1135 2428 AS
1173 2394 1394 2439 symphonia
1419 2405 1546 2429 eorum
1571 2394 1671 2429 HM
1707 2406 1798 2439 sym-

90 2440 231 2485 phonia
256 2451 413 2484 quorum
433 2439 474 2475 F
488 2442 501 2486 ΙΙ
520 2444 540 2475 2
566 2440 705 2476 honore
726 2441 762 2475 R
781 2442 792 2488 ΙΙ
812 2445 832 2476 3
859 2441 954 2477 hanc
973 2441 1129 2476 Daniel:
1156 2441 1242 2476 huic
1264 2441 1304 2476 F
1319 2442 1331 2487 ΙΙ
1350 2441 1570 2487 plagiaulon
1590 2441 1631 2477 F
1646 2442 1658 2487 ΙΙ
1677 2446 1699 2476 4
1725 2442 1801 2477 dio·
1828 2479 1832 2485 „

91 2487 187 2522 nisia
213 2487 253 2521 F
268 2489 280 2532 ΙΙ
300 2487 424 2534 Satyri
450 2489 588 2524 Daniel
605 2490 618 2535 ΙΙ
636 2490 792 2524 utuntur
817 2489 865 2532 F,
891 2490 1034 2524 correxi
1052 2491 1063 2535 ῙΙ
1090 2493 1111 2524 5
1138 2502 1335 2524 ΕΧεΡΕοτΔΤ
1362 2489 1402 2524 F
1418 2492 1430 2534 ΙΙ
1455 2494 1476 2524 6
1502 2491 1552 2525 ad
1577 2502 1638 2524 mc
1664 2501 1696 2524 A.
1718 2503 1752 2525 ιι.
1775 2504 1801 2524 s.
1839 2495 1843 2500 ‘

90 2546 118 2570 s.
144 2546 176 2570 v.
202 2536 412 2580 parentesis
438 2536 527 2581 quia
552 2538 642 2572 ordo
669 2538 726 2572 est
749 2537 859 2581 plene
885 2537 1020 2582 poeula
1045 2549 1091 2572 m.
1120 2537 1154 2572 d.
1181 2549 1207 2572 s.
1235 2549 1263 2573 s.
1290 2549 1321 2572 a.
1349 2549 1383 2572 n.
1415 2537 1448 2572 Τ
1480 2539 1492 2582 ΙΙ
1531 2542 1551 2572 7
1577 2538 1710 2582 potula
1736 2538 1769 2572 G
1794 2539 1804 2582 Η

91 2586 112 2616 8
139 2594 320 2618 nARvspnx
341 2583 394 2619 F:
420 2596 577 2619 Anvsl’ssx
597 2583 710 2619 ASR
738 2596 919 2620 Avnvsvnx
939 2585 1035 2619 HM
1051 2586 1063 2631 ss
1082 2589 1102 2619 9
1123 2597 1232 2619 namt
1253 2585 1380 2620 xquA
1411 2597 1518 2620 Mawrt
1538 2596 1657 2621 Kacum
1677 2585 1775 2620 HM
1794 2582 1805 2631 Η

92 2630 220 2664 diuina
245 2630 318 2665 AS
355 2631 503 2666 diuinae
530 2632 575 2666 H
601 2633 613 2676 ΙΙ
652 2635 696 2666 10
722 2632 819 2666 enim
847 2643 913 2668 om.
940 2632 980 2666 F
1014 2633 1026 2678 ΙΙ
1066 2636 1106 2667 11
1135 2633 1184 2667 ad
1209 2644 1337 2667 nos'rm
1361 2643 1389 2668 s.
1415 2644 1447 2668 v.
1474 2644 1542 2677 pro
1568 2633 1616 2668 ad
1642 2632 1802 2667 hostiam

92 2677 268 2722 pinguem
299 2677 332 2712 T
357 2680 370 2722 ΙΙ
401 2691 519 2714 vocma
545 2679 584 2714 F
612 2681 624 2724 ΙΙ
659 2683 700 2714 12
726 2679 885 2714 moritur
909 2679 983 2714 AS
1025 2680 1216 2715 morituris
1241 2680 1286 2714 H
1312 2682 1323 2727 ΙΙ
1359 2683 1401 2714 13
1429 2679 1507 2725 ipse
1533 2690 1600 2715 om.
1627 2679 1772 2714 HMF
1794 2680 1805 2726 ΙΙ

94 2728 137 2760 16
163 2738 410 2766 ῡιιιΕΡΤνΜρνε
436 2727 523 2761 libri
541 2727 553 2772 ΙΙ
575 2731 617 2761 17
643 2727 846 2762 tractatum
868 2727 966 2761 HM
983 2728 994 2773 ΙΙ
1013 2727 1109 2762 iaius
1130 2728 1177 2768 F,
1205 2727 1319 2762 Iulius
1345 2729 1511 2762 omittens
1528 2728 1541 2772 ΙΙ
1571 2731 1614 2762 18
1636 2729 1804 2772 arreptus

91 2772 128 2806 R
146 2773 158 2819 ΙΙ
180 2776 222 2808 19
248 2773 393 2819 nosset]
419 2784 494 2808 non
520 2776 576 2809 est
596 2774 637 2808 H
654 2775 666 2820 ΙΙ
686 2785 814 2809 caesar
840 2786 968 2809 caesar
987 2774 1073 2809 RF
1108 2786 1236 2810 caesar
1254 2775 1383 2810 ΛΕΜ
1420 2785 1526 2810 cecos
1550 2786 1593 2809 ac
1614 2785 1717 2810 cesar
1736 2775 1779 2809 H
1795 2775 1807 2822 Η

92 2823 135 2854 21
162 2820 246 2865 ipsa
270 2821 304 2855 A
325 2822 337 2865 ΙΙ
357 2820 559 2866 epimeride
585 2821 621 2855 R
659 2821 927 2867 emptemeride
952 2821 992 2856 F
1008 2823 1020 2867 ΙΙ
1040 2822 1177 2857 dicitur
1201 2823 1275 2857 AS
1293 2824 1305 2867 ΙΙ
1326 2826 1369 2857 22
1396 2823 1445 2857 ad
1469 2834 1501 2857 v.
1529 2826 1596 2857 743
1624 2823 1666 2857 in
1690 2833 1803 2867 maro.

91 2869 241 2912 praeter
266 2868 462 2904 historiam
487 2868 593 2904 illam
614 2880 726 2913 quam
748 2869 793 2904 de
814 2880 962 2904 caesare
989 2869 1059 2905 hoc
1085 2869 1168 2905 loco
1190 2872 1371 2906 memorat
1392 2870 1534 2904 seruius
1556 2870 1670 2905 aliam
1691 2870 1802 2905 etiam

92 2915 303 2950 inuenimus
338 2928 381 2951 ex
407 2927 481 2962 qua
507 2915 790 2951 similitudinem
823 2916 984 2961 sumpsit
1016 2917 1196 2963 uirgilius.
1248 2917 1367 2952 Varro
1394 2929 1477 2952 cum
1504 2917 1550 2953 de
1576 2929 1642 2952 suo
1669 2929 1805 2963 cogno-

93 2962 192 2998 mine
227 2963 436 3009 disputaret
471 2963 526 2999 ait
559 2974 644 2998 eum
677 2963 742 3008 qui
775 2963 825 2999 sit
859 2963 1000 3009 primus
1032 2975 1140 2999 uarro
1174 2964 1386 3010 appellatus
1418 2965 1456 2999 in
1487 2964 1624 3000 illirico
1657 2964 1807 3000 hostem'

94 3021 286 3045 uarronem
314 3012 463 3046 nomine
490 3011 589 3055 quod
614 3013 790 3055 rapuerat
815 3012 853 3046 et
877 3011 924 3045 ad
949 3011 1075 3047 hostes
1102 3014 1320 3058 portauerat
1340 3023 1384 3046 ex
1403 3011 1543 3057 insigni
1568 3013 1669 3047 facto
1695 3024 1804 3048 uoca-

92 3056 221 3091 bulum
246 3058 425 3094 meruisse
456 3059 488 3093 T
506 3060 517 3105 ΙΙ
542 3058 625 3093 uius
655 3058 689 3093 G
707 3060 719 3104 H
751 3062 795 3093 23
822 3058 867 3093 de
893 3069 960 3093 om.
987 3059 1027 3094 F
1042 3060 1054 3105 ΙΙ
1081 3060 1271 3105 disputare
1298 3059 1339 3094 F
1353 3060 1366 3104 ΙΙ
1397 3063 1444 3094 24
1469 3071 1558 3095 uero
1586 3060 1627 3095 F
1642 3061 1654 3106 ΙΙ
1679 3060 1804 3104 appel-

92 3104 192 3139 latur
218 3105 251 3139 G
280 3106 293 3150 ΙΙ
328 3105 460 3151 ilyrioo
488 3107 527 3141 F
562 3107 716 3151 hybrico
743 3105 777 3140 G
808 3107 819 3152 ΙΙ
856 3109 901 3141 25
928 3106 976 3141 ad
1002 3118 1084 3142 suos
1113 3107 1371 3143 Gommelinns:
1402 3107 1450 3142 ad
1476 3118 1543 3142 uos
1570 3108 1610 3142 F
1637 3109 1649 3153 ΙΙ
1685 3107 1803 3152 facto]

94 3152 203 3187 ficato
229 3153 263 3188 G
293 3154 306 3198 ΙΙ
341 3154 567 3189 vocabulum
593 3165 659 3189 om.
683 3153 723 3187 F
744 3153 923 3189 meruisse
947 3165 1082 3189 nomen
1109 3156 1200 3190 coni.
1230 3155 1458 3197 Masvicius,
1483 3155 1637 3198 fortasse
1662 3156 1806 3197 rectius,

93 3211 201 3281 gnam
226 3211 308 3282 ἔρα.
334 3212 424 3238 mer.
454 3202 678 3237 Turonensis
704 3203 882 3247 interpres
899 3202 912 3246 ss
942 3205 987 3237 26
1014 3203 1064 3238 ad
1087 3214 1260 3238 'rounvn
1285 3212 1310 3237 s.
1338 3212 1370 3238 v.
1397 3202 1450 3238 rei
1477 3202 1622 3237 scilicet
1646 3201 1805 3238 admira-

112 3258 196 3283 lone
