2092 3614
241 1029 282 1060 10

238 1387 281 1418 15

237 1745 282 1776 20

236 2101 282 2133 25

310 269 365 310 62
369 268 394 309 8
1085 267 1246 303 SERVII

312 392 516 433 equorum
550 378 682 419 etiam
713 377 921 419 tarditate
947 377 1159 431 veniebat,
1191 377 1291 430 qnia
1316 377 1455 419 minus
1481 390 1682 419 successus
1705 376 1905 419 habebant
1929 377 2025 430 eqni

309 450 398 491 iam
426 450 605 504 farti—grati.

429 521 528 563 617.
578 532 781 563 A'r'rerr
822 531 949 563 nvnc
988 533 1086 562 ILLI
1125 531 1288 563 CAEcls
1328 531 1622 562 TERRORIBVS
1662 531 1784 562 AVRA
1824 520 2021 562 naturale

311 591 424 632 enim
459 594 538 646 est,
569 594 618 633 ut
649 607 674 633 a
706 606 790 646 qua
816 594 938 646 parte
964 595 1119 635 ventus
1146 591 1235 646 flat,
1267 591 1366 633 inde
1391 591 1601 633 maximus
1627 590 1825 632 audiatur
1849 591 2021 633 clamor.

310 665 348 703 et
377 662 480 704 mire
511 662 653 705 ‘caeeis
684 662 930 715 terroribus’‚
961 676 1060 716 quos
1090 676 1207 704 nemo
1238 663 1398 704 videret.

431 735 529 777 618.
580 746 860 777 COMMIXTVM
886 746 1145 777 CLAMOREM
1172 749 1223 775 ex
1248 732 1575 789 inpugnatione,
1600 735 1643 775 et
1669 735 1808 776 morte
1834 733 2022 788 reginae.

370 817 612 848 ARRECTAS
634 817 783 849 AVRES
813 807 865 848 ad
889 806 1147 849 audiendum
1169 805 1400 848 sollicitas:
1427 805 1651 847 Terentius
1679 805 1849 861 arrige
1876 820 2022 848 aures

309 876 593 932 Pamphile.

428 949 527 991 619.
578 966 847 992 INLAETABILE
876 966 1045 992 MVRMVR
1074 950 1287 1003 quaeritur
1311 949 1404 1003 quis
1429 947 1691 991 ‘inlaetabile'
1719 948 1899 991 dixerit?
1930 948 2020 990 ideo

308 1023 443 1062 autem
483 1019 716 1076 ‘murmur',
759 1021 860 1075 quia
896 1022 1004 1074 ferre
1039 1021 1168 1063 solent
1202 1022 1324 1074 qua-si
1359 1021 1623 1074 praesaqium
1660 1033 1896 1071 murmura,
1935 1020 2019 1061 sive

308 1092 415 1133 bona
445 1092 540 1145 sint,
571 1092 653 1134 sive
683 1092 799 1134 mala
830 1093 1109 1147 intelleyenda.

429 1164 526 1205 621.
577 1180 621 1205 DJ
630 1180 747 1206 VERSA
780 1181 930 1207 01111011
968 1163 1184 1218 hypallaye
1217 1161 1335 1220 (pro)
1375 1162 1580 1205 ‘diversus
1621 1162 1820 1205 clamor’:
1860 1165 1936 1204 ant
1970 1175 2020 1204 ex

307 1235 442 1276 variis
464 1234 659 1288 partibus
688 1235 876 1278 civitatis.

429 1306 527 1348 622.
578 1317 732 1348 AMENS
765 1306 940 1348 consilii
972 1321 1116 1363 egens,
1147 1307 1317 1349 nescius
1350 1307 1412 1348 rei
1445 1306 1668 1362 gerendae.

430 1377 529 1420 625.
580 1389 811 1419 OCCVRRIT
844 1389 1003 1421 DICTIS
1038 1378 1226 1421 orationi
1259 1379 1350 1420 eius
1382 1378 1525 1421 verbis
1558 1377 1731 1420 obviam
1763 1376 1889 1419 venit.

427 1449 524 1490 626.
575 1461 719 1490 PRIMA
753 1461 972 1492 V1croR1A
1004 1450 1048 1491 id
1083 1452 1148 1492 est
1179 1450 1378 1505 primum.

427 1521 525 1563 627.
575 1537 679 1563 SVNT
707 1539 794 1563 Am
823 1538 902 1578 QVIv
927 1538 1042 1563 TECTA
1075 1538 1191 1564 MANV
1224 1522 1311 1563 ideo
1350 1521 1450 1574 quia
1486 1521 1563 1562 scit
1594 1520 1784 1561 Turnum
1811 1532 1891 1572 pro
1922 1519 2021 1561 urbe

307 1594 486 1635 maxime
516 1605 598 1634 esse
629 1592 861 1634 sollicitum.

427 1664 525 1706 630.
574 1674 663 1705 NEC
688 1674 881 1705 NVMERO
908 1675 1128 1707 INFERIOR
1154 1675 1341 1706 PVGNAE
1369 1675 1457 1705 Nec
1485 1674 1680 1705 HONORE
1708 1675 1748 1705 R.
1781 1663 1828 1705 id
1861 1665 2020 1704 estnec

309 1735 539 1791 pauciores
566 1734 792 1789 interimis,
823 1748 900 1776 nec
926 1734 1065 1776 minor
1090 1738 1146 1786 te,
1179 1749 1306 1790 quam
1333 1734 1523 1790 Aenean,
1555 1733 1834 1776 comitabitur
1860 1733 2020 1790 gloria:

315 1821 414 1848 nam
455 1806 694 1848 occisorum
733 1806 966 1848 multitudo
998 1810 1235 1860 conpensat
1264 1806 1363 1861 hoc,
1400 1806 1514 1862 quod
1546 1808 1594 1847 tu
1625 1805 1841 1861 fugientes
1874 1806 2020 1847 interi-

311 1879 404 1921 mis.
452 1892 556 1920 sane
583 1877 818 1933 sciendum,
850 1877 894 1919 in
920 1877 1000 1919 hac
1028 1877 1147 1919 omni
1173 1877 1368 1920 oratione
1394 1877 1617 1919 Iuturnam
1645 1891 1866 1919 occurrere
1893 1891 2017 1933 quae-

308 1950 523 1992 stionibus
556 1950 699 1991 tacitis

428 2021 527 2063 632.
578 2033 723 2062 PRIMA
764 2033 854 2062 PER
895 2033 1055 2062 ARTEM
1097 2032 1316 2063 FOEDERA
1358 2032 1584 2063 TVRBASTI
1627 2019 1798 2075 ‘prima'
1841 2022 1916 2061 aut
1954 2019 2018 2061 in-

315 2070 537 2134 choantia:
588 2095 664 2134 aut
708 2092 770 2134 ‘tu
812 2091 988 2147 prima':
1037 2107 1138 2134 nam
1173 2095 1271 2147 post
1311 2093 1455 2134 datum
1497 2092 1721 2146 auynrinm
1763 2105 1840 2144 qno
1884 2092 2019 2133 animi

279 2164 494 2212 ,omnium
519 2167 666 2217 pertin
667 2164 753 2205 bati
783 2167 895 2219 sunt,
926 2167 964 2205 et
994 2166 1094 2218 post
1124 2163 1214 2206 eius
1248 2164 1488 2206 orationem
1517 2162 1769 2205 Tolumnius
1801 2162 1889 2204 tela
1921 2176 2017 2204 con-

310 2235 452 2278 torsit.
505 2234 589 2289 ‘per
620 2233 764 2277 artem'
797 2238 933 2277 autem
952 2249 1029 2289 per
1050 2236 1254 2290 fraudem,
1285 2235 1427 2289 ut<11
1449 2234 1562 2289 125>
1595 2234 1821 2287 artificis
1850 2234 2017 2276 scelus.

427 2307 525 2349 634.
575 2323 810 2354 NEQVIQVAM
842 2323 981 2349 FALLJs
1002 2320 1083 2360 pro
1117 2306 1214 2349 ‘non
1242 2306 1388 2360 fallis'.

405 2428 423 2459 ’1
451 2422 660 2500 Terentius]
689 2423 800 2458 Andr.
829 2424 859 2458 V
886 2427 920 2467 4,
947 2427 991 2458 30

403 2534 421 2564 1
447 2530 649 2565 ueniebant
676 2529 716 2564 F
736 2531 748 2576 11
779 2541 806 2564 3.
833 2541 864 2564 v.
893 2534 960 2564 616
993 2528 1082 2573 quia
1106 2529 1268 2565 minores
1293 2541 1482 2565 successus
1508 2558 1516 2565 .
1539 2529 1754 2575 ..fatigati
1783 2529 1817 2564 T
1835 2531 1848 2574 ΙΙ
1878 2533 1900 2564 4
1925 2530 1968 2564 ut
1992 2541 2015 2565 a

306 2589 379 2623 qua
403 2580 510 2623 parte
535 2576 649 2612 fuerit
673 2580 807 2612 uentus
833 2577 874 2611 F
889 2578 901 2621 ΙΙ
930 2576 1105 2612 audiatur
1126 2577 1311 2612 maximus
1338 2577 1479 2612 clamor
1505 2577 1544 2612 F
1559 2579 1572 2623 ΙΙ
1603 2581 1623 2612 5
1651 2578 1699 2612 ad
1723 2588 1845 2612 cAs01s
1871 2591 1904 2612 r.
1928 2588 1955 2612 3.
1981 2588 2013 2613 v.

305 2636 398 2670 quos
424 2636 533 2661 nemo
559 2625 705 2660 uideret
728 2624 762 2660 T
775 2626 787 2671 ΙΙ
808 2628 826 2659 7
854 2624 983 2678 aurigo
1004 2623 1045 2658 F
1059 2626 1071 2669 ΙΙ
1090 2627 1111 2659 8
1137 2625 1291 2670 panpile
1310 2625 1346 2659 A
1377 2624 1571 2670 (panphile
1597 2629 1634 2668 a)
1671 2624 1836 2670 pampile
1862 2624 1890 2659 S
1928 2634 2014 2669 pan-

304 2673 366 2708 file
392 2673 437 2708 H
468 2673 656 2718 pampilae
683 2671 723 2707 F
738 2674 750 2717 ΙΙ
783 2676 803 2706 9
830 2683 881 2707 an
906 2671 989 2716 quis
1015 2675 1102 2707 ante
1127 2673 1225 2707 hunc
1250 2672 1313 2707 inl.
1341 2672 1413 2708 dix.
1435 2677 1451 2708 ⁴?
1472 2675 1484 2719 n
1517 2677 1561 2708 10
1588 2672 1677 2717 quia
1704 2672 1911 2708 Masvicins
1928 2674 1941 2717 ΙΙ
1970 2676 2011 2707 11

305 2722 380 2756 sint
405 2732 471 2756 om.
498 2721 637 2756 Daniel
661 2721 673 2767 ΙΙ
704 2719 959 2765 intellegenda
982 2720 1131 2764 scripsi:
1157 2720 1328 2765 intellegi
1354 2719 1403 2764 F,
1429 2721 1495 2755 del.
1524 2721 1741 2756 Masvicius.
1781 2721 1823 2755 de
1848 2720 1898 2754 eis
1921 2731 2014 2765 qnae

304 2770 346 2803 in
370 2769 402 2803 T
402 2779 576 2804 uronensz
596 2769 646 2804 ad
666 2779 898 2802 mun-mmm
916 2780 952 2801 n.
979 2768 1168 2812 adscripta
1192 2769 1346 2811 fuerunt
1368 2769 1473 2803 hodie
1490 2769 1577 2803 haee
1599 2768 1669 2814 leyi
1686 2771 1844 2812 possunt
1868 2777 2014 2812 semper

304 2816 423 2851 triste.
464 2818 502 2851 et
534 2827 724 2851 murmura
756 2815 879 2850 solent
909 2813 1082 2859 intellegi
1114 2814 1193 2850 siue
1228 2816 1272 2851 1*
1297 2815 1385 2861 quia
1409 2815 1515 2851 ferat·
1548 2826 1639 2860 quae
1663 2815 1763 2850 haud
1786 2815 1861 2849 scio
1887 2826 1937 2849 an
1960 2814 2014 2849 sic

304 2864 510 2908 supplenda
534 2864 610 2898 sint
635 2863 714 2898 siue
739 2863 838 2898 bona
864 2861 942 2896 siue
967 2862 1070 2896 mala
1095 2862 1182 2906 quia
1206 2862 1332 2898 feiunt
1357 2863 1464 2907 quasi
1488 2862 1725 2908 praesagium
1744 2863 1756 2906 n
1787 2862 1836 2897 ad
1859 2873 2013 2897 D1VERSA

305 2923 335 2945 c.
355 2923 388 2945 A.
410 2924 441 2946 v.
468 2921 496 2946 3.
516 2921 547 2945 v.
569 2911 771 2956 hypallage
795 2909 836 2944 id
862 2911 920 2944 est
945 2908 1113 2944 diuersus
1141 2911 1283 2946 elamor
1309 2909 1388 2945 siue
1416 2922 1460 2946 ex
1486 2909 1641 2945 diuersis
1666 2909 1836 2955 partibus
1861 2908 2013 2943 ueniens

304 2957 471 2993 ciuitatis
500 2957 533 2992 T
556 2958 568 3004 11
602 2962 643 2992 12
668 2958 843 3003 ypallage
870 2956 910 2992 F
926 2958 938 3003 ΙΙ
970 2955 1137 2992 diuersas
1164 2957 1204 2992 F
1219 2959 1231 3003 ΙΙ
1264 2961 1309 2992 14
1334 2957 1536 3003 gerendae]
1563 2968 1649 2992 nam
1675 2957 1837 2992 mentem
1863 2958 1901 2991 et
1926 2966 2010 2990 con—

305 3004 431 3040 silium
466 3004 676 3050 significare
711 3005 869 3040 diximus
905 3006 947 3038 ut
979 3006 1023 3047 (v.
1051 3008 1133 3049 554)
1168 3005 1346 3040 ‘mentem
1379 3007 1527 3041 Aeneae
1561 3004 1730 3050 genetrix
1761 3002 2012 3048 pulcherrima

305 3052 421 3087 misit’
450 3053 535 3088 add.
555 3053 594 3087 D
624 3054 637 3098 ΙΙ
676 3055 719 3087 15
746 3052 825 3088 01113
852 3051 1032 3087 orationis
1059 3051 1099 3086 F
1134 3051 1314 3087 orationis
1341 3052 1419 3087 eius
1446 3065 1469 3087 a
1505 3054 1517 3096 ΙΙ
1555 3055 1597 3086 17
1624 3062 1651 3087 3.
1677 3062 1709 3086 v.
1736 3054 1804 3086 627
1831 3049 1914 3086 ideo
1939 3050 2012 3085 hoe

305 3101 455 3136 dicebat
480 3099 568 3145 quia
594 3099 737 3135 sciebat
761 3102 912 3135 turnum
937 3099 1096 3134 maxime
1122 3111 1190 3144 pro
1215 3100 1307 3135 urbe
1334 3111 1414 3135 esse
1441 3098 1644 3135 sollicitum
1673 3098 1707 3133 T
1733 3099 1746 3144 ΙΙ
1775 3109 1844 3142 pro
1869 3108 1935 3133 om.
1962 3096 2011 3140 F,

305 3148 351 3183 de
373 3148 512 3183 Daniel
529 3148 542 3194 ΙΙ
564 3150 606 3182 18
632 3148 795 3182 maxima
814 3146 854 3182 F
869 3147 882 3192 ΙΙ
901 3149 944 3180 21
971 3148 1177 3191 conpensat
1198 3147 1292 3182 MF
1298 3159 1337 3182 a:
1366 3146 1577 3192 complexat
1594 3145 1667 3180 AS
1699 3144 1836 3181 conflat
1853 3144 1890 3179 R
1927 3155 2011 3180 con-

304 3195 416 3229 flexat
440 3195 485 3230 H
499 3195 511 3241 ΙΙ
542 3199 586 3229 22
613 3195 755 3230 ratione
784 3194 833 3229 M
849 3196 861 3240 ΙΙ
893 3197 938 3228 26
964 3194 1184 3238 pertmbata
1209 3195 1259 3235 F,
1283 3206 1373 3230 corr.
1403 3194 1541 3229 Daniel
1558 3196 1571 3239 ΙΙ
1598 3192 1765 3228 oratione
1792 3192 1833 3227 F
1848 3194 1860 3238 ΙΙ
1889 3195 1934 3227 27
1960 3192 2010 3227 ad

304 3255 369 3277 PER
393 3254 510 3277 ARTEM
534 3253 562 3279 3.
587 3253 619 3277 v.
646 3253 713 3287 per
737 3242 905 3276 fraudem
934 3241 967 3275 T
984 3242 995 3287 ΙΙ
1022 3242 1064 3275 ut
1088 3241 1197 3276 initio
1223 3222 1268 3277 11'.
1295 3243 1386 3276 Aen
1413 3241 1551 3277 Daniel
1569 3242 1581 3286 ΙΙ
1610 3239 1775 3275 artificas
1801 3239 1900 3275 301113
1925 3238 1966 3274 F
