2092 3614
206 647 226 678 5

254 244 339 286 638
1028 243 1191 279 SERVII

256 354 331 396 sed
368 353 499 396 hasta
537 354 706 396 eminus
745 353 949 395 dimicare
981 352 1231 409 contendat,
1269 353 1371 408 quia
1401 353 1647 409 inpediente
1680 355 1854 397 vulnere
1884 370 1963 398 nec

253 426 374 481 sequi
405 427 578 480 poterat
607 439 687 467 nec
717 425 763 467 in
794 425 928 467 ictum
960 438 1240 482 consurgere:
1273 425 1383 468 unde
1409 427 1475 468 est
1500 426 1647 481 (789)
1673 425 1754 469 hic
1786 427 1960 482 gladio

252 497 440 552 fidens,
471 497 552 539 hic
584 511 700 539 acer
732 499 781 538 et
812 496 1001 539 arduus
1031 496 1196 539 hasta.

374 569 470 610 749.
520 579 756 610 INCLVSVM
795 579 1004 610 FLVMINE
1049 568 1315 623 comparatio
1354 566 1590 623 Apollonii.
1650 569 1845 611 alterutro
1884 568 1962 612 ‘in-

252 639 439 695 clusum'‚
471 643 547 682 aut
574 639 747 693 flumine
777 642 852 681 aut
878 640 1125 693 formidine:
1157 643 1232 682 aut
1260 639 1416 682 duobus
1447 640 1673 691 inclusum;
1705 641 1823 693 infra
1853 641 1962 683 enim

252 712 314 753 ait
345 710 527 754 ‘insidiis
557 714 596 753 et
623 712 722 766 ripa
754 712 920 754 territus
944 710 1059 767 alla',
1090 714 1138 753 ut
1160 711 1340 754 insidias
1356 725 1437 765 pro
1460 711 1695 767 formidine,
1725 712 1864 765 ripam
1881 725 1962 766 pro

249 781 422 835 flumine
446 783 643 836 posuerit.
1261 782 1264 786 ’

374 853 469 897 750.
521 871 682 897 affirm
709 871 792 898 Avr
818 872 1013 898 PVNIGEAE
1043 857 1186 897 utrum
1209 855 1383 909 ftyurale
1409 853 1584 897 ‘cervum
1609 853 1782 897 instat':
1814 869 1872 898 an
1889 869 1962 910 po-

251 926 333 968 tius
369 939 529 968 cervum
567 929 744 968 nanetus
781 926 968 980 alioquin
1006 925 1165 968 instat?
1286 936 1521 969 PvmcEAE
1556 937 1768 969 SAEPTVM
1799 938 1962 970 nonm-

185 1004 228 1035 10
254 1008 367 1039 DINE
406 1009 594 1039 PENNAE
633 997 830 1040 Lucanus
870 996 959 1051 <IV
990 996 1108 1051 438>
1153 997 1351 1039 claudit
1394 997 1641 1040 odoratae
1680 999 1962 1042 metuentis

255 1082 374 1110 aera
405 1083 612 1123 pennae.

375 1139 471 1182 751.
521 1150 746 1182 VENATOR
779 1151 913 1182 CANIS
946 1154 1024 1195 pro
1058 1138 1324 1182 ‘venaticus'.

375 1210 473 1252 752.
523 1222 712 1254 INSIDIIS
744 1226 981 1267 pennarum
1013 1211 1173 1254 scilicet.

377 1281 472 1323 753.
524 1293 715 1325 VIVIDVS
766 1294 924 1324 VMBER
975 1282 1210 1324 acerrimus
1255 1282 1438 1324 Tuscus:
1487 1297 1588 1325 nam
1635 1283 1817 1326 Vmbria
1862 1298 1962 1338 pars
2020 1274 2028 1281 ’

188 1361 230 1392 15
256 1352 437 1395 Tusciae
470 1356 547 1396 est.
591 1353 894 1396 sane¹Vmbros
929 1353 1150 1396 Gallorum
1180 1357 1358 1396 veterum
1379 1355 1654 1409 propayinem
1685 1369 1766 1398 esse
1790 1355 1965 1397 Marcus

254 1424 466 1467 Antonius
506 1426 653 1478 refert:
696 1425 769 1468 hos
810 1426 982 1481 eosdem,
1025 1426 1134 1479 quod
1176 1429 1350 1479 tempore
1387 1439 1564 1479 aquosae
1600 1426 1730 1469 cladis
1766 1426 1964 1469 imbribus

253 1495 556 1549 superfuerunt,
587 1492 819 1553 Ὀμβρίους
844 1497 1158 1552 coynominatos.
1252 1514 1395 1546 FVGITQ
1404 1514 1451 1540 ve
1488 1513 1574 1539 mas
1595 1497 1743 1553 ffiyum,
1768 1501 1816 1540 ut
1843 1497 1963 1540 ‘eam-

246 1580 352 1620 pum
383 1568 525 1619 currit,
556 1581 672 1610 mare
701 1567 901 1623 naviyal'.

376 1638 473 1681 754.
524 1650 607 1680 IAM
634 1651 813 1690 IAMQVE
847 1651 1001 1681 TENET
1033 1639 1096 1682 ita
1128 1642 1176 1681 ut
1207 1639 1379 1682 videtur
1410 1639 1696 1682 intuentibus:
1729 1642 1772 1682 et
1802 1639 1848 1681 hi
1880 1640 1963 1683 duo

182 1719 228 1751 20
255 1724 405 1752 versus
437 1711 613 1753 verbum
648 1710 701 1753 ad
734 1711 914 1753 verbum
946 1713 1048 1753 sunt
1078 1711 1280 1753 translati
1307 1710 1357 1753 de
1386 1711 1630 1766 Apollonio.
1680 1725 1778 1754 sane
1801 1724 1965 1754 summa

181 2077 226 2109 25

253 1781 444 1824 brevitate
474 1795 560 1824 rem
590 1782 767 1825 elocutus
798 1786 865 1825 est.

374 1853 471 1896 755.
522 1871 605 1897 TVM
641 1871 735 1897 VERo
767 1871 962 1897 Exolm’vn
994 1871 1144 1897 GLAMOR
1181 1854 1350 1908 quidam
1382 1857 1600 1908 quaerunt,
1637 1868 1695 1896 an
1725 1855 1812 1896 iam
1842 1868 1963 1897 reces-

252 1938 345 1966 sum
374 1926 430 1967 sit
458 1925 523 1968 his
552 1926 733 1968 versibus
763 1939 791 1968 a
821 1926 1136 1979 comparatione.
1198 1926 1269 1968 sed
1296 1939 1380 1968 non
1410 1925 1529 1967 dubie
1558 1925 1730 1968 videtur.

375 1996 471 2040 758.
514 2009 742 2040 INGREPAT
781 1997 1002 2053 obiurgat,
1039 1996 1228 2053 incusat,
1266 1999 1316 2039 ut
1354 1998 1604 2039 aestatem
1636 1997 1962 2052 increpitans

254 2082 430 2110 seram.
773 2116 779 2121 ι
1555 2079 1559 2083 ’

377 2139 474 2182 759.
524 2150 819 2182 EFFLAGITAT
852 2150 1009 2182 ENSEM
1040 2154 1137 2182 cum
1170 2140 1355 2182 clamore
1387 2140 1591 2195 deposcit.

350 2259 392 2291 15
428 2268 514 2292 sane
543 2256 696 2291 Umbros
723 2283 730 2290 .
753 2283 760 2291 .
783 2285 790 2292 .
818 2257 1116 2304 cognominatos]
1150 2257 1195 2292 cf.
1221 2256 1314 2292 Plin.
1340 2258 1417 2292 nat.
1444 2256 1530 2294 hist.
1556 2257 1609 2291 111
1633 2261 1652 2300 §
1681 2260 1765 2300 112,
1798 2256 1885 2292 Isid.
1911 2267 1962 2292 or.

252 2303 303 2385 {lx}
325 2307 423 2387 21’337
451 2306 490 2339 et
514 2303 596 2339 XIV
619 2308 651 2348 4,
673 2307 716 2339 21
737 2305 749 2350 ΙΙ
769 2308 814 2340 20
841 2305 886 2340 de
912 2304 1130 2351 Apollonio]
1156 2303 1243 2351 Arg.
1266 2305 1299 2339 II
1320 2308 1389 2340 278
1409 2315 1487 2349 sqq.
1509 2306 1520 2351 ΙΙ
1539 2308 1585 2340 24
1611 2304 1809 2351 aestatem]
1836 2315 1961 2350 georg.

352 2462 369 2493 1
398 2458 482 2505 nec]
509 2469 584 2494 non
611 2457 651 2493 F
666 2459 678 2505 ΙΙ
698 2462 719 2493 2
745 2459 921 2503 potuerat
940 2459 1013 2494 AS
1030 2460 1042 2505 ΙΙ
1061 2463 1083 2493 4
1110 2471 1284 2495 menvsvm
1308 2473 1437 2496 vanvn
1463 2472 1494 2494 SI
1519 2471 1659 2500 QvAnno
1680 2459 1721 2494 F
1736 2461 1747 2505 ΙΙ
1766 2460 1816 2495 ad
1839 2470 1870 2495 v.
1894 2463 1961 2502 749

253 2506 295 2540 in
319 2517 433 2550 marq.
461 2506 642 2541 alterutro
664 2533 671 2539 .
694 2532 700 2539 .
724 2534 730 2541 .
752 2506 920 2551 posuerit
943 2506 977 2540 T
989 2510 1002 2551 ΙΙ
1021 2512 1042 2541 ὃ
1068 2508 1134 2541 aut
1159 2506 1356 2542 formidine
1382 2509 1448 2542 aut
1473 2506 1623 2542 flumine
1647 2507 1680 2541 Τ
1696 2508 1707 2552 ΙΙ
1727 2508 1792 2542 aut
1817 2506 1961 2542 duobus

254 2553 439 2587 inclusum
463 2564 531 2588 om.
557 2553 589 2587 T
606 2554 618 2598 11
638 2557 658 2587 6
686 2553 756 2599 ait]
784 2554 849 2588 aut
874 2553 914 2587 F
929 2554 941 2599 ῃ
960 2553 1042 2598 ripa
1062 2553 1102 2588 F
1117 2554 1128 2599 Ι]
1148 2557 1168 2588 8
1196 2555 1245 2589 ad
1269 2566 1391 2589 meur
1416 2565 1443 2588 s.
1463 2565 1495 2589 υ.
1523 2554 1601 2589 siue
1626 2554 1785 2599 figurate
1811 2565 1961 2589 ceruum

253 2600 370 2636 instat
390 2600 469 2635 siue
488 2611 598 2635 ceru*
613 2601 768 2646 (reliqua
782 2602 1020 2646 evanuerunt)
1040 2602 1052 2646 ΙΙ
1071 2605 1091 2636 9
1106 2612 1253 2637 ceruam
1268 2601 1306 2636 F
1322 2602 1333 2647 ΙΙ
1355 2606 1397 2636 10
1413 2601 1571 2647 claudit]
1586 2601 1722 2636 diuidit
1735 2601 1774 2636 F
1789 2602 1802 2647 ss
1827 2606 1863 2636 11
1881 2601 1960 2647 pin-

252 2659 323 2683 nae
348 2647 438 2682 HF
460 2649 472 2694 ΙΙ
506 2652 548 2683 13
575 2648 796 2694 pennarum]
826 2648 1021 2692 pinnarum
1049 2649 1093 2682 Η
1098 2649 1145 2683 Μ
1153 2648 1200 2684 F.
1241 2651 1501 2695 argumentum
1528 2649 1713 2694 quoddam
1738 2649 1777 2684 in
1803 2649 1890 2684 fune
1915 2649 1962 2684 ad

253 2695 448 2731 terrendas
474 2695 612 2731 bestias
637 2696 721 2731 add.
749 2695 799 2730 M
829 2695 1116 2730 instrumentum
1142 2697 1329 2741 quoddam
1356 2698 1394 2732 in
1419 2697 1506 2731 fune
1532 2696 1581 2732 ad
1606 2697 1797 2732 terrendas
1823 2696 1961 2732 bestias

253 2742 395 2778 facturn
422 2744 506 2780 add.
528 2744 578 2785 D,
604 2743 719 2778 edidit
739 2743 944 2788 Stephanus
963 2744 974 2788 ΙΙ
996 2747 1039 2778 14
1065 2755 1175 2788 paras
1196 2744 1241 2778 H
1272 2755 1340 2789 par
1360 2744 1400 2779 F
1415 2746 1427 2791 ΙΙ
1447 2748 1491 2779 15
1517 2745 1566 2779 ad
1591 2757 1709 2779 vunnu
1732 2755 1759 2781 s.
1780 2755 1812 2779 v.
1838 2743 1962 2779 fuscus

254 2789 357 2825 canis
383 2790 526 2836 species
551 2801 618 2836 pro
643 2801 778 2836 genere
802 2791 843 2825 T.
869 2791 911 2825 in
929 2801 1043 2836 mary.
1065 2790 1224 2826 Vmbros
1244 2803 1272 2827 e.
1293 2804 1324 2837 q.
1344 2803 1372 2828 s.
1398 2795 1571 2838 quattuor
1593 2792 1754 2827 versibus
1773 2792 1962 2835 adscripta

253 2839 423 2882 fuerunt,
455 2839 498 2873 de
528 2839 660 2882 quibus
690 2838 776 2873 haee
800 2838 905 2873 hodie
936 2839 1005 2882 1292·
1032 2843 1190 2883 posswnt
1219 2840 1370 2875 umbros
1396 2839 1580 2885 gallorum
1606 2841 1690 2874 uete
1713 2840 1718 2883 Ι
1740 2839 1822 2873 nius
1848 2838 1962 2873 refert

255 2896 390 2930 eosque
417 2896 467 2930 qu
490 2887 494 2930 Ι
517 2885 574 2920 dis
600 2885 861 2930 superfuerunt
884 2884 1007 2920 umbri
1029 2889 1034 2927 Ι
1057 2885 1095 2920 hi
1121 2885 1294 2921 dicuntur
1319 2887 1545 2931 apenninum
1570 2887 1675 2921 mont
1693 2887 1705 2932 ΙΙ
1738 2890 1780 2921 16
1806 2885 1961 2920 Antoni—

255 2933 337 2967 nius
366 2932 604 2968 Commelinus
641 2932 849 2968 Antoninus
874 2933 1078 2968 Moseielus
1097 2935 1108 2979 ΙΙ
1136 2945 1298 2978 aquoeea
1324 2934 1365 2969 F
1380 2936 1391 2980 ΙΙ
1426 2939 1466 2970 17
1493 2932 1698 2969 ambrosios
1723 2934 1961 2978 gnominatus

254 2980 295 3014 F
331 2980 489 3015 Vmbros
516 2981 800 3026 cognominatos
825 2980 963 3015 Daniel
997 2977 1191 3027 Ὀμβριόυς
1218 2993 1351 3027 graece
1376 2981 1585 3017 nominatos
1611 2981 1782 3016 Isidorus
1799 2981 1812 3025 ΙΙ
1843 2980 1962 3026 figura

256 3038 430 3073 campum
456 3027 552 3063 curri
578 3028 628 3071 F,
655 3029 806 3064 correxi.
844 3028 1000 3073 figurate
1027 3039 1199 3073 campum
1227 3040 1308 3063 cum
1328 3028 1467 3065 Daniel
1485 3030 1497 3075 ΙΙ
1519 3031 1561 3063 18
1587 3029 1637 3063 ad
1660 3041 1799 3062 mmm*
1819 3041 1854 3062 n.
1879 3038 1907 3063 s.
1927 3038 1958 3062 v.

254 3075 294 3109 id
320 3078 377 3110 est
402 3074 538 3110 acriter
564 3077 602 3110 et
626 3075 867 3110 uehementer
891 3074 1075 3110 incumbit
1099 3087 1183 3110 cum
1208 3076 1324 3111 nimia
1349 3076 1541 3122 apertione
1569 3074 1641 3111 oris
1671 3075 1732 3119 ΤΙΙ
1759 3079 1801 3110 19
1829 3087 1960 3110 'rannus

254 3122 291 3157 R
329 3135 476 3158 mmmm
502 3122 543 3157 F
565 3123 577 3168 ΙΙ
605 3122 776 3158 uideatur
800 3122 841 3157 F
863 3123 875 3168 ΙΙ
905 3125 948 3157 21
977 3121 1102 3157 elocus
1128 3123 1178 3168 F,
1205 3134 1295 3160 corr.
1322 3124 1461 3159 Daniel
1485 3125 1497 3168 ΙΙ
1527 3127 1571 3158 22
1598 3124 1780 3168 quaerunt
1803 3123 1959 3158 Daniel:

255 3169 447 3213 quaeritur
460 3169 501 3204 F
515 3172 527 3214 ss
546 3173 590 3204 23
611 3170 661 3205 ad
678 3182 899 3206 nnsmnsmvr
919 3172 964 3213 (v.
981 3171 1063 3214 757)
1089 3172 1265 3206 resonant
1289 3170 1472 3207 imitando
1492 3181 1621 3206 uocem
1642 3169 1882 3205 clamantium
1899 3169 1932 3204 T
1950 3169 1960 3216 ΙΙ

255 3221 300 3252 26
327 3218 376 3252 ad
401 3229 590 3258 nowvnqva
615 3228 642 3252 s.
668 3229 699 3254 v.
728 3229 852 3262 carum
880 3218 945 3252 aut
969 3229 1008 3252 re
1034 3228 1123 3253 uera
1147 3220 1277 3254 notum
1305 3218 1339 3253 Τ
