2092 3614
511 235 662 272 COMM.
688 234 741 271 IN
767 235 909 272 VERG.
937 234 1047 270 AEN.
1075 236 1145 271 VII
1171 239 1369 271 683-695.
1584 276 1589 279 .
1707 232 1791 276 183

202 348 300 390 688.
350 357 627 396 FVLVOSQVE
665 357 772 388 LVPI
804 357 866 388 DE
897 356 1051 386 PELLE
1091 355 1304 387 GALERos
1347 345 1518 400 galerus
1556 357 1690 400 genus
1728 345 1794 385 est

83 418 220 473 pillei,
253 418 365 473 quod
396 417 558 460 Fronto
591 431 746 473 genere
778 418 931 459 neutro
964 415 1068 458 dicit
1099 415 1202 458 ‘hoc
1233 415 1461 472 galerum’.

202 489 300 532 689.
348 499 568 531 VESTIGIA
593 500 722 531 NVDA
748 499 946 531 s1N1STR1
971 498 1255 530 ms'rlTVERE
1282 498 1418 530 PEDIS
1451 487 1571 543 atqui
1603 488 1694 543 ipse
1726 489 1792 530 est

82 560 127 601 in
166 560 463 616 pugnantibus
506 559 688 616 primus3
733 559 807 601 sed
851 558 959 600 bene
1000 557 1139 600 nudus
1185 559 1266 613 est,
1311 558 1413 613 quia
1452 558 1616 613 tegitur
1656 560 1790 601 scuto.

82 631 278 674 dextrum
317 633 461 674 autem
492 632 653 673 tectum
692 630 977 673 conveniebat
1007 644 1119 683 esse,
1157 629 1282 684 quasi
1313 629 1366 672 ab
1401 629 1532 672 armis
1564 631 1789 671 remotum.
1816 636 1837 668 5

201 703 299 745 690.
348 714 465 752 PJSRO
498 703 642 744 autem
675 702 742 743 est
773 695 982 743 rusticum
1013 699 1354 743 calciamentum.
1411 702 1455 741 et
1485 699 1620 742 traxit
1650 699 1734 742 hoc
1766 716 1792 743 a

81 773 286 816 Graeciae
311 788 442 830 more,
473 773 584 816 unde
610 771 697 827 isffi,
727 772 834 814 sieut
855 772 1010 815 dictum
1034 774 1103 826 esi,
1131 771 1407 827 transierant,
1437 771 1514 813 ubi
1543 770 1626 813 hoc
1652 785 1790 813 armo-

81 859 176 886 rum
208 844 348 887 fuerat
378 859 527 901 genus.

199 917 298 960 691.
343 929 404 959 Ar
430 928 664 960 MussAva
691 928 850 968 EQVVM
875 927 1093 959 Domrross
1117 926 1353 957 NEPTVNIA
1379 925 1558 975 moniis
1585 913 1655 957 hic
1681 914 1789 958 Mes-

79 1003 210 1043 sapus
247 1003 324 1044 per
361 1003 480 1031 mare
519 989 572 1031 ad
610 988 779 1030 Italiam
820 988 954 1043 venit,
995 987 1107 1029 unde
1138 985 1333 1042 Neptuni
1372 985 1513 1028 dictus
1552 989 1618 1029 est
1655 987 1787 1030 filius:
1818 992 1861 1023 10

82 1074 208 1115 quem
240 1060 601 1103 invulnerabilem
633 1059 729 1102 ideo
761 1058 883 1114 dicit,
915 1058 1015 1114 quia
1047 1073 1261 1113 nusquam
1293 1057 1441 1114 periit,
1471 1071 1550 1099 nec
1580 1057 1628 1099 in
1658 1057 1790 1101 bello.

79 1131 227 1187 ignem
272 1133 416 1174 autem
455 1131 494 1177 ei
538 1145 691 1174 nocere
733 1145 822 1173 non
866 1144 994 1185 posse
1036 1132 1214 1185 propter
1252 1128 1505 1184 Neptunum
1549 1130 1671 1185 dicit,
1716 1131 1789 1185 qui

81 1218 289 1258 aquarum
323 1203 427 1245 deus
461 1205 537 1245 est.
600 1203 654 1245 ab
692 1202 776 1245 hoc
808 1201 975 1244 Ennius
1007 1201 1111 1244 dicit
1143 1216 1187 1243 se
1221 1201 1433 1257 originem
1472 1201 1641 1243 ducere:
1678 1201 1788 1244 unde

80 1289 192 1317 nunc
224 1277 268 1318 et
299 1276 522 1317 cantantes
555 1273 719 1316 inducit
751 1273 843 1315 eius
876 1273 1016 1315 socios
1050 1274 1093 1315 et
1126 1286 1197 1314 eos
1230 1273 1455 1327 comparat
1487 1272 1647 1327 cycniS.
1703 1271 1789 1315 edo-

81 1345 226 1389 mitor'
260 1348 402 1389 autem
436 1345 686 1401 ‘equorum',
718 1345 840 1401 quasi
873 1343 1126 1387 animalium
1158 1359 1184 1386 a
1214 1345 1338 1399 patre
1370 1343 1656 1387 inventorum.
1816 1348 1858 1380 15

197 1417 294 1461 695.
344 1430 396 1460 111
439 1428 762 1461 FESCENNINAS
806 1427 940 1459 Aonis
984 1415 1296 1458 Fescenninum
1341 1413 1546 1470 oppidum
1597 1418 1664 1457 est
1714 1415 1788 1457 ubi

77 1489 292 1544 nuptialia
322 1489 499 1532 inventa
531 1491 633 1531 sunt
665 1488 866 1531 carmina.
921 1487 966 1530 hi
999 1489 1143 1530 autem
1175 1486 1327 1542 populi
1360 1486 1414 1529 ab
1446 1485 1786 1528 Atheniensibus

77 1560 237 1603 ducunt
281 1560 507 1616 originem.
627 1570 907 1610 AEQVOSQVE
954 1569 1175 1601 FALISOOS
1221 1557 1415 1599 Faliscos
1459 1555 1645 1599 Halesus
1690 1572 1786 1600 con-

14 1622 20 1627 *
78 1631 198 1673 didit.
260 1630 307 1673 hi
338 1632 500 1686 autem,
539 1630 754 1673 inmutato
787 1642 819 1672 Η
851 1629 897 1671 in
928 1641 974 1684 F,
1009 1628 1167 1671 Falisci
1207 1628 1311 1670 dicti
1349 1629 1468 1683 sunt,
1506 1627 1617 1670 sicut
1654 1628 1787 1670 febris

79 1702 237 1745 dicitur
269 1717 378 1759 quae
410 1704 510 1744 ante
542 1701 688 1744 hebris
721 1701 958 1756 dicebatur,
992 1699 1191 1742 Formiae
1224 1713 1332 1755 quae
1361 1698 1568 1741 Hormiae
1599 1698 1787 1755 fuerunt,
1814 1706 1858 1737 20

77 1768 163 1815 ἀπὸ
190 1773 270 1827 τῆς
296 1768 456 1828 ὁρμῆςε
484 1787 585 1814 nam
617 1772 850 1828 posteritas
881 1771 927 1814 in
958 1771 1108 1814 multis
1138 1770 1386 1814 nominibus
1412 1782 1440 1812 F
1465 1784 1545 1825 pro
1571 1782 1604 1812 Η
1628 1770 1786 1825 posuit.

78 1845 214 1887 iustos
257 1845 401 1886 autem
446 1843 548 1886 dicit
578 1843 786 1898 Faliscos,
831 1842 934 1898 quia
970 1843 1155 1898 populus
1193 1842 1418 1885 Romanus
1456 1841 1599 1884 missis
1639 1842 1785 1885 decem

172 1989 193 2020 2
226 1985 383 2031 Fronto]
416 1997 450 2030 p.
478 1989 546 2021 262
573 1985 668 2021 Nab.
705 1986 718 2030 ss
756 1989 776 2020 6
802 1996 890 2019 imno
917 2011 925 2018 .
952 2012 959 2020 .
987 2011 995 2020 .
1023 1982 1324 2028 calciamentum]
1357 1993 1471 2019 exscr.
1503 1981 1588 2018 Isid.
1623 1993 1675 2018 or.
1700 1981 1786 2017 XIX

78 2036 135 2075 34,
164 2036 207 2067 13
226 2033 238 2077 ΙΙ
264 2036 284 2068 9
311 2032 372 2067 hic
392 2032 581 2078 Messapus
608 2061 616 2070 .
639 2061 646 2068 .
668 2060 676 2068 .
703 2043 771 2068 nec
795 2032 835 2066 in
859 2030 976 2077 bello]
1003 2041 1118 2067 exscr.
1144 2030 1332 2076 mythogr.
1352 2029 1404 2064 111
1424 2034 1456 2076 5,
1478 2034 1498 2066 7
1517 2031 1530 2076 ΙΙ
1557 2033 1599 2064 13
1626 2029 1784 2077 Ennius]

80 2091 164 2114 ann.
190 2079 312 2115 XVIII
335 2080 467 2126 fragm.
494 2079 547 2115 VI
572 2080 681 2116 Vahl.

173 2215 190 2246 1
219 2211 368 2256 galerus
394 2222 460 2246 om.
482 2211 582 2246 HM
597 2212 609 2256 ΙΙ
636 2215 657 2246 2
684 2210 784 2255 quod
809 2209 976 2245 fronture
1001 2209 1096 2244 ritur
1121 2219 1254 2254 genere
1275 2209 1310 2244 L
1336 2209 1375 2254 (u
1399 2209 1442 2244 in
1462 2219 1483 2244 ο
1509 2210 1662 2245 mutavit
1688 2213 1721 2246 et
1745 2221 1784 2245 re

77 2258 171 2293 riuu-
195 2260 261 2294 del.
289 2260 311 2294 l.
350 2259 504 2303 fortasse
528 2259 570 2294 in
595 2259 788 2303 archetypo
813 2269 931 2292 1³sser
956 2268 1072 2302 supra
1097 2256 1220 2292 fronto
1245 2257 1333 2302 fuit)
1352 2257 1365 2302 ΙΙ
1397 2261 1417 2291 3
1444 2257 1575 2301 autqui
1600 2257 1640 2291 F
1656 2258 1668 2302 ΙΙ
1700 2262 1720 2292 4
1746 2257 1785 2292 in

76 2317 143 2341 om.
170 2306 217 2342 Sl
235 2308 247 2352 ss
275 2305 406 2352 primis
431 2306 466 2340 L
493 2310 597 2346 (corr.
624 2307 650 2351 l)
676 2306 688 2351 ΙΙ
720 2309 740 2341 5
766 2305 949 2340 intectum
975 2305 1015 2339 F
1031 2305 1044 2350 ΙΙ
1072 2303 1317 2339 conueniebat
1343 2315 1423 2339 esse
1450 2304 1511 2339 M:
1538 2304 1786 2340 conueniebat

78 2353 163 2388 LH
185 2355 279 2397 (esse
305 2353 550 2389 conueniebat
575 2354 601 2399 l)
639 2363 720 2388 esse
747 2363 951 2397 congruum
975 2352 1098 2387 fuerat
1122 2351 1243 2387 SRF
1257 2352 1270 2396 ΙΙ
1299 2355 1319 2387 6
1346 2363 1369 2386 a
1392 2362 1459 2387 om.
1486 2351 1573 2386 LII
1594 2352 1693 2397 (add.
1721 2353 1747 2397 l)
1774 2351 1786 2397 ΙΙ

79 2404 98 2436 7
120 2401 244 2436 caecie
264 2401 308 2435 H
322 2402 335 2446 ΙΙ
353 2400 582 2436 transierunt
600 2400 682 2435 LF
697 2402 708 2446 ΙΙ
728 2400 930 2445 armorum]
953 2399 1190 2435 calciamenti
1210 2399 1281 2434 SR
1307 2398 1519 2434 calcimenti
1539 2399 1580 2433 F
1595 2400 1607 2444 ss
1626 2403 1647 2434 8
1667 2410 1784 2445 genus

77 2448 199 2483 fuerat
223 2448 260 2484 R
286 2449 297 2494 ΙΙ
329 2452 349 2483 9
375 2447 585 2494 Messapus]
612 2460 660 2483 m.
689 2448 748 2491 M,
773 2459 839 2483 om.
866 2447 952 2482 LH
972 2449 985 2492 ss
1018 2450 1061 2482 10
1086 2446 1183 2481 filius
1209 2446 1330 2482 dictus
1355 2448 1413 2482 est
1438 2445 1558 2481 SRF
1578 2448 1591 2491 ΙΙ
1624 2450 1665 2481 11
1693 2446 1786 2481 dicit

76 2506 142 2531 om.
163 2495 200 2530 R
217 2496 230 2541 ΙΙ
248 2506 317 2530 nec
343 2506 407 2531 om.
428 2495 514 2530 RF
537 2495 591 2541 (in
616 2495 716 2531 bello
742 2494 856 2540 periit
875 2494 924 2536 R)
944 2495 956 2540 ΙΙ
978 2498 1020 2529 12
1048 2494 1111 2539 qui
1135 2493 1234 2528 LH:
1262 2494 1351 2539 quia
1376 2494 1509 2539 reliqui
1526 2495 1538 2539 ΙΙ
1560 2498 1601 2529 13
1630 2493 1785 2530 enninus

78 2542 128 2577 M
141 2543 153 2587 ΙΙ
179 2541 272 2578 dicit
297 2553 335 2578 se
361 2543 449 2577 LH
454 2543 502 2578 M
508 2557 516 2578 ε
543 2543 810 2578 commemorat
835 2552 873 2577 se
900 2541 970 2576 SR
1009 2543 1277 2577 commemorat
1302 2552 1382 2576 esse
1408 2541 1448 2576 F
1465 2542 1476 2586 ΙΙ
1505 2544 1547 2575 14
1573 2541 1652 2576 eius
1678 2541 1784 2576 indu-

80 2589 134 2625 cit
157 2589 194 2624 R
212 2591 224 2635 ΙΙ
244 2600 306 2625 eos
332 2600 399 2625 om.
420 2590 507 2625 LH
528 2591 625 2635 (add.
648 2591 673 2634 l)
692 2591 704 2636 ΙΙ
724 2589 851 2635 cygnis
873 2590 921 2624 Μ
928 2588 985 2623 Fl
1022 2588 1141 2634 cignis
1167 2588 1204 2623 R
1222 2590 1234 2634 ΙΙ
1254 2588 1417 2623 domitor
1435 2588 1534 2623 LH:
1562 2587 1784 2624 domitorem

78 2637 212 2682 reliqui
235 2637 249 2682 ss
280 2640 324 2672 15
346 2636 568 2672 animalium
595 2649 691 2682 quae
714 2640 823 2682 pater
847 2636 1043 2672 inuenerat
1067 2636 1138 2671 SR
1147 2635 1187 2671 F
1202 2638 1214 2681 ΙΙ
1242 2635 1494 2682 inventorum]
1522 2635 1623 2680 quod
1650 2636 1723 2671 fuit
1746 2634 1785 2670 in

80 2686 320 2720 contentione
352 2695 436 2719 cum
461 2684 615 2720 Pallade
647 2685 692 2719 de
724 2684 963 2730 impositione
989 2682 1150 2719 nominis
1175 2684 1404 2718 Athenarum
1433 2684 1518 2719 add.
1546 2682 1749 2718 Fabricius
1774 2683 1785 2729 ΙΙ

77 2732 126 2767 ad
150 2743 182 2767 v.
210 2735 278 2768 693
312 2731 451 2767 resides
476 2731 652 2767 dicuntur
676 2731 825 2777 proprie
851 2731 916 2782 qui
940 2730 1116 2766 militiam
1142 2730 1354 2767 detrectant
1379 2731 1417 2766 et
1442 2730 1487 2766 de
1513 2730 1661 2776 ignauis
1687 2729 1784 2765 mili-

735 2799 756 2817 n

78 2826 177 2862 tibus
210 2826 348 2862 dicitur
383 2827 416 2861 T
449 2827 461 2871 ΙΙ
501 2830 544 2863 16
576 2826 808 2862 fescennium
833 2825 862 2861 S
903 2825 1160 2861 fescenninum
1191 2825 1324 2871 reliqui
1360 2824 1605 2860 Fescennium
1635 2825 1742 2871 vulyo
1773 2824 1786 2869 Η

82 2877 123 2910 17
150 2875 190 2910 hi
217 2903 223 2910 .
247 2902 254 2910 .
275 2902 282 2910 .
311 2874 510 2920 originem]
546 2873 686 2909 ducunt
716 2872 835 2918 (ducit
860 2871 915 2918 H)
947 2874 1072 2908 autem
1104 2872 1286 2918 originem
1318 2872 1365 2908 ab
1397 2871 1677 2908 atheniensibus
1703 2872 1790 2906 LH

79 2920 208 2957 dicunt
234 2921 389 2967 (ducunt
415 2922 464 2966 m)
489 2922 614 2957 autem
641 2920 822 2966 originem
848 2920 888 2955 hi
904 2920 1043 2966 -populi
1068 2919 1115 2955 ab
1140 2919 1420 2955 atheniensibus
1447 2919 1497 2954 M
1515 2921 1528 2964 ΙΙ
1555 2918 1609 2953 hii
1632 2919 1676 2954 F
1696 2920 1709 2964 ΙΙ
1737 2919 1784 2954 ab

79 2979 145 3004 om.
171 2969 208 3004 R
226 2970 238 3014 ΙΙ
269 2972 312 3004 18
338 2969 469 3004 salicos
495 2969 540 3003 H
572 2967 734 3003 haliscos
760 2967 800 3002 F
815 2968 828 3013 ΙΙ
857 2968 979 3003 alesus
1004 2967 1092 3002 RH
1113 2967 1251 3013 (alesus
1276 2967 1426 3002 faliscos
1450 2966 1500 3011 R)
1520 2968 1532 3012 ΙΙ
1563 2970 1604 3001 19
1631 2966 1685 3001 hii
1711 2966 1751 3000 F
1773 2965 1784 3010 Η

81 3017 225 3051 mutata
250 3016 278 3051 S
315 3016 502 3051 inmutata
529 3016 576 3050 M
605 3015 618 3060 ΙΙ
654 3015 746 3050 dicti
771 3015 871 3061 sunt]
899 3014 1137 3050 nominantur
1162 3014 1191 3049 S
1198 3013 1284 3049 RF
1310 3015 1323 3059 ΙΙ
1360 3014 1412 3049 sic
1438 3013 1467 3048 S
1495 3016 1508 3059 ΙΙ
1545 3013 1677 3049 frebris
1703 3014 1737 3047 L
1773 3012 1784 3057 Η

81 3066 127 3097 20
151 3062 272 3099 nebris
298 3063 338 3098 F
353 3065 366 3108 ΙΙ
385 3062 605 3098 dicebantur
623 3062 669 3097 H
681 3064 695 3108 ΙΙ
713 3062 852 3098 ormiae
872 3061 912 3096 F
927 3064 939 3107 ΙΙ
958 3062 1108 3097 fuerant
1126 3061 1212 3097 SM
1224 3062 1237 3106 ΙΙ
1256 3065 1298 3096 21
1327 3073 1399 3096 ano
1425 3072 1489 3095 'mc
1514 3072 1625 3096 opusc
1643 3061 1677 3094 L
1711 3070 1784 3093 ano

80 3121 145 3144 'mc
169 3121 280 3145 opusc
303 3110 347 3144 H
381 3122 454 3145 ano
481 3123 550 3145 rror
576 3122 682 3145 orum
710 3109 750 3144 F
776 3110 789 3155 ΙΙ
818 3109 846 3144 F
871 3113 903 3145 et
928 3109 962 3144 H
987 3121 1053 3145 om.
1074 3108 1162 3144 LII
1183 3109 1281 3153 (add.
1303 3109 1329 3152 l)
1348 3109 1361 3154 ΙΙ
1391 3107 1517 3153 posuit
1541 3119 1607 3143 om.
1634 3107 1674 3141 F
1695 3107 1707 3151 Η
1737 3109 1782 3140 22

79 3156 384 3239 tziiequosHemtem
417 3157 509 3193 dicit
539 3157 578 3192 id
610 3158 667 3193 est
697 3156 813 3193 iustos
844 3155 933 3202 quia
963 3157 1101 3192 Daniel
1137 3157 1149 3200 ss
1186 3155 1350 3191 Faliscos
1385 3166 1451 3191 om.
1479 3155 1564 3189 LH
1595 3154 1693 3198 (add.
1721 3153 1746 3197 l)
1772 3152 1783 3199 Η

106 3212 200 3238 emm
