2092 3614
284 1491 306 1523 5

259 1850 304 1882 10

259 2207 301 2239 15

255 2563 301 2596 20

886 852 1084 896 SERVH
1117 853 1496 898 GRAMMATICI

384 964 460 1019 IN
502 965 820 1022 VERGILII
862 965 1213 1024 AENEIDOS
1257 968 1531 1024 LIBRVM
1573 968 1991 1027 VNDECIMVM

909 1061 1473 1119 COMMENTARIVS.

459 1199 495 1240 1.
545 1210 766 1242 OCEANVM
809 1211 1016 1242 INTEREA
1059 1211 1265 1244 SVRGENS
1306 1211 1497 1243 AVRORA
1537 1212 1760 1252 RELIQVIT
1806 1215 1924 1244 more
1969 1216 2045 1244 suo

334 1270 630 1325 praetermisit
667 1271 808 1314 noctis
846 1271 1197 1327 descriptionem,
1237 1287 1367 1328 quam
1404 1272 1614 1314 transisse
1646 1272 1809 1315 indicat
1840 1287 2045 1328 praesens

336 1344 457 1383 ortus
490 1341 586 1386 diei.
646 1346 690 1384 et
721 1342 803 1385 hoc
836 1345 903 1385 est
934 1343 1045 1385 unde
1079 1343 1141 1385 ait
1172 1343 1382 1386 Horatius
1414 1358 1504 1386 nec
1538 1344 1743 1386 verbum
1775 1345 1931 1387 verbo
1964 1359 2044 1388 cu-

334 1412 475 1455 rabis
500 1414 711 1456 reddere
737 1414 874 1457 fidus
900 1415 1179 1471 interpres:
1206 1429 1314 1470 quae
1340 1415 1455 1457 enim
1479 1415 1696 1458 naturalia
1721 1417 1821 1458 sunt
1844 1416 2044 1459 omnibus

331 1486 493 1538 patent.
554 1484 751 1540 ‘suryeus'
783 1489 921 1528 autem
951 1501 1055 1540 quae
1084 1487 1282 1541 surrexit,
1315 1482 1556 1528 ἀναστᾶσα.

450 1556 489 1599 2.
539 1568 722 1600 AENEAS
755 1569 1018 1608 QVAMQVAM
1049 1570 1110 1600 ET
1138 1569 1285 1601 socns
1311 1569 1437 1599 DARE
1464 1568 1645 1600 TEMPVS
1671 1569 1915 1601 HVMANDIS
1941 1571 1980 1601 P.
2005 1571 2044 1602 c.

331 1628 596 1670 consuetudo
629 1627 827 1671 Romana
863 1629 948 1670 fuit
980 1621 1030 1671 u⁴t
1059 1629 1215 1684 polluti
1247 1628 1396 1670 funere
1429 1627 1606 1670 minime
1639 1627 1943 1671 sacrificarent.
2005 1631 2043 1673 si

329 1701 477 1741 tamen
509 1699 780 1755 contingeret
805 1702 853 1742 ut
878 1715 964 1742 uno
990 1699 1224 1755 eodemque
1256 1702 1452 1754 tempore
1485 1702 1529 1742 ct
1553 1699 1845 1744 funestarctur
1877 1700 1972 1756 quis
2000 1704 2043 1744 et

331 1772 559 1826 cogeretur
590 1785 767 1826 operam
801 1771 902 1813 dare
936 1771 1176 1826 sacrificiis,
1209 1770 1462 1813 elaborabat
1493 1774 1542 1813 ut
1574 1773 1673 1813 ante
1706 1785 1829 1813 sacra
1858 1773 2042 1827 comple-

330 1844 396 1884 ret
428 1857 559 1898 quam
590 1842 721 1885 funus
754 1846 1025 1899 agnosceret:
1058 1843 1170 1885 unde
1203 1842 1335 1884 etiam
1365 1841 1575 1885 Horatius
1601 1841 1812 1885 Pulvillus
1844 1843 1891 1885 in
1917 1842 2042 1900 Capi-

329 1913 425 1955 tolii
463 1913 734 1956 dedicatione
767 1928 862 1956 cum
896 1914 950 1956 ab
981 1914 1166 1957 inimicis
1199 1914 1238 1957 ei
1270 1914 1384 1956 filius
1421 1914 1696 1956 nuntiaretur
1733 1914 1960 1971 extinctus,
1997 1919 2044 1959 ut

328 1985 498 2038 quidam
528 1988 685 2039 putarit
710 1985 838 2040 falso,
873 1989 921 2028 ut
951 1986 1046 2042 alii,
1075 2000 1156 2040 pro
1188 1999 1296 2039 vero,
1335 1985 1398 2027 ait
1429 1984 1633 2028 <cadaver
1666 1984 1755 2040 sit',
1793 2000 1872 2028 nec
1902 1986 2042 2029 voluit

327 2055 456 2098 funus
502 2069 752 2112 agnoscere,
797 2056 932 2099 donec
975 2057 1140 2112 templa
1182 2056 1410 2099 dedicaret.
1473 2056 1703 2099 secundum
1742 2071 1870 2112 quem
1908 2058 2040 2100 ritum

329 2127 462 2170 etiam
493 2127 664 2170 Aeneas
695 2127 912 2170 inducitur
944 2130 1045 2170 ante
1083 2142 1258 2184 operam
1297 2128 1397 2170 dare
1437 2128 1678 2183 sacrificiis,
1721 2130 1764 2170 et
1795 2129 1857 2172 sic
1890 2130 1943 2172 ad
1975 2144 2039 2172 so-

328 2199 492 2242 ciorum
525 2201 569 2241 et
599 2198 812 2241 Pallantis
845 2200 1112 2255 sepulturam
1143 2199 1314 2242 reverti.

446 2271 486 2313 3.
535 2281 879 2313 PRAECIPITANT
919 2282 1071 2314 CVRAE
1109 2273 1284 2327 urgent:
1325 2271 1502 2326 longam
1540 2270 1655 2313 enim
1693 2270 1945 2314 dilationem
1978 2287 2038 2314 se-

326 2343 502 2397 pultura
533 2357 621 2385 non
654 2343 831 2398 patitur.
893 2357 993 2386 saue
1023 2357 1114 2385 eum
1147 2341 1429 2397 ‘quamquam'
1455 2342 1751 2397 praemisisset,
1782 2356 1864 2384 riou
1895 2343 2039 2386 intulit

328 2412 509 2468 ‘tameu'‚
539 2417 587 2455 ut
609 2414 712 2456 alibi
743 2414 951 2457 libertas
981 2428 1104 2468 quae
1133 2428 1245 2456 sera
1275 2417 1437 2456 tameu
1466 2414 1682 2467 respexit
1711 2414 1916 2456 inertem
1947 2429 2038 2457 eum

327 2483 495 2526 ‘tamen'
527 2484 694 2539 dixerit,
726 2499 810 2527 uon
833 2486 1056 2539 praemisit
1086 2483 1378 2538 ‘quamquam'.
1424 2483 1551 2526 ‘dare'
1577 2498 1669 2526 vero
1695 2483 1882 2539 ‘ternpus'
1913 2486 2037 2528 relin-

325 2568 461 2608 quere,
497 2555 545 2597 id
572 2557 631 2597 est
665 2558 712 2597 ut
741 2555 874 2598 breve:
912 2559 950 2598 et
983 2556 1102 2598 habet
1136 2555 1346 2610 emphasm
1381 2558 1544 2610 propter
1580 2556 1886 2599 multitudinem
1921 2571 2037 2612 neqo-

425 2700 443 2731 1
470 2707 573 2731 more
599 2707 665 2731 suo
686 2707 716 2732 e.
737 2709 772 2742 q.
794 2697 839 2743 s.]
867 2697 912 2732 cf.
933 2697 1026 2733 Don.
1049 2697 1096 2732 ad
1115 2697 1198 2732 Ter
1218 2696 1311 2732 Eun.
1334 2697 1385 2731 ΙΙΙ
1406 2700 1439 2741 5,
1459 2701 1504 2732 46
1524 2698 1536 2742 ΙΙ
1564 2700 1585 2731 3
1605 2697 1798 2744 Horatius]
1826 2708 1858 2733 a.
1878 2708 1914 2742 p.
1937 2697 2035 2745 1331!

327 2748 346 2780 7
374 2744 604 2779 consuetudo
630 2744 799 2780 Romana
823 2744 895 2779 fuit
921 2756 950 2779 e.
978 2757 1012 2790 q.
1040 2744 1085 2790 s.]
1113 2744 1157 2780 cf.
1187 2744 1287 2780 Serv.
1309 2744 1363 2780 ad
1388 2744 1480 2779 Aen.
1507 2744 1557 2780 VI
1584 2748 1604 2780 8
1630 2746 1642 2791 ΙΙ
1669 2748 1711 2780 13
1738 2745 1939 2780 secundum
1965 2773 1973 2781 .
1994 2771 2002 2779 .
2023 2771 2031 2780 .

325 2791 479 2838 reverti]
507 2791 915 2838 exscr.mythogr.111
942 2796 975 2835 6,
1002 2796 1047 2828 28
1073 2793 1086 2837 ΙΙ
1119 2796 1162 2828 18
1187 2792 1359 2838 libertas]
1386 2793 1468 2827 buc.
1495 2793 1512 2827 1
1539 2796 1582 2828 27

422 2915 443 2945 3
468 2910 584 2956 unde]
612 2910 710 2955 quod
736 2910 803 2957 Fu
835 2910 905 2957 ait]
933 2911 997 2947 eut
1021 2911 1058 2946 R
1077 2913 1088 2957 ΙΙ
1118 2911 1248 2956 velbo]
1276 2911 1392 2946 uerbu
1418 2911 1464 2946 H
1488 2912 1500 2957 ΙΙ
1531 2913 1552 2946 5
1578 2912 1627 2946 ad
1651 2922 1682 2946 v.
1711 2914 1729 2945 1
1757 2921 1911 2955 surgens
1937 2923 2032 2956 quae

326 2959 534 2994 surrexerat
558 2959 747 2993 transacto
773 2959 940 3015 tempore
966 2958 1086 2994 noetis
1109 2958 1141 2992 Τ
1157 2960 1171 3015 ΙΙ
1189 2958 1374 3004 surgentis
1394 2958 1435 2993 F
1449 2960 1462 3004 ss
1481 2956 1641 2993 surrexit
1662 2954 1857 2992 ἀναστᾶσα
1881 2959 2030 3003 seripsiz

325 3006 636 3041 surrexanaetaca
656 3004 696 3039 F
731 3006 889 3041 surrexit
914 3002 988 3040 ἆνά
1015 3006 1054 3041 et
1076 3019 1172 3041 naza
1192 3006 1332 3041 Daniel
1349 3006 1361 3051 ΙΙ
1381 3010 1401 3041 9
1428 3006 1625 3041 laborabat
1644 3005 1733 3039 LH
1753 3005 1987 3049 (elaborabat
2006 3007 2032 3051 l)

326 3053 498 3088 elaborat
516 3052 556 3087 F
572 3054 584 3097 ΙΙ
603 3063 709 3087 sacra
733 3064 798 3088 om
820 3053 910 3088 LH
930 3054 1028 3098 (add.
1050 3054 1074 3097 Ζ)
1093 3054 1106 3099 ΙΙ
1127 3058 1170 3088 10
1195 3053 1373 3099 puluilius
1394 3052 1482 3087 RH
1495 3055 1507 3098 ΙΙ
1528 3056 1572 3087 14
1598 3052 1645 3087 ad
1671 3052 1853 3087 sociorum
1879 3053 1926 3087 ad
1951 3053 2032 3099 p-al

324 3100 439 3136 lantis
465 3099 505 3134 F
520 3102 532 3146 ΙΙ
553 3104 596 3134 16
623 3103 784 3146 urguent
809 3101 848 3135 F
864 3102 876 3147 ΙΙ
895 3100 1107 3145 sepulturae
1135 3101 1174 3135 F
1190 3101 1202 3147 ΙΙ
1224 3105 1265 3136 17
1293 3102 1342 3136 acl
1366 3113 1458 3136 vora
1483 3111 1580 3135 DEVM
1605 3100 1649 3144 (v.
1670 3099 1706 3143 4)
1733 3110 1760 3135 s.
1781 3111 1812 3134 v.
1840 3100 1945 3136 deest
1951 3066 2030 3136 phic

325 3148 452 3183 tamen
475 3147 508 3182 T
522 3148 534 3193 ΙΙ
555 3149 598 3182 18
624 3148 666 3182 ut
691 3147 760 3183 tibi
781 3148 822 3183 F
836 3149 848 3195 ΙΙ
869 3151 912 3183 19
938 3148 1041 3194 vero]
1068 3151 1135 3183 siro
1161 3149 1201 3194 (i.
1222 3159 1249 3183 e.
1273 3148 1415 3183 ‘vestro’
1421 3150 1432 3192 )
1453 3147 1486 3182 G
1505 3148 1517 3193 ΙΙ
1537 3151 1581 3182 20
1608 3148 1645 3181 et
1670 3148 1761 3181 abec
1787 3146 1943 3183 emfasin
1963 3147 2004 3182 F
2019 3147 2031 3194 Η

325 3194 551 3240 negitiorum
577 3194 625 3229 F.
660 3199 745 3239 post
776 3195 1008 3241 negotiorum
1042 3196 1214 3231 lacunam
1239 3196 1418 3231 iudicavit
1442 3194 1590 3230 Damel.
1633 3197 1785 3229 ceterum
1810 3195 1859 3231 ad
1882 3206 1914 3232 v.
1940 3198 1964 3229 4
1988 3196 2030 3230 in

325 3253 438 3288 marq.
466 3242 580 3278 habet
603 3240 666 3277 hic
693 3242 795 3278 locus
822 3242 963 3278 enfasin
989 3244 1143 3288 propter
1168 3242 1447 3278 multitudinem
1474 3241 1709 3287 negotiorum
1738 3241 1772 3276 T
