2124 3600
518 268 669 307 COMM.
697 267 750 303 IN
775 268 917 305 VERG.
944 268 1058 305 AEN.
1084 268 1135 304 Vl
1161 272 1361 306 881—900.
1711 269 1797 310 123

59 387 61 390 ⁴
86 379 188 420 sunt
219 377 377 421 coloris
409 380 453 421 ei:
484 378 676 421 duriores
715 378 868 422 ee‘ceris
900 376 1124 421 membris:
1163 392 1263 420 nam
1300 377 1440 434 frigus
1471 394 1559 422 non
1592 379 1800 436 sentiunt,

85 449 197 492 sieut
222 451 266 492 et
292 448 444 493 Cicero
470 450 577 492 dicit
602 450 649 492 in
679 450 803 493 libris
831 449 881 492 de
907 450 1084 492 deorum
1112 451 1280 493 natura.
1323 465 1401 506 per
1432 452 1666 493 eburneam
1697 466 1798 495 vero

82 523 255 576 portam
291 536 340 564 os
380 522 648 577 significatur
679 536 705 564 a
742 520 956 564 dentibus.
1018 522 1061 563 et
1093 520 1253 563 scimus
1293 521 1395 576 quia
1433 536 1543 577 quae
1581 522 1799 578 loquimur

84 592 195 635 falsa
241 607 334 636 esse
377 597 578 649 possunss,
623 607 674 635 ea
713 607 814 635 vero
853 607 962 648 quae
999 592 1193 635 videmus
1235 585 1327 635 sine
1373 593 1503 635 dubio
1542 608 1644 636 vera
1688 596 1799 636 sunt.

83 664 180 707 ideo
214 663 380 707 Aeneas
419 679 496 720 per
534 665 768 707 eburneam
805 664 1021 707 emittitur
1057 666 1243 719 porssam.
1305 667 1372 722 est
1409 666 1454 706 et
1484 665 1592 707 alter
1629 679 1799 708 sensus:
1825 674 1846 705 5

85 735 294 778 Somnum
330 736 530 778 novimus
568 750 665 778 cum
697 749 830 778 cornu
861 735 999 790 pingi.
1056 737 1099 777 et
1129 735 1203 791 qui
1236 735 1287 778 de
1320 737 1500 779 somniis
1533 736 1801 792 scripserunt

83 807 235 850 dicunt
260 821 310 849 ea
335 821 444 863 quae
470 806 701 850 secundum
727 806 949 848 fortunam
975 808 1017 848 et
1042 821 1252 862 personae
1284 808 1626 863 possibilitatem
1656 808 1800 850 viden-

82 880 154 920 tur
185 878 345 920 habere
384 875 595 920 effectum'.
653 879 696 920 et
734 877 842 920 haec
873 877 1017 920 vicina
1049 879 1150 920 suni:
1181 893 1334 921 cornu:
1369 879 1480 922 unde
1513 894 1670 922 cornea
1699 894 1802 922 vera

82 950 262 1006 fingibur
293 952 433 1005 porssa.
483 964 534 992 ea
559 964 661 992 vero
689 963 799 1005 quae
826 964 956 1005 supra
980 949 1200 992 fortunam
1228 953 1331 993 sunt
1357 953 1400 993 eb
1425 951 1588 994 habent}
1618 951 1801 994 nimium

84 1024 285 1064 orna‘cum
334 1036 576 1077 vanamque
627 1022 882 1064 iaobantiam
931 1021 1081 1064 dieunt
1124 1022 1237 1065 falsa
1280 1038 1392 1066 esse:
1442 1023 1554 1066 unde
1599 1023 1799 1078 eburnea,
1828 1032 1872 1063 10

83 1093 206 1149 quasi
239 1093 436 1136 ornatior
467 1095 612 1149 porta,
642 1092 824 1149 fingitur
853 1093 979 1146 falsa.

205 1165 302 1207 896.
352 1175 580 1207 INSOMNIA
610 1164 656 1206 id
687 1167 754 1207 est
786 1165 964 1207 somnia.

203 1235 302 1278 899.
354 1247 500 1278 SECAT
538 1237 674 1279 tenet:
719 1235 829 1278 unde
861 1238 904 1278 et
936 1238 1076 1278 sectas
1115 1236 1298 1280 dicimus
1331 1238 1385 1280 ab
1419 1253 1468 1281 eo
1501 1238 1616 1295 quod
1646 1253 1800 1296 propo-

85 1308 217 1350 situm
248 1309 412 1350 benent.

202 1379 300 1436 900.
351 1390 413 1420 AD
454 1390 656 1421 CAIETAE
694 1390 889 1422 PORTVM
933 1394 958 1421 a
996 1394 1184 1434 persona
1224 1382 1377 1436 poetae
1421 1382 1652 1438 prolepsis:
1696 1396 1800 1425 nam
1827 1390 1871 1422 15

83 1439 233 1494 Caieta
267 1451 457 1494 nondum
490 1451 724 1494 dicebassur.

178 1585 198 1616 2
226 1581 279 1628 et]
308 1579 420 1616 esiam
448 1581 573 1627 vulyo,
599 1591 664 1617 om.
687 1580 716 1617 S
732 1582 744 1628 ΙΙ
771 1580 809 1616 in
834 1580 939 1616 libris
965 1581 1011 1617 de
1037 1582 1191 1618 deorum
1217 1584 1367 1631 natura]
1395 1584 1441 1628 cf.
1467 1584 1502 1619 II
1528 1587 1585 1629 57,
1617 1584 1684 1619 ubi
1707 1595 1800 1630 quae

82 1629 126 1665 de
151 1629 306 1665 auribus
327 1627 451 1664 Cicero
471 1629 562 1665 dicit
581 1628 731 1664 Servius
750 1639 820 1674 per
839 1639 994 1665 errorem
1013 1630 1064 1666 ad
1089 1631 1209 1666 oculos
1234 1633 1466 1668 transtulisse
1491 1632 1637 1668 videtur
1654 1632 1667 1678 ΙΙ
1687 1635 1707 1668 5
1732 1643 1800 1678 per

83 1676 284 1712 eburneam
309 1687 443 1712 aeneas
470 1676 549 1712 FG
574 1678 586 1722 ΙΙ
618 1680 639 1712 6
666 1676 850 1712 somnium
875 1676 965 1711 RH
970 1677 1034 1713 Ga
1059 1678 1246 1723 (somnum
1272 1679 1309 1725 h)
1333 1681 1338 1726 1
1373 1691 1458 1715 cum
1485 1691 1600 1716 cornu
1625 1679 1799 1715 nouimus

84 1724 133 1759 M
150 1725 162 1772 ΙΙ
181 1723 410 1770 scripserunt
435 1724 480 1760 de
507 1724 658 1760 somniis
684 1724 734 1759 M
747 1725 760 1770 ΙΙ
779 1727 799 1759 8
827 1725 865 1760 ef,
888 1724 981 1760 haec
1080 1737 1195 1761 cornu
1220 1737 1286 1763 om.
1365 1729 1377 1773 ss
1397 1738 1531 1764 cornea
1549 1739 1594 1764 ex
1613 1727 1742 1764 cornia
1760 1727 1797 1763 A

84 1782 224 1807 cornua
249 1771 278 1807 S
295 1773 307 1816 ss
325 1783 414 1807 uero
440 1772 520 1808 FG
538 1773 550 1818 ss
571 1776 614 1807 10
641 1773 836 1808 cornassum
862 1772 907 1807 H
920 1773 932 1818 ΙΙ
952 1771 1126 1809 dicuntur
1145 1774 1190 1809 H
1204 1774 1216 1820 ΙΙ
1238 1778 1278 1810 11
1307 1775 1494 1812 cornatior
1513 1775 1559 1811 H
1573 1778 1585 1821 ΙΙ
1607 1780 1649 1811 13
1674 1775 1828 1822 tenet]-

52 1847 55 1849 >
83 1818 230 1855 adtinet
256 1818 296 1854 F
311 1820 323 1866 ΙΙ
351 1830 445 1864 quae
471 1819 508 1854 R
531 1820 646 1864 (quod
671 1820 705 1865 r)
725 1821 737 1865 Ι]
767 1823 811 1855 14
835 1820 984 1867 tenent]
1010 1832 1085 1857 non
1110 1822 1242 1858 tenent
1266 1822 1314 1868 F,
1342 1825 1438 1869 quod
1463 1836 1486 1859 a
1512 1824 1713 1859 christiano
1737 1823 1799 1859 ho-

83 1868 179 1902 mine
203 1867 347 1902 videtur
369 1867 572 1912 profectum
596 1878 666 1904 esse
692 1869 703 1914 ΙΙ
738 1870 781 1903 15
807 1868 1002 1913 prolemsis
1028 1869 1162 1905 ΑΕΗ
1193 1870 1415 1918 prolempsis
1442 1871 1513 1907 Fa
1537 1872 1550 1917 ΙΙ
1584 1875 1626 1907 16
1655 1872 1798 1907 caietae

82 1914 173 1949 AH
178 1915 228 1949 M
262 1914 384 1950 caitae
404 1914 440 1949 R
478 1915 596 1950 caiehe
622 1915 650 1950 S
667 1915 680 1961 ss
699 1928 857 1951 nxrucrr
882 1929 985 1951 LIBER
1010 1930 1057 1953 v1.
1090 1930 1220 1953 mcn²1⁷r
1244 1933 1349 1955 mmm
1374 1932 1540 1956 sam-nava
1561 1919 1597 1955 A
1634 1931 1799 1955 Exrmcrr

82 1974 266 1998 EXPOSITIO
298 1975 393 1998 LIBRI
429 1975 528 1998 SEXTI
556 1975 691 1998 INCIPIT
721 1974 938 1999 EXPLANA'HO
969 1978 1004 1999 IN
1039 1977 1212 2002 SEPTIMVM
1243 1967 1272 2003 S
1314 1980 1475 2004 EerICI'r
1506 1970 1576 2003 1115.
1609 1979 1657 2004 VI.
1691 1980 1795 2003 INCIP-

83 2013 154 2046 ΜΕ.
181 2022 242 2045 v11.
270 2010 320 2046 M
