2092 3614
527 263 677 300 COMM.
704 262 756 297 IN
783 261 925 298 VERG.
952 259 1061 296 AEN.
1089 259 1176 295 VssI
1201 262 1401 295 554—564.
1719 256 1805 298 279

99 377 280 419 arbore
321 390 510 418 ramus:
555 386 659 428 crgo
697 387 829 414 unum
867 368 1011 426 vacat,
1055 370 1266 425 quantum
1305 367 1359 410 ad
1397 367 1713 423 antiquitatem.
1763 369 1807 409 et

97 448 335 490 notandum
367 448 517 490 votum
550 445 600 487 de
631 443 867 500 praeterito
898 442 1003 485 fieri.

143 511 148 518 ’
216 518 314 561 561.
365 529 534 569 QVALIS
561 527 690 559 ERAM
724 517 799 557 aut
828 516 875 556 ut
902 514 983 556 sim
1008 513 1128 568 talis,
1159 512 1298 567 qualis
1330 513 1435 553 tunc
1467 526 1605 566 eram,
1636 511 1805 566 quando

99 591 186 633 ista
216 590 393 645 perfeci:
426 592 502 631 aut
529 590 642 630 certe
668 586 883 628 laudantis
910 588 976 627 est
1007 584 1164 640 ‘qualis
1191 598 1309 625 eram
1335 597 1433 625 cum
1458 583 1642 638 primam
1669 583 1806 625 aciem

99 661 329 704 Praeneste
361 661 440 703 sub
474 661 569 715 ipsa
601 658 763 701 stravi'.
813 661 851 700 et
879 658 1028 700 bonum
1052 656 1311 710 principium
1337 655 1541 708 parentis,
1572 655 1644 708 qai
1670 655 1806 708 filiam
1833 659 1855 691 5

97 734 154 775 ad
183 733 287 775 bella
317 734 481 775 mittens
510 732 764 775 cohortatur:
807 729 858 772 ab
888 731 1018 771 aetate
1047 728 1158 770 enim
1188 728 1382 769 iuvenum
1412 727 1554 780 coepit,
1591 726 1658 767 cui
1684 726 1808 778 facile

97 818 179 847 esse
217 805 326 847 debet
364 804 516 846 hostem
548 790 828 857 prosterneres
875 800 1001 843 simul
1038 803 1075 842 et
1112 800 1248 853 filium
1281 799 1472 852 paternis
1507 797 1702 851 exemplis
1737 798 1808 839 ad-

98 876 268 931 monuit,
286 878 334 917 ut
352 874 446 930 <ΙΙΙ
467 874 584 929 343>
604 877 809 928 etpater
828 872 1021 915 Aeneas
1045 874 1090 913 et
1112 870 1386 912 avunculus
1411 870 1596 912 excitat
1613 869 1807 911 Hector.

209 963 434 990 PRAENESTE
463 963 537 989 svn
569 962 655 988 IPSA
691 946 738 987 in
775 945 943 998 septimo
973 946 1116 985 mutro
1143 955 1286 996 yenere
1315 941 1424 983 dixit
1455 940 1601 995 (682)
1633 941 1809 994 quique

96 1019 251 1061 altum
285 1018 549 1060 Praeneste
579 1017 690 1059 viri.
1836 1017 1879 1048 10

215 1090 314 1132 562.
365 1100 705 1140 scv'rORVMQvn
747 1099 943 1130 INCENDI
985 1074 1160 1129 vlo'ron
1198 1096 1407 1128 Acnnvos
1451 1084 1534 1127 hoc
1578 1084 1713 1126 traxit
1756 1084 1807 1125 de

97 1161 298 1203 historia:
331 1160 590 1216 Tarquinius
623 1160 736 1202 enim
763 1159 934 1201 Priscus
962 1158 1086 1200 victis
1106 1156 1287 1199 ⁴Sabinis
1319 1156 1364 1198 in
1389 1156 1600 1199 honorem
1619 1155 1807 1198 Vulcani

98 1247 247 1274 eorum
279 1247 400 1274 arma
432 1231 669 1274 succendit:
708 1245 834 1286 quem
866 1231 1016 1285 postea
1048 1229 1183 1271 secuti
1215 1230 1317 1271 sunt
1348 1228 1490 1270 ceteri.

216 1304 315 1347 564.
366 1315 444 1346 CVI
477 1315 595 1346 TRES
628 1314 797 1345 ANIMAS
839 1317 915 1358 per
954 1301 1184 1343 transitum
1225 1301 1415 1343 ostendit
1452 1300 1574 1342 illam
1611 1299 1805 1341 Platonis

99 1378 142 1418 et
173 1375 424 1418 Aristotelis
458 1375 795 1426 contentionem,
833 1374 906 1429 qui
937 1372 1156 1429 dubitant,
1193 1373 1337 1414 utrum
1369 1374 1592 1427 quattuor,
1630 1386 1686 1413 an
1718 1374 1805 1414 tres
1836 1373 1876 1410 15

97 1448 264 1490 animae
297 1447 384 1489 sint
409 1446 453 1488 in
479 1447 671 1499 homine,
705 1442 871 1501 φυσικὴ
898 1441 1134 1499 αἰσθητικὴ
1163 1440 1368 1499 vonum),
1400 1446 1567 1486 remota
1591 1441 1805 1498 κινητική.
1832 1437 1836 1442 ’

94 1518 176 1562 hoc
220 1521 363 1561 autem
407 1519 502 1561 loco
540 1532 616 1573 per
654 1517 769 1566 ‘tres
803 1515 988 1558 animas’
1027 1530 1235 1572 magnum
1277 1518 1320 1557 et
1360 1515 1600 1571 perfectum
1645 1515 1807 1558 indicat

99 1590 256 1646 virum3
299 1605 401 1632 nam
447 1591 654 1646 quantum
700 1588 752 1630 ad
794 1587 989 1630 fabulam
1033 1586 1239 1642 pertinet,
1284 1589 1372 1629 tres
1418 1587 1585 1629 animas
1630 1590 1807 1642 propter

78 1662 180 1704 ,tria
210 1662 365 1704 habuit
396 1676 588 1716 corpora.
652 1659 960 1703 attendendum
993 1674 1115 1714 sane,
1155 1659 1237 1700 hoc
1269 1658 1352 1700 sibi
1384 1657 1638 1700 Euandrum
1672 1659 1805 1701 vindi-

95 1748 190 1776 care
223 1733 335 1788 quod
366 1733 451 1774 fuit
481 1733 526 1774 in
557 1732 758 1787 Hercule3
799 1747 902 1774 nam
939 1733 987 1773 ut
1018 1730 1092 1772 ille
1125 1729 1370 1785 Geryonem
1402 1730 1605 1786 extinxit,
1643 1731 1705 1773 ita
1736 1731 1806 1773 hic
1831 1736 1877 1768 20

95 1804 279 1860 Erylum
318 1804 511 1861 occidit.⁴
546 1804 645 1846 inde
687 1806 754 1846 est
793 1803 905 1859 quod
949 1802 1080 1858 paulo
1125 1805 1226 1857 post
1269 1802 1374 1844 dicit
1418 1801 1577 1857 ‘neque
1618 1802 1804 1845 finitimo

97 1876 335 1918 Mezentius
367 1890 569 1930 umquam
602 1875 702 1917 huic
734 1875 866 1929 capiti
897 1873 1145 1916 insultans'.
1206 1873 1403 1916 Herculis
1438 1874 1551 1915 enim
1585 1888 1678 1916 mos
1711 1874 1806 1929 fuit,

53 1993 55 1996 ,
95 1951 143 1990 ut
174 1948 304 1990 etiam
335 1962 423 1989 non
456 1949 636 2002 rogatus
668 1946 969 1988 laborantibus
1003 1944 1263 1987 subveniret.
1319 1947 1422 1986 tunc
1454 1945 1588 2000 enim,
1621 1945 1730 1987 sicut
1762 1947 1805 1986 et

96 2018 236 2062 Varro
263 2019 385 2073 dicit,
418 2033 567 2060 omnes
601 2018 675 2073 qui
705 2017 897 2059 fecerant
928 2016 1117 2071 fortiter,
1148 2014 1357 2058 Hercules
1390 2016 1673 2058 vocabantur:
1705 2017 1805 2058 licet

95 2105 167 2133 eos
212 2090 352 2146 primo
391 2102 519 2133 XLIII.
556 2088 885 2131 enumeraverit.
946 2087 1047 2129 hinc
1092 2089 1158 2129 est
1199 2087 1312 2143 quod
1349 2087 1533 2143 legimus
1571 2087 1803 2130 Herculem
1830 2094 1875 2125 25

93 2161 384 2216 Tirynthium‚
405 2160 629 2216 Argivum,
649 2148 915 2215 Thebanum,
934 2158 1106 2214 Libym.
1198 2170 1406 2201 FERONIA
1430 2170 1586 2201 MATER
1610 2160 1804 2214 nympha

96 2230 377 2288 Campaniae,
427 2247 556 2287 quam
601 2231 731 2274 etiam
776 2246 907 2286 supra
952 2229 1066 2285 <VII
1106 2230 1219 2285 799>
1266 2230 1462 2272 diximus,
1524 2230 1629 2272 haec
1673 2231 1803 2273 etiam

94 2304 350 2346 libertorum
382 2303 460 2345 dea
493 2307 575 2359 est,
607 2303 653 2345 in
684 2303 803 2345 cuius
833 2303 997 2357 templo
1023 2316 1121 2344 raso
1149 2301 1290 2357 capite
1315 2302 1494 2357 pilleum
1521 2302 1802 2357 accipiebant.

96 2375 215 2418 cuius
247 2375 310 2417 rei
342 2375 472 2417 etiam
498 2374 679 2417 Plautus
712 2375 758 2416 in
785 2374 1102 2429 Amphitryone
1129 2373 1178 2428 <1
1204 2374 1241 2428 1,
1262 2373 1377 2428 305>
1409 2373 1515 2416 facit
1540 2374 1803 2416 mentionem

94 2446 227 2502 quod
275 2445 472 2488 utinam
515 2446 605 2488 ille
649 2445 783 2488 faxit
825 2444 1082 2500 Iuppiter,
1132 2447 1186 2486 ut
1229 2459 1344 2487 raso
1390 2445 1558 2500 capite
1604 2448 1802 2500 portem
1829 2452 1874 2483 30

189 2581 210 2611 3
235 2577 278 2611 ut
302 2587 369 2611 om.
389 2574 552 2610 ASLF
568 2576 580 2621 ΙΙ
607 2578 627 2609 5
655 2574 723 2609 sub
747 2574 822 2610 ista
850 2574 899 2610 M
915 2575 926 2620 ΙΙ
945 2574 1084 2609 bonum
1109 2573 1334 2619 principium
1361 2602 1368 2609 .
1455 2574 1595 2610 Hector
1620 2574 1662 2609 in
1686 2586 1801 2621 mary.

95 2624 177 2659 hab.
208 2624 267 2669 ΤΙΙ
295 2623 374 2669 qui]
401 2633 474 2667 quo
502 2622 535 2657 Τ
550 2623 563 2667 ΙΙ
592 2625 613 2657 6
639 2622 856 2657 cohortatur
884 2622 930 2657 2:
958 2622 1173 2657 cohortetur
1198 2602 1501 2663 Γο01101101-,111
1512 2622 1546 2656 G
1564 2623 1575 2667 ΙΙ
1605 2626 1624 2657 7
1651 2632 1803 2666 proner-

93 2682 181 2706 nere
208 2671 241 2706 G
259 2674 271 2715 ΙΙ
301 2674 323 2705 8
350 2671 487 2705 excitet
516 2669 549 2704 Τ
569 2671 582 2714 ΙΙ
615 2673 657 2704 12
683 2669 843 2715 priscus]
869 2669 1010 2714 primus
1036 2669 1121 2704 add.
1147 2669 1220 2704 AS
1229 2670 1277 2704 M
1293 2672 1305 2714 ΙΙ
1330 2670 1468 2704 honore
1494 2668 1531 2704 R
1556 2671 1568 2714 ΙΙ
1602 2674 1643 2704 13
1671 2669 1799 2716 ceteri]

93 2731 223 2754 v1cron
247 2718 461 2753 Euandrum
487 2717 525 2752 in
551 2716 699 2752 ltaliam
724 2717 938 2752 uenientem
962 2716 1131 2760 Herilus
1158 2728 1222 2751 rex
1247 2716 1526 2759 Praenest'mus,
1553 2716 1692 2752 auxilio
1719 2729 1802 2753 suo·

93 2777 175 2800 rum
203 2764 342 2800 ciuium
367 2764 488 2799 uoluit
514 2764 717 2809 expellere.
745 2775 837 2809 quos
857 2764 949 2798 uicit
968 2764 1141 2800 Euander
1161 2766 1199 2800 et
1218 2764 1387 2799 Herilum
1411 2763 1600 2799 interfecit
1627 2766 1664 2800 et
1689 2764 1802 2800 inter-

84 2814 279 2848 ‚fcctorum
305 2813 455 2858 clypeos
482 2811 687 2846 combussit
711 2812 795 2847 add.
811 2811 1012 2847 Fabricius
1030 2812 1043 2856 ΙΙ
1064 2815 1108 2847 14
1132 2824 1207 2846 'nus
1227 2811 1311 2847 RF
1327 2813 1339 2857 ΙΙ
1361 2816 1402 2847 16
1428 2812 1582 2857 physice
1609 2811 1802 2847 ehcticeno

94 2860 188 2896 ctice
214 2862 360 2896 remota
385 2859 543 2895 cinetice
563 2859 599 2893 A
638 2859 777 2894 siticae.
805 2858 987 2894 bethicae.
1015 2859 1177 2895 noiticae
1202 2861 1347 2894 remota
1373 2859 1563 2894 ceneticae
1589 2859 1625 2894 R
1662 2859 1801 2904 pisicae

94 2911 151 2943 est
176 2908 346 2943 baeticae
372 2906 494 2943 notice
521 2907 665 2941 remota
690 2904 891 2941 cecinetice
917 2906 953 2940 L
996 2906 1114 2952 sytice
1146 2906 1314 2942 ehaetice
1339 2907 1508 2942 noaetice
1534 2908 1677 2942 remota
1703 2907 1801 2942 cine-

94 2955 167 2990 tice
187 2956 232 2990 H
264 2955 377 3000 fysice
404 2956 459 2990 est
484 2954 523 2988 et
547 2954 670 2989 hetice
690 2953 847 2989 Noetice
872 2955 1016 2989 remota
1040 2954 1197 2990 cinetice
1220 2955 1269 2989 M
1303 2954 1419 2999 fysice
1446 2954 1502 2989 est
1528 2954 1688 2989 etethice
1714 2966 1800 2989 noe-

94 3001 168 3038 tice
193 3004 337 3038 remota
362 3001 474 3037 cinite
501 3001 568 3046 ΓΙΙ
598 3005 640 3036 17
666 3000 735 3035 tiis
761 3000 846 3036 RF
861 3002 873 3046 ιΙ
900 3004 943 3036 18
968 3002 1137 3048 propter]
1164 3013 1230 3047 per
1256 3001 1296 3036 F
1312 3003 1324 3047 ll
1352 3005 1397 3036 20
1424 3001 1603 3036 extincxit
1627 3002 1661 3036 L
1669 3002 1713 3035 II
1718 3002 1767 3036 M
1790 3001 1801 3046 ΙΙ

95 3052 138 3084 21
166 3049 325 3085 herilum
344 3050 380 3084 A
413 3049 545 3084 erilum
559 3049 587 3084 S
594 3048 630 3083 R
638 3048 719 3083 L]
751 3048 946 3094 ycerilum
953 3048 997 3083 H
1028 3050 1218 3104 eryculum
1241 3049 1289 3083 M
1305 3050 1318 3094 ΙΙ
1337 3048 1444 3095 dicit]
1471 3048 1526 3084 ait
1549 3048 1590 3083 F
1605 3050 1617 3094 ΙΙ
1636 3053 1680 3083 23
1707 3048 1801 3083 sicut

95 3108 161 3131 ωη.
187 3097 221 3131 L
245 3098 302 3141 (ut
327 3097 410 3132 add.
438 3097 464 3139 l)
485 3097 496 3142 ΙΙ
522 3096 562 3130 et
585 3107 651 3131 om.
680 3095 720 3130 F
735 3061 775 3142 ny
778 3099 823 3131 25
849 3107 911 3131 eos
938 3096 1002 3140 qui
1026 3098 1147 3142 primo
1173 3096 1246 3131 AS
1264 3097 1275 3142 ΙΙ
1300 3096 1600 3132 enumerauerint
1625 3096 1660 3130 R
1670 3096 1713 3129 II
1719 3096 1767 3129 M

97 3143 293 3178 Herculem
318 3155 384 3180 σἠι.
411 3143 451 3179 Ι
485 3146 496 3189 ΙΙ
534 3148 578 3179 26
604 3143 681 3189 liby
684 3155 722 3178 m
748 3142 854 3178 MF:
885 3143 923 3188 ly
926 3143 974 3189 by
977 3156 1002 3178 n
1026 3143 1100 3180 AS
1141 3142 1272 3178 libium
1298 3143 1335 3178 R
1371 3143 1480 3179 libim
1505 3143 1539 3177 L
1576 3142 1693 3187 lybim
1719 3142 1764 3176 H

97 3194 142 3225 ‘28
167 3201 297 3272 {nt-,⁰33
318 3191 358 3226 F
374 3192 386 3236 {l
405 3202 487 3226 roso
509 3190 549 3226 F
564 3191 640 3236 1130
666 3193 708 3226 ut
733 3201 802 3236 ego
829 3190 939 3226 hodie
965 3202 1049 3227 raso
1077 3191 1199 3237 capite
1226 3191 1354 3226 caluus
1380 3191 1525 3236 capiam
1552 3189 1707 3235 pilleum
1725 3188 1765 3223 D

97 3248 164 3282 por
184 3247 202 3272 e
