2092 3614
565 248 714 286 GOMM.
740 248 794 284 IN
821 247 963 284 VERG.
992 248 1101 284 AEN.
1128 248 1180 283 XI
1207 253 1308 285 1—7.
1714 248 1800 291 477

90 360 252 403 tiorum.
383 370 697 410 TVRBATAQVE
735 371 919 402 FVNERE
957 370 1083 402 MENS
1122 369 1208 402 Esr
1254 359 1403 401 funere
1440 358 1658 402 Pallantis
1701 356 1801 410 nav?

90 428 264 487 ἐξοχήν;
295 446 397 474 nam
425 434 490 475 est
515 431 621 474 haec
646 431 910 474 consuetudo
943 431 1057 487 apud
1088 432 1261 486 poetas,
1292 433 1341 473 ut
1367 446 1392 473 a
1417 431 1543 486 plebe
1570 434 1804 488 segregent

90 502 230 546 duces.
292 504 354 546 sic
394 504 525 560 paulo
567 505 666 559 post
707 503 771 546 ait
810 502 927 558 <22>
972 503 1175 545 interea
1220 503 1389 545 socios
1433 503 1803 559 inhumataque

90 590 306 631 corpora
354 578 524 618 terrae
575 575 869 618 mandemus
921 563 964 616 et
1006 574 1155 617 intulit
1197 588 1412 629 seyreyans
1455 578 1803 632 maestamque

88 646 320 690 Euandri
363 647 556 703 primus
600 647 660 689 ad
697 647 872 689 urbem
911 646 1152 689 mittatur
1182 645 1373 689 Pallas.
1436 647 1498 689 sic
1537 647 1699 690 dictum
1737 651 1804 690 est

91 718 141 774 <I
161 719 247 775 30>
272 718 527 774 reliquias
553 717 785 761 Danaum
819 721 972 775 atque
1004 717 1208 761 inmitis
1231 717 1442 774 Achilli,
1468 718 1574 761 item
1594 719 1803 775 <11506>

89 791 315 835 forsitan
348 793 397 833 et
426 790 618 833 Priami
648 790 850 833 fuerint
881 805 1007 846 quae
1040 790 1151 833 fata
1182 790 1434 846 requiras.

211 863 251 905 4.
301 873 447 906 PRIMO
479 873 652 905 VICTOR
684 874 926 906 soLVEBAr
958 874 1049 906 Eoo
1090 865 1323 919 antequam
1360 862 1524 905 luctum
1564 863 1728 906 subiret
1761 866 1805 906 et

90 935 393 977 funestaretur.
439 932 612 989 ‘primo’
640 936 783 976 autem
805 933 931 977 ‘Eoo'
959 934 1237 977 subaudimus
1260 934 1504 991 ‘tempore'3
1530 949 1631 976 nam
1652 949 1805 991 graece

91 1002 183 1061 ἠώς
213 1005 372 1049 dieitur
403 1021 531 1062 quam
556 1021 637 1049 nos
665 1021 865 1049 auroram
891 1021 1113 1049 vocamus:
1145 1005 1363 1049 Homerus
1389 1007 1452 1049 ait
1476 1005 1807 1063 ῥοδοδάκτυλος

90 1074 192 1133 ἠώς.
256 1078 370 1133 quod
408 1093 568 1121 nomen
599 1077 746 1120 Latini
782 1080 1010 1121 traxerunt
1046 1093 1123 1134 per
1161 1078 1491 1134 derivationem,
1528 1082 1577 1122 ut
1615 1078 1806 1121 dicerent

91 1149 163 1204 <II
195 1149 310 1205 417>
349 1152 399 1192 et
437 1150 605 1192 laetus
649 1150 757 1192 eois
796 1149 963 1192 Eurus
1003 1151 1166 1206 equis,
1205 1150 1308 1192 item
1347 1150 1397 1206 <I
1427 1150 1544 1206 489>
1586 1165 1806 1206 eoasque

94 1221 244 1264 acies.
307 1236 409 1265 sane
453 1225 503 1264 ut
544 1222 673 1264 etiam
712 1237 842 1277 supra
880 1221 951 1276 <ΙΙ
982 1222 1099 1277 417>
1143 1222 1347 1278 diximus,
1391 1224 1438 1265 in
1481 1222 1563 1265 hoc
1607 1237 1805 1264 sermone

92 1293 234 1348 prima
260 1293 430 1349 syllaba
455 1294 713 1336 naturaliter
741 1295 876 1350 longa
903 1296 987 1346 est,
1021 1294 1096 1336 sed
1122 1309 1219 1336 cum
1247 1309 1354 1350 opus
1380 1294 1529 1346 fuerit,
1562 1294 1807 1350 corripitur,

93 1367 168 1407 aut
199 1365 375 1408 licentia
405 1365 592 1407 nominis
625 1365 805 1422 proprii,
838 1368 915 1409 aut
947 1366 1047 1422 quia
1080 1381 1174 1425 eam
1207 1366 1369 1409 vocalis
1403 1366 1609 1422 sequitur.

216 1437 255 1479 6.
306 1447 590 1480 CONSTITVIT
623 1449 815 1480 TVMVLO
853 1437 898 1479 in
937 1428 1061 1493 colle,
1102 1438 1202 1493 quia
1234 1439 1413 1492 tropaea
1444 1451 1533 1480 non
1563 1436 1809 1492 figebantur

93 1508 179 1552 nisi
215 1508 261 1550 in
298 1508 658 1552 eminentioribus
704 1509 829 1552 locis:
875 1508 1109 1552 Sallustius
1149 1509 1200 1551 de
1239 1508 1448 1564 Pompeio
1488 1508 1551 1551 ait
1588 1508 1809 1550 devictis

93 1579 342 1635 Hispanis
374 1569 591 1636 tropaea
622 1581 673 1623 in
699 1580 953 1636 Pyrenaei
984 1580 1122 1637 iugis
1155 1580 1451 1623 constituit.
1502 1595 1552 1622 ex
1578 1594 1662 1635 quo
1689 1594 1809 1622 more

94 1652 139 1694 in
170 1652 350 1695 urbibus
384 1654 565 1707 tropaea
598 1653 788 1708 figuntur
820 1653 1003 1695 arcubus
1037 1652 1344 1695 exaedificatis.
1394 1652 1490 1694 ideo
1521 1654 1665 1694 autem
1698 1666 1810 1694 nunc

51 1745 59 1752 ·
95 1726 322 1779 tropaeum
366 1724 490 1779 ponit
529 1723 716 1779 Aeneas,
762 1724 862 1780 quia
903 1723 1095 1766 nondum
1133 1724 1306 1779 plenam
1346 1725 1412 1766 est
1448 1723 1672 1766 victoriam
1711 1737 1809 1765 con-

97 1797 287 1850 secutus,
327 1795 400 1837 sed
433 1796 574 1838 occiso
606 1795 820 1838 Mezentio
853 1795 1022 1851 fugavit
1054 1796 1310 1838 exercitum:
1344 1795 1498 1851 plenae
1531 1795 1644 1837 enim
1676 1795 1810 1837 victo—

96 1867 205 1919 riae,
243 1869 293 1909 ut
331 1882 460 1922 supra
492 1867 559 1921 <X
594 1867 707 1922 775>
742 1862 946 1922 diximus,
983 1867 1230 1923 triumphus
1272 1867 1464 1910 debetur.
1528 1870 1571 1909 et
1601 1866 1812 1922 persolvit

97 1942 201 1981 vota
232 1938 300 1981 vel
332 1941 509 1994 propter
540 1939 653 1981 tanti
686 1939 803 1982 ducis
843 1939 1086 1994 interitum,
1125 1939 1192 1981 vel
1233 1939 1334 1994 quia
1371 1939 1438 1981 fas
1472 1942 1565 1981 erat
1597 1938 1728 1980 etiam
1760 1938 1811 1980 de

97 2010 302 2066 primitiis
334 2010 428 2053 belli
459 2011 712 2053 sacrificare.
764 2010 951 2053 ‘tumulo'
983 2014 1120 2053 autem
1152 2011 1261 2053 deest
1286 2009 1378 2066 ‘in’,
1408 2011 1455 2053 id
1478 2013 1537 2053 est
1566 2011 1612 2052 in
1643 2010 1811 2052 tumulo.

156 2098 299 2125 INDVIT
314 2099 423 2125 ARMA
448 2086 497 2125 ut
514 2082 630 2137 <83>
650 2083 948 2137 indutosque
972 2082 1105 2125 iubet
1130 2086 1331 2125 truncos
1356 2082 1623 2125 hostilibus
1647 2082 1812 2124 armis.

220 2154 256 2196 7.
308 2165 404 2195 TIBI
436 2165 597 2197 MAGNE
637 2166 888 2198 'PROPAEVM
927 2165 1245 2197 BELLIPOTENS
1283 2154 1444 2197 videtur
1480 2154 1713 2208 interrupta
1750 2154 1812 2196 de-

99 2225 275 2280 scriptio.
336 2226 419 2270 hoe
455 2241 532 2281 per
570 2226 850 2281 parenthesin
886 2225 1048 2268 dictum
1087 2228 1153 2269 est
1190 2229 1227 2268 et
1261 2225 1571 2280 prosphonesin.
1634 2227 1691 2278 [et
1717 2228 1815 2280 post

99 2354 482 2447 XV11117288'3HUSffiUS]
510 2355 596 2391 hist.
622 2354 674 2391 IV
701 2359 746 2391 29
766 2355 822 2400 D.
849 2357 894 2390 53
920 2355 983 2391 Kr.
1003 2355 1016 2402 ΙΙ
1049 2359 1091 2391 19
1117 2355 1203 2391 ideo
1229 2356 1356 2390 autem
1382 2366 1412 2392 e.
1440 2367 1475 2400 q.
1503 2355 1548 2402 s.]
1576 2355 1620 2391 cf.
1648 2354 1733 2390 Isid.
1761 2366 1812 2390 or.

202 2525 219 2556 1
247 2521 445 2569 Pallantis]
472 2522 617 2558 scilicet
642 2524 680 2559 et
706 2523 763 2559 est
788 2524 872 2559 add.
899 2523 936 2558 R
954 2525 970 2569 ΙΙ,
998 2524 1037 2559 et
1061 2524 1290 2560 aetexochen
1316 2523 1389 2559 AS
1425 2523 1651 2559 catexochen
1678 2523 1820 2558 RHM

105 2571 234 2606 catexo
260 2569 374 2604 khem
399 2569 435 2604 L
453 2571 465 2616 ΙΙ
485 2574 505 2605 3
532 2571 587 2605 ait
612 2581 678 2606 om.
699 2571 786 2606 LH
799 2572 812 2617 ΙΙ
831 2575 851 2606 9
878 2570 1114 2607 funeraretur
1132 2572 1205 2607 AS
1213 2571 1301 2606 HF
1324 2573 1430 2616 (corr.
1451 2573 1489 2616 a)
1507 2572 1520 2617 ΙΙ
1539 2571 1659 2616 primo
1686 2572 1814 2606 autem

105 2628 200 2653 eoo.
241 2616 430 2652 ‚triremis
456 2616 623 2662 aplustre
644 2621 688 2663 (υ.
705 2619 741 2663 9)
762 2630 827 2655 om.
844 2619 879 2653 L
900 2619 955 2664 (in
967 2630 1082 2664 mary.
1099 2620 1182 2655 add.
1198 2620 1223 2663 l)
1244 2620 1256 2664 ΙΙ
1278 2623 1320 2654 10
1340 2630 1403 2654 eos
1425 2619 1512 2654 libri
1529 2620 1542 2664 [Ι
1561 2629 1815 2654 poaonaxrrac

102 2676 177 2700 mue
196 2645 231 2699 A
272 2676 597 2700 n0A0Aa1zrrAcnoc
622 2666 634 2701 l
670 2665 923 2702 rododactilos
950 2678 1013 2702 eos
1033 2667 1165 2713 reliqui
1182 2668 1195 2712 ss
1217 2671 1260 2702 14
1286 2666 1500 2713 corripitur]
1528 2677 1616 2701 eous
1642 2667 1726 2702 add.
1742 2666 1815 2701 AS

105 2724 168 2748 eos
194 2712 279 2747 add.
300 2712 340 2746 F
356 2713 368 2756 ΙΙ
395 2715 438 2747 15
464 2714 530 2747 aut
555 2711 644 2757 quia
670 2713 784 2748 etiam
810 2713 1018 2749 uocabulus
1044 2714 1212 2760 sequitur
1239 2714 1278 2749 F
1293 2715 1306 2759 ΙΙ
1333 2718 1375 2749 16
1401 2727 1440 2749 1n
1467 2714 1578 2760 colle]
1605 2713 1644 2748 111
1669 2713 1814 2749 tumulo

104 2761 142 2796 in
169 2760 264 2795 colle
290 2758 438 2795 ASMl
455 2760 468 2805 ΙΙ
493 2771 566 2795 11011
593 2760 803 2806 figebantur
829 2789 836 2797 .
859 2788 867 2796 .
924 2761 1100 2807 Hispanis
1124 2764 1280 2807 tropaea
1304 2773 1370 2797 om.
1392 2761 1436 2796 H
1451 2763 1462 2808 ss
1490 2766 1531 2798 17
1559 2760 1631 2796 nisi
1655 2771 1722 2797 om.
1742 2760 1779 2795 R
1804 2760 1816 2807 ΙΙ

106 2807 175 2854 ait]
204 2808 271 2843 aut
294 2806 591 2860 Asz,qm.F11
617 2808 662 2843 de
686 2806 797 2843 victis
823 2809 1033 2844 Dietsehius
1051 2811 1063 2854 ΙΙ
1089 2812 1132 2844 18
1159 2809 1283 2855 spanis
1309 2809 1349 2844 F
1364 2810 1376 2855 ΙΙ
1397 2810 1590 2854 impyrena
1615 2809 1649 2844 ei
1675 2809 1711 2843 A
1749 2809 1815 2843 im-

106 2855 259 2901 pyrenei
286 2855 314 2890 S
350 2855 389 2890 111
415 2854 548 2900 pirinei
567 2855 657 2890 RH
689 2854 727 2890 in
753 2855 906 2900 pyrenei
933 2857 945 2890 l
982 2856 1021 2891 in
1046 2857 1198 2902 pyrineo
1218 2857 1258 2892 F
1274 2858 1285 2903 ΙΙ
1307 2861 1349 2892 19
1375 2857 1427 2902 fig
1429 2858 1541 2892 untur
1565 2856 1643 2891 Fs:
1670 2857 1814 2902 fingun-

105 2905 167 2938 tur
191 2902 265 2938 AS
302 2903 512 2957 figebantur
543 2903 637 2937 RM
643 2903 654 2937 l
697 2903 934 2947 fingebantur
959 2903 1004 2938 H
1034 2905 1047 2949 ΙΙ
1083 2904 1124 2939 111
1154 2905 1311 2940 arcubus
1344 2870 1487 2940 ASng
1524 2906 1536 2950 ΙΙ
1572 2903 1663 2939 ineo
1689 2904 1777 2939 RH
1805 2904 1814 2949 Η

107 2954 152 2985 20
177 2950 282 2996 quia]
308 2951 487 2995 quoniam
507 2950 622 2985 ASR
641 2951 653 2995 ΙΙ
684 2953 727 2984 21
755 2950 867 2994 plena
891 2950 1052 2987 uictoria.
1077 2952 1175 2987 enim
1203 2952 1244 2987 F
1259 2954 1271 2998 ss
1302 2956 1346 2987 23
1372 2952 1428 2986 fas
1454 2955 1536 2987 erat
1560 2954 1603 2986 ut
1628 2950 1743 2987 etiam
1770 2952 1814 2985 de

107 2997 283 3042 primitiis
310 2997 504 3043 (primiciis
531 2998 616 3041 AS)
655 2997 922 3032 sacrificaretur
950 2999 1020 3034 AS
1028 3000 1075 3034 M
1083 3000 1095 3034 l
1119 3001 1131 3046 ΙΙ
1155 3003 1200 3035 25
1227 2999 1358 3045 armis]
1386 2998 1463 3034 sine
1490 2998 1640 3034 nomine
1666 3000 1749 3034 add.
1767 2998 1815 3041 F,

108 3045 203 3090 quod
230 3045 376 3080 librarii
401 3057 521 3081 errore
546 3057 590 3080 ex
614 3046 817 3090 insequenti
841 3046 975 3081 scholio
999 3046 1070 3082 huc
1094 3048 1254 3083 inlatum
1279 3058 1351 3082 esse
1377 3051 1531 3091 apparet
1555 3048 1568 3091 ss
1599 3050 1644 3081 26
1669 3047 1719 3082 ad
1745 3058 1817 3080 Τ1ηι

108 3104 144 3127 M.
172 3106 203 3126 Τ.
235 3102 262 3127 3.
288 3103 321 3127 v.
353 3092 503 3128 uidetur
534 3092 595 3128 hic
632 3093 842 3137 interrupta
880 3104 957 3128 esse
996 3094 1208 3140 descriptio.
1261 3095 1298 3129 et
1333 3095 1390 3129 est
1424 3093 1650 3138 prosfonesis
1686 3094 1724 3128 id
1760 3095 1818 3127 est

111 3138 346 3175 exclamatio.
397 3141 435 3175 et
459 3141 532 3176 duo
558 3140 700 3186 epiteta
727 3139 833 3184 ponit
859 3139 937 3174 sine
963 3142 1112 3177 nomine
1141 3142 1174 3176 T
1197 3144 1208 3186 ΙΙ
1239 3141 1463 3186 interruptio
1490 3141 1529 3175 F
1557 3143 1568 3187 Η
1599 3145 1643 3175 27
1670 3143 1708 3175 et
1733 3142 1818 3185 post

110 3186 259 3221 reddita
290 3188 429 3223 seclusi.
473 3189 588 3224 voluit
618 3188 829 3233 siqnificare
859 3188 892 3223 is
922 3189 986 3233 qui
1014 3189 1109 3252 pelen.
1142 3200 1263 3225 comm.
1296 3189 1495 3234 composuit
1531 3188 1817 3232 descriptionem,

110 3234 347 3279 prosphonesi
371 3235 635 3281 interruptam,
660 3236 778 3272 verbis
802 3247 894 3281 quae
918 3239 1004 3271 sunt
1031 3236 1151 3282 ‘aptat
1168 3236 1348 3273 rorantes’
1372 3247 1398 3272 e.
1419 3247 1449 3281 q.
1470 3247 1498 3272 s.
1525 3236 1746 3271 continuari.
1784 3236 1818 3271 si

1834 1012 1878 1043 10

1835 1369 1878 1402 15

1835 1729 1882 1760 20

1838 2087 1882 2118 25
