2124 3600
353 251 376 296 1
384 254 406 296 1
413 253 438 296 8
1104 247 1110 254 ’
1125 253 1287 291 SERVII

349 363 561 406 ferentem
588 362 833 406 Tarentinis
860 362 1078 406 auxilium.
1122 362 1193 405 hic
1226 364 1379 418 postea
1409 361 1524 419 fugit
1555 363 1601 405 in
1634 361 1862 406 Graeciam
1894 366 1938 406 et
1967 363 2058 407 illic

352 437 418 477 est
450 434 615 477 occisus
646 434 694 476 in
723 434 899 489 templo.
950 434 1094 489 Argos
1127 448 1228 476 vero
1261 435 1304 475 et
1333 433 1539 488 Mycenas
1573 433 1645 476 alii
1676 433 1879 476 vicerunt.

472 506 571 549 840.
620 516 771 549 VLTVS
802 517 930 549 AVOS
970 507 1047 548 aut
1085 505 1156 547 hic
1193 505 1562 561 distinguendum,
1599 508 1649 547 ut
1686 506 1744 548 sit
1775 505 1951 548 ‘Troiae
1982 504 2060 548 Mi-

351 576 529 620 nervae'
568 592 647 633 pro
686 577 916 632 Troianae,
960 577 1195 632 principale
1238 591 1317 632 pro
1362 577 1621 620 derivativo:
1666 579 1741 619 aut
1781 579 1896 619 certe
1935 576 2060 620 ‘avos

305 659 326 689 5
353 648 545 704 Troiae’,
574 663 662 692 non
695 664 804 704 quos
837 648 969 691 Troia
999 648 1156 691 habuit
1186 663 1308 703 avos,
1340 648 1415 690 sed
1446 649 1519 704 qui
1551 649 1602 691 de
1634 647 1765 691 Troia
1795 648 1984 705 fuerunt,
2018 649 2061 691 id

353 723 420 764 est
451 720 878 764 avosTroianorum.
982 731 1172 762 TEMPLA
1197 730 1451 762 TEMERATA
1482 731 1723 762 MINERVAE
1756 734 1833 775 per
1864 722 2063 776 stuprum

354 791 638 836 Cassandrae.

474 863 573 907 841.
621 874 785 905 MAGNE
807 872 930 904 CATO
951 860 1205 904 Censorium
1230 861 1352 917 dicit,
1378 861 1451 917 qui
1477 862 1651 917 scripsit
1676 862 1900 918 historias,
1926 863 2065 904 multa

354 935 486 978 etiam
513 934 630 977 bella
655 933 858 976 confecit:
883 948 985 975 nam
1004 932 1253 975 Vticensem
1280 935 1505 988 praesente
1525 933 1737 990 Augusto,
1764 936 1914 976 contra
1938 947 2065 989 quem
2099 966 2107 971 ,

286 1015 330 1050 10
355 1009 480 1062 pater
512 1006 604 1048 eius
638 1005 792 1049 Caesar
824 1007 866 1046 et
897 1004 1117 1046 dimicavit
1150 1007 1193 1046 et
1224 1003 1510 1047 Anticatones
1543 1004 1733 1060 scripsit,
1770 1004 1947 1047 laudare
1979 1019 2067 1047 non

355 1080 539 1134 poterat.
630 1090 689 1119 ΤΕ
723 1088 863 1120 COSSE
896 1086 1167 1126 RELINQVAT
1202 1075 1362 1118 Cossus
1393 1075 1590 1118 tribunus
1623 1076 1826 1118 militaris
1858 1077 2068 1119 consulari

348 1152 550 1205 potestate
580 1149 674 1191 fuit.
718 1149 788 1191 hic
813 1161 945 1202 reyem
967 1147 1193 1189 Tuscorum
1213 1146 1387 1190 Lartem
1407 1146 1697 1203 Tolumnium,
1723 1162 1748 1190 a
1773 1148 1867 1190 loco
1893 1147 2068 1203 dictum,

358 1221 516 1265 occidit
547 1223 590 1263 et
613 1220 791 1263 secunda
813 1222 910 1273 post
931 1218 1158 1261 Romulum
1190 1218 1337 1273 opima
1369 1218 1510 1273 spolia
1540 1218 1773 1261 revocavit.
1817 1218 1899 1261 erit
1925 1220 2069 1262 autem

358 1293 651 1336 nominativus
684 1291 776 1333 ‘hic
807 1290 935 1346 Lars,
966 1289 1094 1332 huius
1126 1287 1305 1332 Lartis'‚

290 1373 332 1406 15
479 1364 577 1406 842.
628 1374 733 1414 QVIS
765 1373 967 1405 GRACCHI
999 1371 1151 1403 GENVS
1191 1359 1408 1403 Gracchos
1448 1360 1678 1403 seditiosos
1718 1363 1890 1403 constat
1925 1361 2072 1417 fuisse,

358 1436 526 1479 nobiles
571 1438 717 1478 tamen
762 1448 935 1490 genere:
986 1447 1172 1488 namque
1220 1447 1298 1487 per
1342 1430 1589 1474 Corneliam
1610 1430 1811 1489 'nepotes
1857 1431 2071 1488 Scipionis

358 1507 554 1551 Africani
597 1507 788 1560 fuerunt,
833 1505 945 1547 unde
982 1504 1200 1547 Iuvenalis
1244 1503 1298 1545 ad
1339 1518 1434 1545 eam
1473 1502 1565 1558 <VI
1599 1503 1712 1558 170>
1757 1504 1887 1547 tolle
1930 1506 2071 1547 tuum

359 1594 541 1635 precor
571 1578 917 1621 Hannibalem
947 1576 1222 1629 victumque
1253 1574 1528 1629 Syphacem.
1581 1590 1684 1631 ergo
1712 1574 1935 1631 Scipiones
1967 1575 2072 1618 dicit

360 1666 436 1706 per
461 1650 662 1693 ‘Gracchi
689 1648 853 1705 genus'.
904 1648 987 1690 duo
1021 1650 1166 1690 autem
1196 1647 1390 1688 fuerunt:
1423 1647 1561 1689 maior
1586 1645 1835 1703 Africanus,
1868 1647 2071 1690 Aemilia-

290 1731 336 1763 20
361 1738 442 1765 nus
464 1722 617 1777 minor,
644 1722 719 1777 qui
745 1720 968 1763 obsidione
991 1717 1272 1774 Carthaginis
1300 1718 1353 1760 ab
1373 1717 1503 1760 Italia
1528 1711 1748 1760 revocavit
1769 1718 2087 1761 Hannibalem.-

483 1794 580 1836 843.
631 1803 869 1836 SCIPIADAS
902 1791 947 1833 hi
980 1791 1143 1848 gemini
1173 1790 1329 1832 fratres
1362 1789 1545 1831 fuerunt.
1602 1789 1676 1844 qui
1708 1804 1805 1832 cum
1836 1789 2074 1832 fortissime

363 1866 619 1909 dimicarent
654 1865 701 1906 in
736 1862 949 1919 Hispania
988 1862 1100 1918 apud
1139 1861 1449 1917 Carthaginem
1487 1875 1664 1916 novam,
1705 1876 1812 1916 quae
1852 1853 2076 1917 Spartaria

364 1938 538 1992 dicitur,
570 1935 739 1979 insidiis
770 1934 1019 1989 interempti
1052 1935 1164 1975 sunt.
1287 1944 1477 1975 CLADEM
1507 1943 1678 1975 LIBYAE
1712 1931 1946 1988 Scipiones.
2056 1926 2058 1931 ’

483 2007 582 2051 844.
630 2017 886 2049 FABRICIVM
926 2006 1179 2060 paupertate
1222 2004 1470 2059 gloriosum.
1532 2003 1603 2046 hic
1641 2005 1706 2045 est
1744 2004 1817 2059 qui
1853 2003 2077 2060 respondit

293 2088 338 2121 25
363 2079 520 2136 legatis
566 2077 810 2121 Samnitum
855 2092 1007 2119 aurum
1052 2076 1135 2119 sibi
1180 2075 1480 2130 offerentibus,
1529 2074 1750 2118 Romanos
1793 2090 1881 2118 non
1925 2089 2076 2118 aurum

363 2151 524 2194 habere
552 2150 676 2202 velle,
710 2149 783 2191 sed
810 2163 961 2191 aurum
987 2147 1251 2190 habentibus
1276 2147 1501 2201 imperare.
1593 2158 1803 2190 SERRANE
1829 2158 2075 2189 SERENTEM

460 2272 504 2304 22
531 2265 801 2312 Carthaginem
828 2294 835 2301 .
857 2294 866 2302 .
887 2292 895 2300 .
923 2264 1076 2312 dicitur]
1105 2264 1150 2300 cf.
1176 2263 1261 2300 Isid.
1289 2275 1339 2299 or.
1367 2262 1435 2298 XV
1462 2267 1493 2308 1,
1521 2267 1565 2299 66

463 2379 484 2411 2
510 2375 549 2410 in
573 2374 717 2419 templo
743 2372 886 2409 occisus
912 2373 969 2408 est
987 2372 1037 2407 M
1050 2373 1063 2417 ss
1080 2372 1239 2418 templo]
1266 2371 1449 2417 templum
1476 2370 1523 2405 F.
1562 2381 1650 2406 nam
1677 2382 1759 2406 eum
1785 2370 1905 2415 Argos
1932 2369 2078 2405 obside-

367 2425 426 2459 ret
449 2422 529 2458 ictu
553 2421 704 2467 tegulae
729 2419 843 2466 periit
868 2421 952 2456 add.
981 2419 1183 2455 Fabricius
1207 2420 1220 2465 ΙΙ
1244 2418 1431 2464 vicerunt]
1462 2416 1588 2460 Quint.
1614 2417 1788 2453 Metellus
1814 2419 1852 2453 et
1876 2415 2078 2453 Mummius

369 2471 454 2507 aad.
482 2469 683 2506 Fabricius
701 2470 713 2514 u
742 2472 763 2503 3
789 2468 866 2515 hic]
892 2467 964 2503 hoc
991 2467 1032 2502 F
1053 2468 1066 2513 ΙΙ
1091 2470 1113 2502 4
1139 2465 1341 2502 diriuatiuo
1366 2465 1495 2500 ARF
1529 2464 1713 2501 deriuatio
1741 2466 1791 2500 M
1806 2466 1819 2510 ΙΙ
1845 2469 1865 2501 5
1893 2475 1984 2500 avos
2010 2475 2077 2500 om.

369 2518 441 2553 AS
450 2517 490 2552 F
517 2519 530 2563 ΙΙ
567 2521 587 2552 6
613 2517 718 2553 schol.
747 2517 796 2552 ad
822 2526 959 2551 transm
985 2529 1015 2549 Τ.
1042 2527 1079 2550 m.
1105 2525 1171 2550 om.
1198 2512 1330 2549 HLF
1358 2516 1391 2548 et
1421 2513 1645 2558 exemplaria
1675 2514 1851 2557 impressa
1883 2513 1938 2556 (iu
1962 2522 2077 2559 mar-9.

368 2566 487 2611 suppl.
514 2565 572 2610 1)ss
602 2569 621 2599 7
649 2563 850 2599 casandrae
877 2562 913 2598 R
952 2562 1173 2598 cassandrae
1199 2561 1291 2596 dicit
1316 2561 1358 2607 ῐΙΙ
1383 2564 1404 2596 8
1430 2572 1528 2596 nunc
1555 2559 1763 2596 censorium
1786 2571 1804 2595 s
1822 2561 1834 2605 ΙΙ
1859 2563 1879 2595 9
1906 2570 2078 2605 praesen-

368 2614 446 2648 tem
472 2612 512 2647 F
537 2614 550 2656 ss
583 2615 626 2646 10
653 2612 692 2646 et
716 2614 800 2646 ante
825 2609 1020 2646 dimicavit
1043 2621 1110 2646 om.
1140 2610 1189 2644 Μ
1194 2608 1235 2644 F
1256 2609 1269 2653 ΙΙ
1300 2607 1551 2643 anticatonem
1578 2608 1629 2642 M
1651 2610 1663 2653 ΙΙ
1702 2612 1743 2643 11
1771 2607 1935 2654 poterat]
1968 2617 2080 2652 supra

370 2661 496 2695 autem
520 2659 712 2694 Mineruae
737 2658 881 2703 templa
906 2657 1053 2703 (templi
1078 2657 1128 2702 R)
1153 2656 1337 2692 temerata
1362 2657 1563 2701 (temarata
1587 2656 1635 2700 L)
1661 2667 1728 2701 per
1754 2656 1924 2700 stuprum
1950 2654 2077 2699 (teme-

369 2708 454 2743 rata
478 2718 545 2752 per
569 2707 739 2750 stuprum
765 2706 885 2749 spatio
910 2716 1033 2740 ‘novem
1058 2705 1132 2748 fere
1151 2705 1356 2740 litterarum
1374 2703 1499 2739 relicto
1524 2713 1590 2738 om.
1605 2703 1656 2747 R)
1684 2701 1910 2738 Cassandrae
1937 2702 2079 2747 (casan—

371 2754 460 2790 drae
480 2753 573 2798 RL)
600 2751 692 2788 dicit
717 2753 801 2787 add.
817 2751 895 2786 RL
919 2755 952 2787 et
971 2753 1194 2797 exemplaria
1212 2753 1387 2797 impressa
1406 2751 1418 2797 ΙΙ
1436 2750 1600 2785 militum
1615 2750 1661 2785 -F
1675 2751 1688 2796 n
1709 2754 1751 2785 12
1778 2761 1801 2785 a
1819 2750 1902 2784 loco
1922 2748 2078 2795 dictum]

370 2803 455 2846 fort.
482 2801 529 2836 ab
555 2810 650 2845 equo
677 2798 862 2834 deiectum
886 2799 941 2834 vel
964 2799 1047 2834 loco
1074 2799 1271 2835 deiectum.
1310 2799 1355 2843 cs.
1383 2798 1466 2833 Liv.
1495 2797 1545 2832 lV
1573 2802 1628 2842 19,
1654 2801 1676 2832 4
1694 2798 1707 2842 ΙΙ
1738 2801 1780 2832 13
1807 2795 1927 2841 spolia
1953 2795 2081 2842 opima

374 2850 423 2884 M
439 2850 451 2895 ΙΙ
478 2847 687 2893 revocavit]
716 2845 923 2892 reportavit
948 2845 1151 2882 Fabricius
1187 2844 1385 2882 renovavit
1409 2845 1643 2891 Dempsterus
1669 2844 1797 2880 retulit
1822 2843 1866 2879 θ’.
1895 2843 2044 2879 Vossius
2068 2843 2080 2889 ΙΙ

372 2897 499 2932 autem
524 2906 590 2931 om.
617 2895 646 2930 S
663 2896 676 2940 ΙΙ
706 2898 750 2929 14
774 2894 831 2929 lar
854 2894 903 2939 811
933 2895 974 2928 15
1002 2905 1086 2927 mm
1111 2894 1147 2928 A
1186 2906 1317 2928 ennom
1342 2893 1386 2928 H
1420 2905 1549 2928 GnAcm
1576 2892 1652 2928 Ma
1671 2893 1682 2939 ΙΙ
1701 2902 1850 2937 grescos
1875 2890 1965 2926 ΑΗ
1996 2901 2079 2937 gra-

373 2944 462 2980 chos
484 2943 562 2978 Ma
580 2944 592 2989 ss
613 2946 655 2978 16
681 2940 864 2987 Scipionis
889 2951 955 2976 om.
971 2940 1015 2974 H
1029 2941 1042 2985 ΙΙ
1062 2944 1104 2975 17
1131 2941 1228 2975 unde
1249 2940 1435 2976 Iuvenalis
1533 2940 1605 2975 duo
1631 2941 1758 2975 autem
1782 2938 1934 2974 fuerunt
1958 2949 2023 2974 om.
2038 2937 2085 2972 H

373 2991 386 3039 Η
403 2993 581 3036 tuumque
596 2990 670 3026 As
688 2991 774 3035 (que
793 2989 860 3025 del.
875 2989 912 3034 a)
930 2988 943 3034 ΙΙ
963 2990 1006 3022 18
1027 2987 1241 3023 annibalem
1254 2987 1305 3022 M
1318 2989 1330 3032 Η
1350 2992 1393 3022 19
1414 2987 1496 3032 grai
1509 2987 1546 3022 A
1571 2986 1702 3033 grachi
1722 2987 1800 3021 Ma
1818 2987 1830 3032 ΙΙ
1850 2984 2078 3020 Aemilianus

374 3039 495 3075 minor
514 3041 599 3083 post
624 3036 875 3072 Hannibalem
899 3035 1087 3072 collocavit
1106 3035 1332 3077 Mammas,
1360 3036 1420 3070 cui
1445 3036 1499 3070 ita
1524 3035 1730 3071 adsentitur
1753 3034 2013 3077 Bao-mammas,
2038 3036 2081 3068 ut

369 3089 456 3133 post
478 3085 602 3121 minor
626 3085 810 3130 quaedam·
829 3083 1055 3119 intercidisse
1078 3082 1188 3124 dicat,
1213 3082 1325 3117 veluti
1349 3082 1412 3126 qui
1438 3082 1568 3117 urbem
1594 3081 1731 3116 evertit
1754 3080 1808 3115 vel
1833 3079 1983 3115 delevit.
2003 3081 2016 3125 ΙΙ
2034 3083 2080 3115 20

377 3133 590 3170 annibalem
611 3133 661 3167 M
677 3128 752 3177 1122
774 3131 911 3177 ispalia
928 3130 975 3166 H
994 3129 1142 3176 ispania
1162 3129 1212 3164 M
1227 3130 1239 3173 ΙΙ
1258 3132 1303 3163 23
1330 3129 1431 3175 sunt]
1458 3139 1615 3173 quorum
1635 3128 1732 3163 alter
1754 3128 1873 3173 pater,
1900 3127 1996 3162 alter
2016 3138 2079 3173 pa-

375 3183 483 3217 truus
509 3179 685 3226 scipionis
712 3179 870 3215 africani
894 3178 1044 3214 maioris
1070 3178 1154 3214 add.
1175 3176 1214 3211 D
1232 3177 1244 3222 ΙΙ
1264 3176 1471 3221 Scipiones]
1498 3175 1680 3211 africanos
1707 3176 1809 3220 dum,
1836 3174 2016 3210 maiorem
2042 3174 2081 3209 et

377 3229 570 3273 minorem,
597 3238 754 3273 quorum
780 3226 876 3261 alter
900 3226 995 3261 uicit
1019 3224 1294 3270 carthaginem,
1320 3224 1415 3259 alter
1440 3222 1582 3259 deleuit
1606 3223 1690 3259 add.
1710 3223 1750 3258 D
1774 3223 1787 3268 [1
1811 3226 1857 3259 26
1882 3234 2013 3257 snmus
2038 3220 2085 3256 H
