2124 3600
523 263 677 300 COMM.
702 263 757 300 IN
783 262 926 300 VERG.
955 262 1068 300 AEN.
1097 263 1146 299 VI
1172 266 1372 299 447-448.
1750 261 1808 307 69

93 387 203 432 quae
234 376 444 418 latentem
477 374 592 417 bello
626 374 832 416 Thebano
866 373 1072 416 maritum
1103 372 1300 428 Polynici
1334 372 1525 427 prodidit
1557 373 1709 416 monili
1741 389 1808 416 ac-

91 449 238 504 cepto,
269 447 384 503 quod
409 448 509 490 ante
536 447 660 489 uxori
687 445 875 489 dederat.
919 445 992 501 qui
1019 445 1172 487 ductus
1201 444 1253 486 ad
1279 445 1493 500 proelium
1518 445 1643 489 hiatu
1668 447 1809 489 terrae

91 519 231 575 periit.
293 518 413 562 cuius
459 519 574 561 filius
613 516 851 560 Alcmaeon
894 519 1048 572 postea
1091 517 1137 559 in
1176 517 1403 559 vindictam
1439 518 1579 571 patris
1621 519 1807 560 matrem

90 591 263 634 necavit
293 592 336 634 et
369 592 452 646 est,
484 593 532 632 ut
564 589 758 645 Orestes,
789 588 933 632 furore
965 590 1201 644 correptus.
1264 588 1536 644 vituperatur
1567 604 1669 631 sane
1702 589 1806 631 Ver-

90 663 222 720 gilius
255 663 369 719 quod
401 664 612 706 maestam
644 661 802 704 dixerit
827 675 959 716 quam
985 659 1203 717 στυγερήν
1235 660 1361 716 legit,
1397 659 1442 702 id
1469 663 1535 702 est
1561 664 1806 703 nocentem:
1834 671 1854 703 5

89 749 189 778 nam
221 737 388 779 maesta
419 736 486 777 est
517 729 699 787 στυγνή.

208 806 308 849 447.
358 815 686 858 ΕἾΑΒΝΕΝΩῩΕ,
711 802 809 845 hacc
833 803 974 858 †ifilli
998 803 1104 858 filia,
1135 817 1244 845 uxor
1269 801 1461 858 Capanei
1491 802 1593 859 fuit,
1626 818 1735 859 quae
1762 819 1819 846 se·

89 879 132 920 in
165 878 385 920 ardentem
418 876 564 918 mariti
597 888 749 931 rogum
782 874 1097 930 praecipitavit.
1218 886 1278 916 ΕΤ
1310 885 1572 917 PASIPHAEN
1602 874 1727 930 haec,
1759 879 1807 918 ut

88 963 219 1005 supra
250 948 366 1004 <14>
399 947 601 1002 diximus,
632 946 748 989 tauri
782 961 927 989 amore
961 945 1172 1002 flagravit.
1287 958 1534 990 LAODAMIA
1566 961 1673 990 uxor
1704 946 1806 989 Pro-

88 1021 234 1063 tesilai
270 1020 364 1063 fuit.
428 1034 537 1075 quae
577 1033 675 1061 cum
714 1018 918 1061 maritum
956 1017 1001 1060 in
1039 1017 1152 1060 bello
1187 1017 1376 1061 Troiano
1415 1018 1603 1074 primum
1640 1019 1806 1074 perisse
1835 1030 1877 1061 10

89 1093 385 1149 cognovisset,
423 1090 593 1147 optavit
631 1092 680 1132 ut
712 1090 801 1133 eius
833 1087 1033 1132 umbram
1066 1089 1248 1132 videret:
1287 1105 1372 1146 qua
1403 1105 1449 1132 re
1482 1104 1687 1133 concessa
1718 1106 1806 1134 non

89 1165 288 1207 deserens
321 1160 434 1218 eam,
465 1164 513 1205 in
545 1162 636 1204 eius
666 1161 938 1216 amplexibus
970 1161 1113 1216 periit.

207 1236 306 1279 448.
355 1245 479 1278 NVNC
506 1246 688 1277 FEMINA
714 1245 923 1277 CARNEvs
951 1231 1106 1276 Caenis
1137 1232 1385 1289 virgo'fuit,
1417 1247 1526 1288 quae
1554 1248 1579 1275 a
1598 1231 1804 1289 Neptuno

87 1324 166 1366 pro
200 1307 341 1364 stupri
371 1307 567 1362 praemio
594 1306 753 1349 meruit
779 1320 905 1348 sexus
933 1305 1230 1347 mutationem.
1280 1305 1363 1347 fuit
1395 1305 1526 1348 etiam
1558 1305 1803 1348 invulnera-

87 1380 201 1424 bilis.
263 1379 337 1435 qui
368 1378 602 1434 pugnando
635 1392 712 1433 pro
745 1377 948 1433 Lapithis
981 1378 1134 1419 contra
1166 1374 1408 1419 Centauros
1450 1377 1611 1419 crebris
1644 1377 1802 1420 ictibus
1834 1389 1875 1422 15

88 1452 270 1495 fustium
301 1450 513 1507 paulatim
545 1450 652 1492 fixus
684 1450 730 1491 in
761 1451 879 1491 terra
910 1451 996 1504 est,
1032 1449 1134 1503 post
1171 1450 1355 1490 mortem
1394 1450 1541 1491 tamen
1579 1449 1622 1491 in
1655 1463 1804 1491 sexum

86 1522 226 1566 rediit.
274 1522 358 1565 hoc
390 1523 534 1586 autem
567 1521 682 1563 dicto
716 1519 908 1564 ostendit
932 1518 1207 1562 Platonicum
1239 1519 1344 1562 illud
1372 1521 1439 1562 vel
1466 1519 1804 1577 Aristotelicum,

87 1595 255 1639 animas
286 1608 364 1651 per
394 1589 733 1650 μετεμψύχωσιν
768 1606 916 1635 sexum
948 1591 1200 1646 plerumque
1234 1593 1413 1633 mutare.

184 1693 205 1725 9
234 1687 439 1724 Laodamia
459 1716 466 1723 .
483 1715 490 1722 .
509 1715 516 1721 .
535 1685 665 1732 periit]
686 1696 801 1722 exscr.
822 1684 1009 1730 mythogr.
1032 1685 1047 1720 1
1069 1687 1148 1729 158,
1168 1685 1202 1719 ll
1222 1688 1291 1720 215
1311 1685 1324 1731 ΙΙ
1345 1688 1387 1720 13
1410 1684 1541 1721 Caenis
1563 1714 1570 1721 .
1588 1713 1618 1723 ..
1642 1687 1801 1734 mutare]

88 1747 202 1773 exscr.
228 1736 414 1782 mythogr.
442 1736 458 1770 Ι
481 1737 560 1779 154,
585 1733 620 1768 ΙΙ
641 1737 719 1770 108.
759 1732 864 1768 Luct.
893 1731 990 1768 Plac.
1019 1732 1066 1769 ad
1092 1731 1186 1768 Stat.
1208 1733 1299 1768 Ach.
1319 1732 1337 1767 I
1357 1736 1426 1768 264
1452 1745 1487 1780 p.
1509 1737 1577 1769 442
1603 1733 1802 1771 Lindenbr.

183 1824 204 1855 2
232 1819 331 1865 quod
357 1848 364 1855 .
394 1847 400 1854 .
429 1846 436 1853 .
465 1817 637 1863 dederat]
675 1816 776 1862 quod
812 1815 986 1862 polinicis
1026 1817 1112 1862 (leye
1140 1816 1350 1862 Polynices)
1388 1815 1498 1862 angie
1536 1818 1626 1863 (leye
1649 1817 1803 1864 Argiae)

89 1868 195 1904 uxori
220 1867 376 1903 dederat
402 1866 448 1901 F.
487 1865 533 1909 cf.
559 1863 735 1911 nmth’oqr.
762 1864 779 1898 I
807 1867 871 1899 151
901 1867 934 1899 ct
961 1867 1038 1908 152,
1066 1865 1101 1900 II
1129 1866 1204 1912 7811
1229 1868 1249 1900 3
1276 1863 1377 1910 perit
1403 1863 1482 1899 FC
1495 1865 1508 1910 ΙΙ
1532 1864 1571 1900 in
1596 1864 1802 1902 vindictam

90 1916 225 1963 patris]
254 1916 299 1959 cf.
320 1914 494 1962 mythoyr.
521 1912 556 1947 Π
576 1913 692 1957 78114
719 1913 758 1947 et
783 1913 840 1947 est
864 1913 906 1947 ut
931 1913 1071 1948 orestes
1096 1911 1174 1948 FO
1195 1913 1272 1948 nisi
1295 1913 1392 1958 quod
1416 1912 1585 1948 horestes
1614 1911 1658 1949 0:
1685 1915 1724 1949 et
1749 1915 1804 1950 est

90 1964 256 2000 horestes
277 1962 349 1998 As
387 1964 425 1997 et
449 1962 507 1996 est
532 1962 673 1997 orestes
693 1959 739 1994 H
771 1960 810 1994 et
829 1961 886 1994 est
907 1959 1038 1994 orestis
1058 1959 1154 1995 ΒΜ
1184 1961 1222 1996 et
1241 1961 1298 1996 est
1316 1959 1476 1995 horestis
1496 1971 1544 1996 as
1562 1961 1574 2007 ΙΙ
1594 1962 1802 2007 correptus]

89 2011 211 2057 coi-git
234 2010 285 2054 H,
310 2010 548 2055 vituperatur
575 2037 581 2044 .
604 2035 611 2042 .
635 2037 642 2044 .
668 2006 762 2052 legit
787 2008 953 2042 omittens
977 2008 988 2053 ΙΙ
1014 2011 1035 2042 5
1062 2009 1209 2064 stygere
1235 2007 1273 2042 R
1311 2009 1460 2053 stygere
1488 2006 1519 2042 Ο
1553 2010 1729 2054 stygeren
1758 2010 1806 2044 M

88 2058 253 2105 stigeren
278 2057 350 2093 AS
359 2056 400 2092 F
432 2057 444 2103 ΙΙ
481 2055 521 2091 id
548 2058 604 2091 est
628 2053 826 2090 nocentem
853 2082 859 2089 .
883 2082 890 2089 .
913 2083 920 2091 .
949 2054 1125 2113 ovvyson]
1157 2054 1198 2089 id
1229 2056 1286 2090 est
1316 2056 1526 2090 nocentem.
1577 2055 1678 2101 apud
1704 2056 1803 2092 enim

88 2107 292 2143 Homerum
313 2107 370 2141 est
389 2104 472 2150 (Od.
493 2103 546 2139 XI
565 2104 650 2146 326)
678 2103 761 2138 ἴδον
787 2099 970 2148 στυγερήν
989 2115 1008 2137 τ
1044 2098 1260 2148 Ἐριφύλην.
1299 2102 1414 2138 immo
1435 2114 1524 2138 uero
1544 2103 1629 2138 odio
1650 2103 1803 2149 dignam

89 2155 126 2190 et
150 2153 327 2190 inuisam:
355 2163 441 2188 nam
461 2150 582 2197 στυγῶ
602 2151 660 2187 est
679 2149 765 2186 odio
790 2150 912 2186 habeo
932 2150 971 2186 et
989 2149 1132 2185 inuisus
1157 2161 1249 2185 sum.
1275 2149 1367 2186 licet
1390 2151 1536 2186 moesta
1562 2151 1619 2186 est
1642 2161 1665 2185 a
1688 2150 1804 2197 Styge

88 2201 288 2238 Fabricius
325 2202 337 2248 ΙΙ
374 2204 395 2236 6
431 2200 553 2245 stigne
578 2198 651 2234 AS
658 2197 748 2234 RH
753 2198 802 2233 M
843 2199 951 2244 styge
977 2197 1018 2232 F
1058 2197 1205 2244 stygiae
1233 2197 1264 2234 0
1304 2195 1461 2243 στυγερή
1495 2198 1701 2243 Stephanus
1732 2200 1744 2245 ΙΙ
1783 2203 1803 2234 7

89 2261 344 2290 nchDNnNQvn
369 2247 407 2284 A
438 2248 473 2294 (c
499 2247 565 2283 del.
592 2247 630 2292 a)
662 2257 925 2286 Evfflnmmovss
951 2244 992 2280 F
1026 2258 1260 2287 EVANNEMQVE
1288 2245 1319 2281 G
1351 2249 1564 2286 EVADNEQVE
1591 2247 1639 2281 M
1670 2248 1675 2293 Ι
1701 2246 1802 2293 ifilli]

88 2298 134 2342 cf.
156 2297 325 2342 Apollod.
346 2295 398 2331 III
420 2299 452 2339 7,
474 2298 506 2338 1,
525 2298 546 2330 3
574 2290 732 2339 Εὐάδνη
752 2290 775 2338 ἡ
798 2292 1010 2334 Καπανέως
1029 2291 1098 2339 μὲν
1119 2291 1213 2338 γυνὴ
1236 2291 1410 2339 θυγάτηρ
1431 2292 1473 2329 δὲ
1493 2290 1623 2338 Ἴφιος.
1668 2298 1803 2330 ortasse

89 2344 242 2390 Iphiclis
260 2355 389 2380 nomen
407 2343 614 2379 scholiastes
633 2342 737 2387 apud
756 2344 938 2377 auctorem
956 2352 1064 2377 suwm
1082 2342 1280 2377 invenerat.
1317 2342 1361 2385 ef.
1379 2342 1576 2377 Munckcri
1596 2343 1645 2377 ad
1658 2342 1800 2388 Hyyin.

87 2393 162 2437 fab.
183 2396 253 2427 243
279 2391 480 2428 adnotatio,
499 2391 513 2436 ΙΙ
532 2389 687 2435 canapei
714 2389 754 2423 F
789 2389 894 2434 capei
921 2389 966 2423 H
978 2390 991 2435 ΙΙ
1011 2392 1031 2424 8
1057 2388 1224 2424 ardentis
1252 2388 1330 2424 FO
1343 2390 1356 2433 ΙΙ
1375 2401 1566 2424 ΡΑεειΡΗΕΝ
1591 2389 1676 2425 RF
1710 2402 1802 2424 PASI-

88 2452 180 2475 ΡΗΑΕ
206 2441 240 2474 A
277 2438 500 2492 Pasmffl'M
515 2437 529 2484 u
554 2441 575 2472 9
602 2447 715 2483 supra
738 2437 820 2491 hab.
849 2436 934 2501 {¹124
950 2439 963 2482 ΙΙ
981 2448 1167 2472 monoum
1193 2437 1287 2471 AM
1302 2438 1316 2490 fl
1334 2436 1536 2482 proteselai
1564 2436 1595 2472 G
1610 2438 1622 2490 [Ι
1649 2441 1693 2473 10
1719 2450 1801 2500 cum

90 2515 133 2570 'a
150 2486 437 2579 ’Θὲιῖῗῗέῗῗῗέ
448 2485 623 2579 AEpie‘xt
633 2495 793 2567 “31312022
794 2486 825 2567 t0
836 2484 866 2578 ff
870 2484 969 2577 {grint
989 2488 1048 2577 &¹11
1070 2484 1266 2585 ssssmtssssffis
1278 2484 1525 2578 essssffgfssstfl.
1542 2485 1801 2568 Ῥῗῗῗῐὲχᾝ

89 2581 216 2628 rediit]
256 2580 381 2617 caenis
417 2580 509 2616 elati
542 2580 621 2615 filia
658 2579 783 2625 (elatis
814 2579 882 2615 ilia
907 2579 955 2624 G)
994 2579 1101 2625 uirgo
1138 2580 1212 2614 fu1t
1246 2591 1341 2624 quae
1374 2591 1396 2615 a
1426 2582 1592 2625 neptuno
1625 2580 1801 2616 adamata

89 2629 208 2675 stupri
239 2628 406 2675 praemio
440 2627 575 2663 meruit
605 2628 649 2664 ut
673 2627 713 2663 in
739 2638 867 2662 sexum
899 2627 1108 2662 mutaretur
1131 2626 1290 2663 uirilem.
1342 2627 1445 2663 cuius
1470 2629 1656 2673 neptunus
1683 2628 1801 2664 admi-

89 2679 191 2713 ratus
225 2676 391 2712 animum
426 2674 540 2712 etiam
573 2675 668 2711 illud
705 2674 897 2721 praestitit
933 2675 973 2709 ut
1006 2673 1290 2710 inuulnerabilis
1326 2676 1434 2710 esset.
1490 2686 1573 2710 cum
1610 2686 1698 2720 ergo
1732 2688 1800 2722 pro

88 2723 245 2771 lapithis
272 2725 403 2759 contra
428 2724 622 2759 centauros
647 2723 833 2769 pugnaret
859 2723 1058 2768 (pugnaret
1085 2723 1122 2758 et
1147 2721 1202 2767 F)
1227 2722 1364 2758 crebris
1388 2722 1526 2759 ictibus
1552 2723 1729 2769 (hictibus
1752 2724 1800 2770 G)

88 2783 260 2809 saxorum
294 2782 338 2807 ac
368 2770 525 2807 fustium
555 2770 738 2815 paulatim
772 2770 925 2806 obrutus
951 2769 1044 2805 fixus
1069 2769 1108 2805 in
1133 2771 1234 2805 terra
1259 2770 1327 2806 est.
1378 2771 1466 2816 post
1490 2772 1650 2807 mortem
1675 2772 1801 2807 tamen

88 2819 128 2855 in
152 2819 316 2866 priorem
342 2830 470 2855 sexum
494 2818 593 2864 petit
618 2817 698 2854 ΕΘ
721 2818 734 2864 11
765 2817 912 2854 caeneis
940 2818 989 2852 M
1011 2818 1024 2863 ΙΙ
1055 2829 1078 2854 a
1102 2828 1168 2853 om.
1188 2817 1315 2853 ΑΒΗ
1335 2819 1448 2863 (supr.
1475 2829 1564 2854 vers.
1591 2819 1677 2855 add.
1703 2821 1763 2865 as)
1789 2818 1802 2866 ΙΙ

91 2871 136 2903 14
160 2877 227 2913 pro
254 2866 373 2913 stupri
397 2866 563 2912 praemio
583 2865 698 2901 ASR
722 2866 898 2912 mythoyr.
920 2865 990 2901 II:
1015 2876 1084 2911 pro
1110 2864 1229 2911 stupri
1253 2865 1399 2911 praetio
1421 2865 1452 2901 0
1485 2877 1554 2912 pro
1575 2866 1695 2912 stupri
1719 2878 1801 2912 pre-

89 2915 143 2951 tio
169 2915 269 2950 HM
305 2925 372 2960 pro
400 2916 528 2959 stupro
554 2912 759 2958 praemium
785 2912 959 2959 mythoyr.
988 2913 1016 2948 I
1032 2914 1044 2959 ΙΙ
1065 2916 1107 2948 15
1135 2912 1199 2958 qui
1223 2914 1347 2959 vulgo:
1374 2923 1470 2958 quae
1495 2913 1612 2950 ASR
1649 2925 1720 2959 que
1746 2915 1800 2958 H,

91 2974 156 2998 om.
180 2961 272 2998 OM.
319 2962 382 2997 sed
407 2962 581 3008 mythoyr.
610 2961 639 2996 Ι
666 2960 868 3007 pugnando
900 2961 1026 2996 tamen
1057 2961 1231 3008 nmthoqr.
1260 2961 1323 2997 II.
1356 2961 1510 3005 fortasse
1539 2963 1801 3007 grammaticus

90 3020 240 3046 acumen
271 3010 453 3055 quoddam
484 3009 674 3053 adfectans
703 3008 850 3054 scripsit
889 3019 985 3052 quae
1012 3035 1019 3042 .
1048 3036 1056 3044 .
1084 3036 1090 3043 .
1118 3008 1211 3043 fixus
1244 3007 1284 3043 in
1317 3008 1418 3044 terra
1454 3010 1527 3054 est,
1564 3010 1661 3055 quod
1685 3009 1758 3045 AS
1764 3009 1800 3043 R

84 3057 270 3102 praebent.
295 3058 308 3103 ΙΙ
335 3067 402 3102 pro
427 3054 585 3102 laphitis
612 3057 650 3092 et
675 3066 697 3092 a
723 3055 909 3091 centauris
937 3054 987 3090 M
1011 3057 1023 3101 u
1057 3059 1100 3091 16
1126 3055 1165 3090 in
1190 3056 1328 3091 terram
1354 3055 1405 3090 M
1426 3057 1438 3102 ss
1465 3058 1632 3092 montem
1659 3056 1691 3092 Ο
1714 3059 1726 3102 ΙΙ
1755 3060 1798 3091 17

93 3103 234 3140 dictum
253 3104 304 3140 H.
342 3105 387 3149 cf.
413 3104 587 3150 omythoyr.
610 3103 639 3138 I
664 3103 744 3140 ‘hoc
769 3107 888 3139 autem
913 3104 1070 3140 ostendit
1094 3104 1231 3139 dictum
1255 3103 1351 3138 illud
1378 3103 1614 3140 Platonicum
1640 3105 1693 3140 vel
1712 3103 1798 3138 Ari-

92 3151 318 3190 stotelicwm'.
338 3153 351 3198 ΙΙ
378 3151 478 3187 dicto
506 3180 513 3188 .
535 3181 542 3188 .
566 3179 572 3186 .
599 3150 659 3187 vel
685 3162 751 3188 om.
778 3151 818 3185 F
853 3150 954 3187 dieto
981 3179 988 3186 .
1010 3178 1018 3186 .
1041 3180 1048 3187 .
1074 3149 1357 3186 Aristotelicum
1382 3161 1448 3188 om.
1477 3151 1509 3188 Ο
1529 3153 1542 3197 ΙΙ
1568 3150 1799 3197 platonicum

92 3197 187 3233 illud
211 3197 374 3234 ostendit
398 3199 434 3234 R
464 3200 477 3245 ΙΙ
513 3198 750 3235 Platonicum
777 3225 784 3233 .
807 3223 815 3233 .
837 3227 844 3234 .
871 3197 1165 3244 Aristotelicum]
1198 3197 1430 3243 platonicum
1454 3200 1582 3235 tamen
1607 3199 1644 3233 in
1671 3209 1799 3232 sexum

93 3243 206 3280 rediit
229 3245 299 3280 hoc
324 3246 451 3281 autem
476 3246 747 3282 aristotelicum
773 3245 806 3281 G
824 3246 837 3290 ΙΙ
869 3249 909 3280 18
937 3245 1276 3291 metempsychosin
1302 3245 1391 3281 RH
1422 3244 1737 3292 metempsycosin
1762 3245 1797 3281 A
