2092 3614
201 658 222 689 5

181 1015 224 1047 10

182 1374 224 1406 15

183 1736 227 1766 20

184 2093 228 2124 25

185 2452 230 2483 30

245 253 336 296 646»
381 310 395 323 .
824 262 826 264 ’
975 225 979 229 ’
1023 253 1184 290 SERVII

364 363 462 407 849.
512 380 634 407 sarrs
660 379 776 406 REGIS
802 363 1002 418 epitheton
1033 367 1091 407 est
1120 351 1487 417 accommodatum,
1526 365 1571 407 id
1599 367 1658 407 est
1687 378 1778 407 eum
1807 366 1953 416 saevit;

244 450 369 490 neque
399 436 507 478 enim
539 438 596 478 est
624 434 814 489 Iuppiter
843 449 999 490 semper
1029 449 1183 479 saevus.

365 507 464 550 850.
513 518 758 549 APPARENT
803 507 1020 563 videntur,
1063 510 1236 563 praesto
1282 509 1382 549 sunt
1426 507 1479 550 ad
1524 507 1795 563 obsequium:
1843 508 1956 551 unde

247 581 378 622 etiam
411 578 684 634 apparitores
716 581 890 621 constat
921 594 1013 621 esse
1044 579 1302 621 nominatos.

368 650 467 693 851.
517 662 678 692 LETVM
703 662 994 694 HORRIFIOVM
1025 651 1179 693 volunt
1204 650 1351 693 Iovem
1383 665 1470 693 non
1502 665 1596 693 esse
1629 651 1780 693 mortis
1813 654 1959 694 aucto-

249 737 357 778 rem,
399 722 473 764 sed
513 735 642 777 posse
679 722 834 764 mortis
876 736 1032 778 genere
1071 722 1139 765 vel
1171 722 1374 777 prodesse
1405 722 1474 764 vel
1508 722 1659 765 obesse
1690 723 1960 766 mortalibus.

368 793 466 837 854.
515 804 662 844 INQVE
709 804 837 836 OMEN
878 805 1114 837 IVTVRNAE
1159 804 1432 836 OCCVRRERE
1476 805 1624 838 Ivssrr
1668 797 1716 837 ut
1755 794 1960 837 Iuturnae

250 879 376 908 omen
407 864 625 907 fraternae
658 865 811 907 mortis
844 865 1048 908 efficeret.
1426 906 1429 909 .

370 936 467 980 856.
516 948 614 979 NON
653 948 792 980 sncvs
831 948 890 979 Ao
929 949 1084 980 NERvo
1118 949 1208 979 PER
1240 949 1400 979 NVBEM
1433 949 1630 980 INPVLSA
1663 948 1862 980 SAGITTA
1901 938 1961 980 sic

250 1009 330 1051 illa
373 1008 612 1063 descendit,
657 1010 705 1050 ut
750 1009 861 1051 solet
906 1008 1071 1064 sagitta
1115 1008 1409 1051 conscendere.
1471 1008 1572 1051 hinc
1618 1007 1782 1051 Statius
1826 1009 1960 1051 traxit

250 1083 299 1122 ut
342 1079 505 1122 diceret
548 1079 598 1122 de
645 1080 762 1123 disco
807 1080 920 1122 iacto
967 1079 1257 1134 similisque
1303 1079 1510 1122 cadenti
1555 1080 1744 1123 crescit
1783 1080 1834 1122 in
1877 1080 1961 1122 ad—

251 1166 439 1194 versos.
485 1150 686 1206 ‘inpulsa'
720 1153 862 1194 autem
894 1150 1080 1206 proprie,
1114 1150 1227 1193 sicut
1253 1165 1382 1206 supra
1410 1151 1557 1207 <320>
1584 1151 1837 1194 incertum
1864 1166 1961 1207 qua

251 1223 403 1279 pulsa
436 1237 597 1264 manu,

371 1295 468 1337 857.
518 1305 666 1336 FELLE
692 1306 865 1337 VENENI
897 1294 1184 1337 amaritudine
1216 1294 1388 1349 veneni,
1421 1308 1522 1336 suco
1555 1293 1701 1336 noxio:
1742 1296 1961 1336 aut-certe

252 1366 589 1422 periphrasticos
622 1365 985 1421 dixitffenenum,
1018 1368 1066 1407 ut
1096 1367 1172 1420 βίη
1207 1367 1477 1421 Ηρακληείη.

371 1437 475 1480 858.
521 1455 655 1481 TELVM
682 1454 966 1481 INMEDJCABILE
1003 1436 1315 1483 ‘inmedicabile'
1354 1440 1427 1492 est,
1464 1437 1580 1479 euius
1615 1430 1776 1480 vulneri
1811 1438 1963 1480 mederi

250 1523 334 1552 non
357 1510 500 1563 possit.

372 1574 470 1623 85⁴9.
520 1597 688 1624 ommes
710 1580 926 1636 lzypallaye
957 1584 1015 1624 est
1040 1595 1118 1635 pro
1154 1579 1385 1623 ‘celem‘ter’:
1417 1584 1454 1623 et
1479 1581 1538 1623 ita
1563 1581 1750 1636 celeriter,
1780 1584 1828 1622 ut
1853 1583 1964 1623 tran-

251 1653 369 1696 siliat
388 1653 641 1707 priusquam
672 1656 798 1695 exeat.
901 1664 1149 1695 TRANSILIT
1182 1663 1367 1695 VMBRAs
1400 1652 1634 1708 hyperbole
1667 1654 1749 1706 est3
1779 1667 1964 1707 namque

254 1725 407 1767 umbra
439 1738 610 1779 semper
640 1725 730 1767 tela
761 1725 1007 1780 comitatur,
1038 1724 1109 1766 hic
1142 1724 1216 1779 ait,
1250 1724 1408 1767 transit
1434 1724 1609 1766 umbras
1637 1722 1818 1779 sagitta:
1850 1723 1963 1765 male

253 1796 368 1839 enim
401 1795 574 1852 quidem
606 1795 765 1838 ‘auras'
798 1797 957 1852 legunt.

372 1868 470 1911 860.
522 1879 658 1910 TALIS
697 1879 750 1911 SE
795 1868 955 1910 taliter.
1307 1912 1311 1916 ,

373 1941 471 1983 862.
524 1951 763 1983 COLLEOTA
796 1954 846 1982 ex
877 1939 1013 1982 nimia
1047 1939 1211 1982 scilicet
1241 1938 1379 1981 furiae
1411 1938 1720 1995 magnitudine.

374 2012 471 2054 863.
523 2022 806 2054 OVLMINIBvs
835 2022 1062 2054 Dnsnssrls
1094 2012 1299 2053 noctuam
1332 2010 1447 2065 dicit,
1478 2024 1567 2052 non
1597 2010 1832 2065 bubonem,
1862 2024 1963 2052 nam

255 2084 317 2127 ait
348 2083 481 2126 ‘alitis
513 2083 560 2125 in
591 2082 784 2138 parvae':
818 2083 933 2125 bubo
966 2085 1113 2125 autem
1146 2082 1283 2124 maior
1315 2084 1392 2124 est.

375 2156 472 2198 864.
524 2166 680 2197 SERVM
722 2165 864 2197 CANIT
906 2155 1049 2209 triste,
1095 2153 1364 2205 diuturnum,
1407 2155 1456 2195 ut
1493 2151 1563 2208 <V
1595 2152 1710 2207 524>
1752 2167 1964 2208 seraque

253 2226 484 2269 terrifici
529 2226 833 2268 cecinerunt
874 2225 1045 2269 omina
1084 2227 1248 2268 vates:
1294 2223 1523 2267 Sallustius
1562 2239 1731 2267 serum
1772 2224 1964 2267 bellum

253 2299 306 2340 in
338 2297 600 2354 angustiis
633 2298 875 2340 futurum.

374 2370 471 2413 866.
523 2381 823 2420 ompnvnqvn
843 2380 1119 2413 EVERBERAT
1139 2380 1244 2412 Ams
1272 2368 1397 2425 signa
1423 2370 1523 2411 sunt
1546 2368 1631 2410 ista
1651 2367 1963 2422 plangentium.

376 2441 473 2484 869.
524 2452 797 2484 STRIDOREM
840 2441 958 2484 vocis
1000 2440 1165 2483 scilicet
1188 2454 1373 2482 sonum:
1417 2455 1517 2481 nam
1555 2442 1783 2493 utrumque
1821 2438 1965 2494 tangit

257 2512 501 2568 augurium,
541 2514 584 2553 et
621 2512 816 2554 oscinum
855 2514 899 2554 et
935 2513 1208 2566 praepetum,
1247 2511 1362 2565 quod
1400 2511 1591 2566 graviter
1627 2511 1776 2565 posset
1813 2509 1963 2551 obesse

256 2583 475 2626 Troianis:
509 2582 571 2625 sic
602 2581 817 2625 Homerus
848 2582 1017 2629 inducit
1050 2580 1300 2624 Calchanta.

352 2706 372 2737 3
398 2676 572 2737 uidentur
593 2728 600 2735 .
621 2728 629 2736 .
652 2728 660 2736 .
681 2699 909 2746 nominatos]
937 2710 1051 2735 exscr.
1072 2698 1157 2734 Isid.
1180 2710 1229 2735 or.
1252 2698 1284 2734 X
1307 2702 1349 2735 18
1369 2699 1380 2745 ΙΙ
1402 2701 1445 2733 10
1472 2698 1630 2745 Statius]
1659 2697 1774 2735 Theb.
1795 2697 1846 2733 VI
1865 2701 1933 2733 662
1953 2697 1964 2745 ΙΙ

257 2753 301 2785 27
330 2747 549 2795 Sallustius]
575 2747 662 2784 hist.
687 2748 757 2784 ino.
787 2750 830 2782 15
857 2747 914 2793 D.‚
939 2746 991 2782 III
1020 2751 1062 2782 13
1088 2746 1150 2782 Kr.

353 2860 371 2891 1
401 2855 433 2903 ψ
462 2856 502 2901 (i.
528 2867 556 2891 e.
582 2855 622 2890 id
647 2855 717 2900 est)
746 2855 794 2890 T:
831 2853 931 2890 enim
956 2853 1095 2889 Daniel
1132 2853 1168 2888 ei
1195 2854 1401 2890 Masvicius
1431 2854 1443 2899 ΙΙ
1477 2856 1520 2888 15
1552 2854 1613 2899 βίη
1640 2850 1862 2898 Ἡρακληείη
1897 2852 1963 2897 (Il.

258 2904 290 2939 V
317 2904 399 2946 638)
426 2914 505 2948 eqo:
531 2902 775 2938 bibnmmssm
794 2901 831 2937 A
866 2901 1111 2938 inanAKAem
1131 2901 1160 2937 S
1190 2915 1249 2936 BIN
1274 2914 1426 2937 nPARmN
1446 2901 1482 2936 R
1512 2912 1722 2936 BINNPAKEIN
1743 2901 1785 2935 Η
1814 2899 1962 2934 bimss’a·

256 2963 336 2987 aem
362 2951 411 2986 M
447 2951 510 2997 βία
531 2947 736 2995 “Ηροὶκλονς
760 2950 870 2985 Lien.
917 2948 1045 2984 Parthi
1077 2949 1174 2984 enim
1209 2948 1368 2994 sagittas
1394 2959 1538 2984 ueneno
1566 2948 1738 2983 oblinunt
1762 2976 1769 2983 .
1796 2946 1964 2982 Lucanus

260 2998 360 3044 (VIII
380 2999 463 3042 303)
492 2998 652 3043 ‘spicula
676 3009 745 3033 nec
771 2998 849 3033 solo
876 2996 1059 3043 spargunt
1083 2996 1215 3031 fidutia
1241 2997 1321 3042 (sic)
1347 2996 1458 3031 ferro’
1487 2997 1572 3031 add.
1593 2996 1631 3030 D
1649 2997 1662 3040 Η
1683 2999 1725 3030 19
1751 2996 1860 3030 exeat
1884 2995 1963 3029 Da-

257 3047 347 3082 niel:
376 3056 468 3081 exea
492 3046 596 3081 hodie
625 3046 657 3080 T
681 3047 693 3092 ΙΙ
725 3049 770 3080 20
796 3044 883 3080 hinc
909 3043 990 3089 agit
1013 3044 1178 3079 transilit
1201 3043 1237 3078 R
1262 3046 1273 3090 ΙΙ
1310 3047 1355 3079 23
1382 3042 1518 3079 eximia
1543 3043 1589 3078 H
1608 3044 1620 3089 ΙΙ
1658 3047 1701 3078 26
1727 3042 1873 3077 tristem
1900 3042 1929 3076 S
1951 3040 1964 3088 Η
1991 3052 1993 3054 ’

259 3094 476 3130 diuturnum
495 3093 596 3128 RH:
623 3094 669 3128 ad
697 3094 846 3128 turnum
866 3091 938 3127 AS
975 3091 1022 3126 ad
1047 3091 1239 3126 iuturnum
1260 3092 1316 3135 M,
1340 3095 1382 3127 ut
1400 3092 1553 3126 videtur.
1586 3102 1630 3126 ac
1654 3089 1802 3125 tardum
1823 3089 1963 3124 Schoel-

260 3143 342 3177 Iius.
381 3142 426 3185 cf.
455 3140 546 3176 Aen.
573 3140 607 3176 II
633 3144 702 3176 374
738 3142 751 3186 ΙΙ
787 3141 837 3176 ad
862 3152 993 3176 rroru’on
1018 3141 1062 3183 (v.
1088 3140 1171 3184 867)
1197 3150 1317 3175 nouus
1349 3140 1480 3184 torpor
1511 3139 1577 3174 aut
1606 3136 1817 3183 inprouisus
1841 3147 1864 3172 *
1891 3136 1925 3171 T
1952 3136 1963 3182 ΙΙ

260 3194 303 3224 31
326 3188 428 3234 quod
449 3216 455 3223 .
528 3187 700 3224 Troianis
725 3199 791 3224 om.
809 3187 883 3224 As
895 3190 912 3233 ‘ss
937 3191 981 3223 32
1002 3185 1223 3233 Calchanta]
1250 3188 1406 3222 duorum
1424 3197 1590 3222 versuum
1614 3185 1773 3230 spatium
1799 3184 1964 3219 relictum

262 3237 303 3273 in
321 3237 372 3281 D,
399 3233 520 3282 μήτηρ
547 3233 584 3271 δ’
613 3232 861 3282 ἀμφεποτᾶτο
889 3262 897 3270 .
917 3264 924 3272 .
948 3263 956 3271 .
983 3230 1221 3280 ἀμφιαχυῖαν
1248 3235 1315 3279 (Il.
1341 3235 1374 3268 ΙΙ
1400 3234 1484 3279 315)
1510 3234 1594 3269 add.
1616 3232 1817 3268 Fabricius
