2092 3614
273 265 279 273 ’
319 266 405 306 236
1092 267 1254 302 SERVII

317 389 490 416 munem
522 375 623 417 dici:
655 374 805 419 Cicero
831 376 1148 432 Martemque
1181 391 1511 432 communem,
1535 371 1754 433 Vergilius
1776 376 1885 432 <XII
1910 377 2023 432 118>

318 448 367 488 et
405 446 481 488 dis
521 448 874 490 communibus
912 463 1039 491 aras.
1101 448 1205 490 item
1250 448 1381 502 paulo
1419 450 1518 503 post
1555 448 1628 490 dat
1667 449 1797 491 salios
1836 448 2025 503 Herculi,

318 533 424 572 quos
450 517 606 561 Martis
639 533 731 561 esse
763 534 852 562 non
884 519 1062 562 dubium
1094 521 1172 561 est.
1221 519 1299 561 alii
1330 518 1611 561 ecommunem’
1643 519 1882 575 humanum,
1913 520 2024 562 bene-

316 590 457 642 ficum,
489 587 819 646 φιλάνθρωπον
830 604 843 632 .·
874 591 982 632 unde
1011 593 1050 632 ct
1072 603 1302 632 communes
1326 589 1508 632 homines
1532 591 1717 633 dicimus.
1770 590 1902 633 Varro
1927 591 2027 633 dicit

270 668 291 699 5
316 661 409 703 deos
439 661 545 704 alios
575 675 658 704 esse
687 663 760 715 qui
791 662 842 704 ab
873 662 994 704 initio
1026 662 1124 703 certi
1154 665 1192 703 et
1219 662 1455 715 sempiterni
1484 665 1598 716 sunt,
1636 662 1741 704 alios
1771 663 1844 716 qui
1873 663 2024 705 inmor-
2077 705 2084 711 ,

196 721 204 726 X
318 732 418 774 tales
447 746 496 774 ex
525 732 758 775 hominibus
785 733 889 786 facti
918 736 1038 775 sunt:
1073 736 1112 775 et
1140 734 1187 775 de
1217 732 1282 775 liis
1312 733 1415 786 ipsis
1445 733 1550 775 alios
1579 746 1663 775 esse
1686 734 1890 787 privatos,
1922 734 2027 776 alios

317 817 556 847 communes.
600 805 788 858 privatos
817 818 918 859 quos
947 818 1214 859 unaquaeque
1239 818 1338 859 qens
1369 805 1478 859 colit,
1508 807 1554 846 ut
1578 818 1653 847 nos
1676 804 1894 860 Faunum,
1927 793 2046 848 The!

317 875 416 917 bani
439 875 766 931 Amphiaraum,
785 876 1101 918 Lacedaemonii
1129 875 1413 931 Tyndareum:
1445 889 1675 918 communes
1705 889 1805 929 quos
1835 877 2029 932 universi,

316 949 364 988 ut
393 945 599 989 Castorem
636 947 844 989 Pollucem
880 947 1075 989 Liberum
1105 947 1338 989 Herculem.
1466 963 1568 989 DATE
1600 963 1688 989 VJNA
1725 948 1826 1001 quia
1867 951 2028 990 tantum

249 1025 292 1057 10
316 1018 398 1061 diis
427 1018 587 1072 superis
616 1019 712 1060 vino
744 1018 869 1061 libari
898 1018 1069 1061 decebat.

437 1090 534 1132 276.
585 1100 838 1132 HERCVLEA
870 1101 1074 1132 POPVLVS
1108 1089 1284 1131 Herculi
1319 1091 1581 1131 consecrata.
1644 1089 1717 1144 qui
1750 1104 1847 1131 cum
1880 1090 1932 1132 ad
1964 1091 2025 1132 in-

317 1161 431 1203 feros
471 1161 732 1203 descendens
769 1160 1031 1218 fatigaretur
1069 1161 1237 1215 labore,
1279 1161 1436 1203 dicitur
1474 1160 1524 1202 de
1556 1159 1637 1202 hac
1675 1160 1828 1203 arbore
1867 1175 2027 1205 corona

317 1232 433 1273 facta
471 1234 602 1286 caput
639 1231 823 1274 velasse:
871 1232 984 1274 unde
1028 1232 1233 1274 foliorum
1271 1247 1373 1287 pars
1412 1232 1677 1287 temporibus
1716 1232 1948 1275 cohaerens
1986 1236 2029 1275 et

317 1303 450 1358 capiti
491 1303 632 1345 albuit
664 1304 836 1359 sudore,
877 1318 978 1359 pars
1011 1318 1111 1346 vero
1145 1303 1331 1346 exterior
1362 1306 1541 1359 propter
1572 1303 1807 1346 inferorum
1839 1305 2026 1347 colorem

249 1382 290 1413 15
317 1374 444 1429 nigra
481 1375 730 1429 permansit.
795 1377 837 1417 et
875 1375 1056 1417 honeste
1094 1375 1156 1417 ait
1188 1374 1411 1430 ‘pependit
1441 1374 1660 1430 populus',
1699 1376 1742 1417 id
1773 1378 1840 1418 est
1870 1391 2029 1419 corona

317 1446 368 1487 de
405 1447 578 1501 populo.
639 1447 755 1500 atqui
793 1447 911 1489 lauro
948 1447 1138 1489 coronari
1174 1447 1354 1489 solebant
1389 1448 1461 1500 qui
1497 1448 1612 1500 apud
1645 1461 1768 1489 aram
1798 1449 2028 1490 maximam

316 1531 437 1559 sacra
470 1517 686 1571 faciebant.
729 1519 800 1560 sed
834 1518 906 1561 lice
935 1521 1032 1572 post
1067 1518 1205 1560 urbem
1236 1519 1442 1560 conditam
1478 1519 1605 1572 coepit
1638 1520 1747 1573 fieri,
1783 1532 1910 1573 neque
1940 1519 2028 1562 alia

314 1589 462 1641 fronde
484 1589 718 1631 circumdat
741 1593 864 1644 caput
884 1593 1056 1644 praetor
1080 1590 1281 1641 urbanus,
1313 1590 1384 1643 qui
1411 1588 1566 1632 Graeco
1591 1591 1678 1632 ritu
1701 1591 1919 1645 sacrificat.
1959 1591 2030 1633 sed

310 1663 433 1714 poeta
463 1661 520 1702 ad
548 1660 656 1703 illud
679 1663 834 1715 tempus
857 1662 1012 1715 retulit,
1043 1675 1120 1715 quo
1145 1661 1346 1704 Euander
1370 1662 1486 1715 apud
1507 1675 1629 1703 aram
1653 1662 1883 1704 maximam
1907 1675 2027 1704 sacra

245 1740 291 1771 20
317 1731 536 1774 celebravit.
589 1732 720 1775 Varro
751 1733 861 1775 enim
891 1746 1030 1774 rerum
1054 1732 1335 1774 humanarum
1359 1733 1469 1774 docet
1492 1733 1538 1774 in
1564 1722 1767 1777 Aventino
1793 1733 2026 1775 institutum

318 1803 540 1858 lauretum,
577 1804 625 1845 de
654 1817 733 1857 quo
756 1805 949 1858 proximo
980 1807 1114 1846 monte
1143 1804 1327 1858 decerpta
1359 1803 1504 1846 laurus
1534 1804 1768 1847 sumebatur
1798 1805 1856 1847 ad
1882 1818 2026 1847 sacra:

316 1875 504 1928 quamvis
534 1875 620 1929 ipse
650 1876 801 1918 dixerit
821 1875 1040 1929 populus
1070 1874 1280 1917 Alcidae
1305 1875 1611 1928 yratissima.

435 1946 535 1988 278.
584 1957 729 1989 SAOER
754 1958 975 1988 IMPLEVIT
1002 1957 1229 1987 DEXTRAM
1261 1956 1464 1988 SCYPHVS
1496 1945 1656 2002 legitur
1685 1946 1730 1988 in
1761 1946 1883 1989 libris
1916 1946 2025 1988 anti-

416 2055 434 2086 1
468 2051 612 2098 Cicero]
645 2063 712 2097 pro
743 2051 822 2088 Mil.
850 2056 906 2093 21,
934 2054 978 2086 56
1015 2052 1026 2096 ΙΙ
1072 2054 1114 2085 16
1147 2050 1253 2095 atqui
1278 2050 1383 2086 lauro
1410 2062 1440 2087 e.
1468 2063 1503 2096 q.
1530 2051 1574 2097 3.]
1608 2051 1653 2087 cf.
1680 2051 1843 2087 Macrob.
1871 2051 1947 2086 Sat.
1974 2050 2026 2085 111

320 2102 375 2141 12,
404 2102 422 2133 1
443 2111 522 2144 sqq.
542 2100 553 2145 ΙΙ
573 2103 617 2135 22
644 2099 820 2145 populus]
848 2100 929 2135 buc.
950 2097 1020 2133 VII
1040 2102 1082 2133 61
1104 2099 1116 2143 ΙΙ
1135 2102 1179 2133 23
1206 2097 1343 2144 legitur
1367 2098 1406 2133 in
1431 2098 1536 2134 libris
1562 2099 1726 2144 antiquis
1752 2128 1758 2135 .
1782 2126 1789 2134 .
1811 2127 1817 2135 .
1846 2098 2022 2144 scyphus]

317 2157 429 2181 exscr.
457 2147 644 2193 mythogr.
671 2146 722 2181 III
750 2150 805 2192 13,
833 2151 852 2182 7

414 2246 432 2276 1
460 2241 639 2287 uergilius
660 2241 700 2277 F
715 2244 727 2288 ΙΙ
746 2241 935 2287 Vergilius
961 2242 1040 2286 ipse
1066 2240 1189 2286 inquit
1210 2241 1249 2276 in
1269 2241 1465 2285 medioque
1489 2241 1593 2276 focos
1620 2243 1658 2276 et
1683 2241 1739 2276 dis
1765 2241 2022 2281 communibus

316 2300 399 2323 aras
426 2289 627 2325 Fabricius
657 2290 669 2336 ΙΙ
700 2293 720 2325 2
747 2289 841 2325 alios
868 2289 913 2324 H
938 2290 951 2334 ΙΙ
982 2293 1002 2324 3
1030 2289 1183 2324 dubium
1209 2289 1281 2334 est]
1315 2290 1372 2324 est
1403 2290 1441 2324 et
1472 2287 1545 2323 alia
1576 2289 1671 2324 ratio
1698 2289 1884 2324 herculem
1912 2288 2022 2324 deum

317 2347 551 2371 communem
577 2337 714 2372 uocari.
759 2348 844 2372 nam
871 2338 1019 2372 constat
1043 2336 1233 2372 herculem
1259 2336 1449 2371 hominum
1477 2336 1681 2371 commodis
1706 2337 1923 2390 tutelaeque
1949 2347 2021 2371 ser-

315 2382 425 2425 uisse,
452 2384 550 2418 unde
571 2385 725 2419 lucanus
747 2384 810 2429 (IV
832 2387 915 2428 610)
945 2384 1078 2419 ‘terras
1100 2384 1276 2419 monstris
1297 2395 1508 2428 aequorque
1533 2383 1720 2419 leuantem
1742 2384 2021 2437 magnanimum

316 2430 461 2465 alciden
488 2431 628 2476 libycas
656 2430 794 2467 exciuit
810 2432 850 2466 in
871 2442 954 2466 oras
981 2432 1064 2467 add.
1081 2432 1118 2466 D
1136 2433 1148 2476 ΙΙ
1168 2432 1217 2466 ad
1242 2443 1502 2471 commvneuqvn
1522 2443 1554 2466 v.
1576 2444 1609 2466 D.
1636 2442 1736 2476 supr.
1757 2442 1844 2467 vers.
1870 2430 2021 2476 quidam

315 2444 565 2523 intellegunty
566 2489 799 2514 communem
825 2479 932 2514 deum
961 2479 1166 2514 beneficum
1194 2478 1280 2513 inde
1306 2489 1520 2513 communes
1544 2477 1584 2513 id
1610 2480 1667 2513 est
1691 2478 1877 2514 beneficos
1903 2478 2023 2514 homi-

315 2536 380 2560 nes
411 2525 584 2570 dicimus,
617 2527 659 2561 in
683 2538 796 2571 mary.
825 2527 869 2562 ab
895 2527 973 2562 alia
998 2538 1112 2561 manu
1143 2527 1199 2561 est
1230 2525 1343 2561 etiam
1375 2527 1413 2560 et
1443 2525 1519 2560 alia
1550 2536 1661 2561 causa
1690 2537 1800 2561 uarro
1838 2525 1962 2561 dicit.

316 2572 503 2607 herculem
534 2573 567 2607 T
586 2575 598 2618 ΙΙ
625 2573 846 2609 beneficium
871 2574 911 2608 F
935 2575 948 2619 ΙΙ
978 2577 1000 2608 4
1027 2582 1271 2618 ‹pAanoPonou
1297 2573 1338 2608 F
1373 2581 1588 2617 ‹paanoponu
1614 2573 1647 2608 G
1677 2574 1689 2619 ΙΙ
1721 2576 1741 2608 5
1768 2572 1832 2618 qui
1858 2584 1924 2608 om.
1950 2552 1991 2607 F
2011 2553 2024 2619 ΙΙ

317 2624 337 2655 6
371 2631 416 2654 ex
439 2619 651 2655 hominibus
683 2621 899 2656 inmortales
929 2622 960 2654 Τ
990 2623 1002 2667 ΙΙ
1039 2621 1078 2655 et
1103 2621 1147 2656 de
1172 2620 1231 2655 his
1256 2620 1346 2669 ipsis
1372 2620 1427 2655 F.
1460 2621 1498 2655 et
1523 2620 1602 2655 deis
1628 2620 1701 2666 ipsi
1728 2621 1761 2655 G
1799 2631 1844 2655 ex
1870 2620 1926 2655 his
1956 2620 1988 2654 Τ
1996 2621 2023 2674 ,ΙΙ

316 2667 410 2702 alios
435 2677 516 2702 esse
541 2667 707 2712 priuatos
732 2667 826 2703 alios
852 2679 1067 2703 communes
1099 2668 1267 2713 priuatos
1296 2668 1343 2703 T:
1376 2667 1469 2702 alios
1503 2679 1716 2703 communes
1748 2667 1916 2713 priuatos
1948 2667 2021 2712 pri-

315 2715 422 2749 uatos
443 2714 484 2749 F
517 2713 611 2750 alios
637 2726 850 2750 communes
875 2715 1042 2760 priuatas
1063 2716 1096 2751 G
1115 2717 1126 2762 ΙΙ
1147 2720 1166 2751 7
1194 2726 1284 2760 quas
1304 2715 1338 2750 G
1356 2716 1367 2761 ΙΙ
1388 2715 1478 2750 colit
1501 2715 1546 2750 T:
1574 2715 1710 2751 colitur
1729 2715 1769 2749 F
1805 2714 1938 2750 calitur
1958 2714 2021 2751 G}

316 2763 359 2797 ut
395 2773 461 2798 nos
489 2788 496 2796 .
524 2790 532 2797 .
560 2788 567 2797 .
594 2762 830 2807 Tyndareum
865 2773 930 2798 om.
961 2763 994 2796 T
1028 2764 1040 2809 ΙΙ
1077 2763 1231 2798 thebani
1270 2763 1510 2798 amfiaracum
1542 2762 1583 2797 F
1617 2763 1909 2798 thebafiaracum
1942 2762 1976 2797 G
2018 2747 2022 2806 Ι

316 2812 338 2844 8
364 2809 645 2845 lacedaemonia
671 2809 711 2844 F
735 2810 746 2856 ΙΙ
781 2809 937 2844 indareu
962 2810 1002 2843 Γ
1030 2811 1041 2855 ΙΙ
1078 2821 1169 2854 quos
1199 2810 1244 2845 T·
1271 2821 1362 2855 quas
1388 2810 1429 2844 F
1456 2811 1468 2855 ΙΙ
1504 2809 1668 2845 uniuersi
1693 2810 1750 2856 ut]
1777 2808 1922 2844 unifisic
1949 2808 1984 2843 G
2019 2808 2021 2854 Ι

317 2860 337 2891 9
365 2858 549 2892 castorem
577 2857 623 2892 T:
649 2858 853 2902 pastorem
863 2856 903 2891 F
937 2858 1125 2902 partor-em
1154 2856 1188 2892 G
1206 2859 1218 2904 ΙΙ
1238 2859 1275 2893 et
1299 2857 1486 2903 pollucem
1509 2857 1542 2891 T
1576 2857 1751 2902 pollicem
1771 2856 1813 2891 F
1826 2857 1839 2901 ΙΙ
1858 2856 2015 2891 liberum

317 2905 354 2937 et
378 2903 567 2939 herculem
597 2904 628 2939 T
646 2906 657 2950 ΙΙ
685 2908 727 2940 10
753 2904 840 2939 vina
865 2904 1001 2939 Daniel
1019 2905 1031 2950 ΙΙ
1059 2908 1100 2939 13
1127 2905 1373 2951 temporibus]
1405 2904 1672 2950 dunauuingan
1696 2914 1872 2948 superscr.
1899 2914 1924 2938 a
1942 2904 1953 2949 ΙΙ
1979 2905 2018 2938 et

316 2951 382 2986 del.
411 2962 456 2986 as
474 2952 487 2996 ΙΙ
514 2955 558 2985 14
584 2953 699 2997 caput
723 2951 757 2986 L
781 2952 794 2997 ΙΙ
821 2951 942 2987 abluit
967 2951 1142 2986 SLMF
1164 2953 1270 2996 (corr.
1297 2953 1345 2998 m)
1371 2953 1383 2998 ΙΙ
1407 2951 1578 2987 sudorem
1598 2951 1685 2986 AS.
1736 2962 1780 2985 ex
1806 2961 1848 2985 ca
1876 2949 1938 2985 itis
1964 2951 2019 2985 vel

317 2997 451 3042 capitis
475 2998 596 3033 albuit
621 2999 755 3034 sudore
780 3000 872 3034 coni.
892 2998 1135 3034 Burmannus
1154 2999 1166 3044 ΙΙ
1193 3003 1235 3034 16
1262 3000 1311 3034 ad
1335 3011 1366 3034 v
1389 3003 1457 3034 276
1483 2999 1526 3033 in
1549 3007 1662 3043 mary.
1689 2997 1840 3042 quidam
1885 2997 2020 3033 radunt

317 3045 415 3089 quod
445 3045 550 3080 lauro
583 3046 745 3082 solerent
775 3046 942 3082 coronari
973 3046 1038 3090 qui
1069 3047 1167 3091 apud
1200 3058 1302 3081 aram
1335 3075 1342 3082 .
1371 3074 1378 3081 .
1447 3045 1657 3090 gratissima
1687 3044 1721 3079 T
1751 3046 1764 3089 ΙΙ
1800 3045 1911 3089 atque
1937 3044 1978 3079 F
2007 3044 2019 3091 ΙΙ

319 3097 360 3128 17
387 3103 453 3138 cep
456 3092 488 3128 it
511 3092 552 3127 F
568 3094 579 3139 ΙΙ
606 3097 648 3129 18
676 3093 860 3129 sacrificat
886 3093 933 3128 T:
959 3091 1144 3139 signifieat
1167 3093 1227 3138 F}
1229 3093 1334 3139 lsed]
1363 3074 1573 3146 expectatur
1599 3094 1636 3127 et
1655 3094 1666 3138 ΙΙ
1691 3096 1734 3126 21
1762 3091 1947 3127 lauretum
1976 3092 2019 3137 T,

316 3151 383 3175 om.
404 3140 444 3175 F
459 3141 472 3185 ΙΙ
491 3140 667 3185 decerpta
689 3141 736 3176 T:
764 3142 896 3186 coepta
917 3140 957 3176 F
971 3142 984 3186 ΙΙ
1002 3095 1227 3175 sumebatur¹
1229 3095 1276 3174 ¹F
1291 3142 1303 3185 ΙΙ
1322 3144 1366 3175 22
1393 3139 1563 3184 quamvis
1589 3139 1669 3184 ipse
1696 3138 1848 3185 dixerit]
1875 3140 2019 3175 videtur

316 3188 493 3234 interpres
517 3188 770 3233 reprehendere
788 3188 973 3224 Romanos
997 3188 1092 3234 quod
1118 3188 1223 3222 lauro
1247 3188 1308 3222 usi
1331 3188 1406 3222 sint
1431 3187 1472 3221 in
1497 3186 1670 3222 Herculis
1694 3187 1825 3231 sacris,
1852 3187 2018 3232 quamvis

316 3235 393 3279 ipse
426 3235 608 3281 Veryilius
632 3236 794 3271 docuerit
813 3237 994 3281 populum
1018 3235 1173 3271 Herculi
1196 3235 1443 3280 qratissimam
1468 3244 1547 3269 esse
