2092 3614
263 661 283 691 5

242 1018 285 1049 10

244 1374 286 1406 15

242 1732 288 1764 20

243 2089 288 2121 25

308 257 394 299 368
1080 258 1241 294 SERVH

309 367 423 422 quod
455 369 499 408 et
523 366 703 409 Plautus
737 366 862 410 docet
890 367 938 409 in
963 367 1184 422 Asinaria,
1216 368 1259 409 in
1293 381 1376 422 qua
1408 367 1574 409 inducit
1599 366 1813 422 Sauriam,
1847 382 2017 410 servum

310 438 555 490 atriensem,
581 438 627 479 in
647 440 742 480 tota
762 437 929 481 familia
954 439 1189 493 plurimum
1208 453 1348 493 posse.
1390 438 1462 481 ‘ad
1479 438 1642 481 limiua’
1662 453 1761 481 sane
1780 440 2019 493 ftyuratum.

429 510 529 554 648.
578 521 726 551 SAEVA
753 520 1012 553 souomssvs
1039 521 1168 551 ARMA
1197 510 1380 564 strepitu
1406 510 1628 552 terribilia.
1674 513 1712 551 ct
1734 513 1876 551 utrum
1899 523 2020 552 saeva

308 595 430 623 arma
467 595 571 635 quae
606 579 756 624 habent
795 594 998 635 sonorem,
1041 584 1089 622 ut
1126 580 1271 636 <357>
1309 595 1463 623 aurea
1506 581 1660 623 bullis
1701 577 1920 636 cinyulaJ
1963 595 2020 622 au

309 654 434 694 etiam
465 652 679 695 sonoribus
709 653 861 695 saeva?

430 723 529 766 649.
579 735 839 765 ARDENTEM
877 723 1088 766 desiderio
1128 724 1379 766 dimicandi:
1418 724 1529 766 unde
1562 722 1707 779 <634>
1748 724 2021 780 ‘animosque

310 794 365 837 ad
397 795 539 837 sidera
570 794 748 837 tollunt'
782 795 938 837 melius
967 795 1143 837 Ascanii
1174 795 1489 851 intellegimus,
1523 796 1635 837 sicut
1661 793 1827 838 Statius
1853 797 1904 838 de
1930 795 2020 838 Me—

307 881 467 909 noeceo
500 869 550 907 et
579 866 825 909 laudibus
858 867 1033 921 inplet
1058 866 1309 909 honestis.

430 937 528 979 650.
577 949 752 979 AENIDE
784 938 1115 992 patronymicon
1143 938 1226 980 hoc
1250 952 1339 980 non
1366 937 1483 979 venit
1509 939 1563 980 ab
1591 953 1660 994 eo,
1693 938 1807 994 quod
1839 941 1904 981 est
1937 939 2021 981 ‘hic

312 1007 517 1051 Aeneas’:
550 1022 651 1049 nam
685 1007 769 1049 ‘hic
801 1007 1043 1050 Aeneades'
1077 1011 1120 1050 et
1152 1008 1192 1050 ‘o
1225 1008 1442 1051 Aeneade'
1474 1008 1647 1052 faceret.

434 1079 531 1121 651.
581 1090 764 1120 PRIMAM
808 1091 933 1122 HANG
984 1092 1078 1122 'r1131
1120 1091 1309 1123 MAGNVS
1354 1091 1540 1123 APOLLo
1592 1080 1769 1123 dicendo
1815 1081 2022 1136 ‘primam

312 1150 445 1193 hanc'
490 1150 718 1204 pollicetur
762 1153 805 1191 et
849 1150 992 1193 aliam.
1055 1150 1286 1193 concedere
1331 1154 1475 1193 autem
1520 1166 1564 1194 se
1608 1152 1705 1195 ideo
1751 1152 1877 1205 dixit,
1922 1154 2022 1208 quia

314 1218 574 1277 sagittarum
614 1221 717 1263 deus
758 1224 839 1263 est:
879 1224 922 1263 et
959 1222 1062 1264 licet
1100 1236 1196 1263 eum
1228 1222 1426 1277 Iuppiter
1462 1222 1638 1276 iuverit,
1679 1223 1838 1279 Apollo
1876 1226 2024 1266 tamen

315 1294 398 1335 sibi
445 1307 567 1334 suum
614 1292 806 1335 officium
843 1293 1051 1348 vindieat,
1095 1294 1205 1349 quod
1247 1294 1352 1336 dicit
1389 1309 1435 1337 se
1472 1295 1753 1351 concessisse,
1798 1295 1899 1350 quia
1935 1309 2023 1337 non

312 1364 549 1420 prohibuit.
599 1377 650 1405 ea
682 1364 797 1406 enim
829 1380 938 1420 quae
971 1366 1025 1408 ab
1058 1366 1155 1407 aliis
1181 1366 1431 1408 numinibus
1456 1366 1692 1421 poscimus,
1722 1369 1826 1408 tunc
1857 1367 2023 1421 inplen-

313 1438 397 1489 tur,
423 1435 460 1477 si
484 1449 572 1476 non
599 1434 883 1477 adversantur
908 1437 1088 1478 numina
1115 1451 1295 1492 quorum
1322 1437 1498 1491 propria
1525 1440 1626 1479 sunt
1652 1453 1761 1494 quae
1787 1438 2023 1493 poscimus:

314 1506 424 1548 unde
458 1514 500 1548 et
532 1505 577 1546 in
608 1508 762 1560 quarto
796 1507 942 1561 <125>
974 1506 1081 1550 Iuno
1114 1508 1176 1549 ait
1214 1507 1367 1549 adero
1407 1510 1474 1562 et,
1512 1510 1599 1550 tua
1638 1509 1680 1549 si
1720 1508 1845 1550 mihi
1883 1511 2024 1551 certa

314 1579 574 1628 voluntas,
611 1576 693 1619 hoc
732 1579 817 1633 est,
854 1577 969 1633 quod
1005 1579 1049 1620 in
1087 1592 1155 1620 me
1187 1581 1273 1633 est,
1310 1578 1488 1634 iungam
1522 1593 1613 1621 eos:
1654 1582 1793 1622 restat
1826 1583 1872 1622 ut
1905 1582 1947 1622 et
1980 1583 2024 1622 tu

313 1652 437 1691 tuum
469 1648 624 1703 inpleri
656 1648 762 1690 velis
794 1649 995 1692 officium.
1026 1649 1035 1658 ⁸

434 1721 531 1764 652.
582 1732 779 1764 PARIBvs
804 1733 900 1764 NON
926 1734 1123 1764 INVIDET
1149 1733 1289 1764 ARMIS
1321 1722 1417 1776 pari
1448 1722 1632 1777 gloriae:
1665 1738 1765 1764 nam
1797 1725 1846 1765 ut
1865 1723 2024 1778 Apollo

314 1808 420 1848 puer
450 1792 592 1835 occiso
625 1792 822 1847 Pythone
853 1794 970 1835 ultus
1003 1796 1070 1836 est
1103 1794 1254 1835 matris
1286 1793 1508 1849 iniuriam,
1540 1793 1602 1835 sic
1623 1792 1848 1836 ‘Ascanius
1882 1795 2024 1837 occiso

313 1864 515 1908 Numano
557 1864 845 1907 Troianorum
889 1868 1034 1908 castra
1077 1866 1343 1921 iniuriasque
1388 1864 1589 1907 defendit.
1659 1864 1876 1920 ‘paribus'
1921 1879 2025 1921 ergo

315 1935 493 1992 ‘armis'‚
524 1936 567 1977 id
600 1938 667 1978 est
698 1935 932 1990 similibus,
965 1950 1052 1978 non
1084 1936 1259 1991 peritia,
1293 1935 1366 1978 sed
1398 1950 1553 1992 genere
1586 1936 1805 1979 victoriae.

433 2007 532 2050 653.
583 2017 766 2049 CETERA
806 2006 1026 2062 deinceps:
1065 2009 1108 2048 et
1140 2010 1206 2049 est
1238 2006 1499 2050 adverbium.
1622 2009 1785 2061 emma]
1819 2008 1865 2050 id
1893 2011 1951 2051 est
1980 2009 2026 2050 iu

314 2082 509 2121 ceterum:
540 2081 599 2120 est
626 2081 764 2120 autem
794 2077 1046 2120 Ennianum
1076 2081 1236 2120 cetera
1266 2091 1384 2132 quos
1412 2079 1653 2131 peperisti
1683 2092 1741 2120 ue
1771 2092 1918 2121 cures.

316 2162 460 2194 ORSVS
498 2150 626 2193 modo
663 2150 851 2205 locutus,
888 2150 935 2192 id
970 2153 1029 2192 est
1054 2163 1136 2203 pro
1167 2163 1210 2192 eo
1240 2150 1313 2203 qui
1349 2148 1534 2191 desierit:
1573 2150 1680 2192 alias
1714 2150 1872 2205 coepit,
1914 2149 2025 2204 quod

315 2222 456 2278 magis
490 2224 556 2264 est
585 2221 826 2277 proprium,
865 2226 912 2263 ut
944 2220 994 2276 <Ι
1027 2220 1143 2274 325>
1176 2220 1250 2263 sic
1280 2219 1470 2277 Venus,
1512 2223 1562 2262 et
1593 2220 1811 2263 Veneris
1844 2223 2026 2263 contra

316 2294 389 2336 sic
421 2293 573 2336 filius
606 2307 766 2335 orsus.

413 2438 432 2470 ’1
460 2433 618 2480 Statius]
646 2434 762 2470 Theb.
790 2434 822 2469 X
849 2436 917 2470 685
950 2434 963 2480 ΙΙ
994 2436 1040 2468 25
1065 2431 1292 2479 Ennianum]
1321 2443 1404 2469 ann.
1431 2444 1466 2468 v.
1493 2437 1537 2469 57
1563 2432 1672 2469 Vahl.

412 2568 431 2599 1
458 2563 574 2599 etiam
598 2563 749 2608 plautus
774 2563 815 2598 F
830 2564 842 2608 ΙΙ
861 2562 975 2598 asiria
993 2563 1030 2598 A
1056 2562 1234 2608 (asinaria
1252 2563 1290 2608 a)
1329 2563 1460 2599 assiria
1486 2564 1514 2599 S
1539 2564 1713 2610 (assirina
1730 2565 1762 2610 s)
1781 2565 1793 2611 ΙΙ
1811 2563 1850 2599 in
1875 2575 1941 2599 om.
1957 2564 1998 2599 F
2013 2566 2024 2611 [1

319 2612 481 2648 sauriem
507 2622 656 2647 seruum
682 2621 857 2646 amensen
881 2611 934 2646 im
959 2611 1041 2646 tota
1066 2610 1107 2645 F
1132 2611 1144 2657 ΙΙ
1180 2613 1201 2645 2
1228 2611 1277 2646 ad
1302 2623 1475 2651 rmvsovs
1500 2625 1534 2647 A.
1560 2625 1591 2648 L.
1619 2624 1649 2647 c.
1675 2622 1702 2647 ε.
1728 2623 1761 2647 v.
1786 2612 1881 2647 fidus
1906 2612 1954 2647 ad
1979 2611 2023 2647 li-

316 2661 417 2695 mina
441 2659 598 2705 figurate
624 2658 719 2694 dixit
743 2669 810 2704 pro
835 2658 930 2693 fidus
956 2656 1098 2693 liminis
1125 2658 1250 2693 custos
1281 2658 1313 2692 T
1330 2660 1342 2704 ΙΙ
1361 2662 1382 2693 3
1408 2660 1532 2694 utrum
1558 2660 1706 2705 scripsi:
1734 2660 1776 2694 ut
1801 2670 1883 2694 sum
1908 2658 1949 2694 F
1983 2661 2026 2695 ut

317 2710 404 2743 sunt
434 2707 592 2749 Daniel,
629 2707 671 2741 ut
705 2706 771 2742 del.
800 2706 1018 2741 Masvieius.
1063 2706 1232 2741 dubitare
1262 2706 1406 2741 videtur
1437 2707 1632 2751 interpres,
1672 2706 1867 2742 sonoribus
1901 2710 2025 2742 utrum

316 2755 508 2800 qualitatis
533 2754 717 2790 ablativus
741 2754 802 2797 sit,
828 2765 878 2788 au
897 2752 1055 2788 causae?
1074 2754 1086 2799 ΙΙ
1108 2757 1125 2787 7
1152 2763 1352 2788 menoeceo
1373 2753 1427 2788 A:
1452 2765 1652 2789 menaeceo
1673 2754 1701 2789 S
1709 2753 1750 2788 F
1770 2764 1919 2789 moeeeo
1939 2753 2030 2788 ΒΗ

317 2801 466 2838 moonio
487 2802 537 2837 M
570 2801 718 2836 meonio
743 2802 785 2836 iri
802 2811 874 2836 ras.
891 2801 903 2836 l
921 2802 933 2846 ΙΙ
953 2804 973 2835 8
1000 2802 1112 2845 atque
1137 2800 1288 2846 ignibus
1313 2800 1433 2846 inplet
1452 2800 1619 2836 honestis
1639 2801 1754 2836 Statii
1772 2801 1995 2845 exemplaria
2014 2802 2025 2845 i}

318 2854 338 2884 9
364 2862 495 2885 AENIDE
521 2847 665 2884 RLH:
702 2859 857 2884 Annium
882 2847 978 2883 AM
1012 2860 1164 2883 Ammoi:
1192 2847 1232 2883 F
1259 2849 1271 2893 ΙΙ
1307 2848 1588 2892 patronomicon
1615 2849 1704 2884 libri
1722 2849 1886 2893 plerique
1915 2850 1928 2892 ΙΙ
1964 2848 2025 2883 hic

317 2908 385 2933 om.
405 2897 458 2939 L,
483 2895 545 2930 hic
570 2898 717 2931 Aeneas
742 2907 808 2932 om.
834 2895 879 2930 H
893 2897 905 2941 ΙΙ
926 2899 976 2930 —10
1002 2895 1063 2930 hic
1089 2894 1262 2930 aeneides
1289 2898 1374 2930 et·o
1400 2895 1578 2931 aeneidae
1606 2896 1654 2930 M
1671 2897 1683 2942 ΙΙ
1700 2895 1858 2940 faceret]
1886 2895 1949 2930 sed
1976 2895 2024 2930 ab

318 2955 363 2980 eo
388 2943 489 2988 quod
514 2944 570 2979 est
595 2954 731 2979 aeneus
756 2944 800 2978 ut
823 2943 972 2978 theseus
998 2942 1143 2977 theside
1170 2943 1254 2978 add.
1282 2943 1321 2977 D
1349 2944 1362 2988 ΙΙ
1400 2946 1442 2977 11
1470 2942 1627 2978 dicendo
1650 2941 1808 2987 primam
1835 2943 1932 2977 hanc
1957 2953 2023 2978 om.

317 2991 403 3027 LF
426 2991 526 3036 (add.
552 2991 578 3032 l)
597 2991 609 3037 ΙΙ
630 2995 672 3026 12
698 2990 783 3027 ideo
809 3001 847 3026 se
873 2989 914 3024 F
929 2990 941 3035 ΙΙ
962 2992 1006 3024 14
1033 3001 1137 3024 suum
1164 2989 1235 3024 sibi
1261 2990 1300 3024 F
1315 2992 1327 3035 ΙΙ
1355 2994 1397 3025 16
1424 2990 1668 3025 aduersantur
1693 2989 1738 3023 H
1740 2989 1789 3023 M
1793 3003 1802 3023 ε
1829 2989 2025 3025 aduersen-

317 3041 378 3075 tur
402 3038 536 3083 reliqui
562 3039 574 3084 11
606 3042 649 3073 17
676 3039 788 3074 adero
814 3048 880 3074 om.
907 3037 980 3072 AS
1004 3038 1016 3081 ΙΙ
1048 3036 1079 3071 si
1105 3039 1170 3071 tua
1195 3037 1231 3071 R
1267 3039 1357 3072 tunc
1383 3036 1415 3072 si
1440 3037 1485 3072 H
1517 3038 1584 3072 tua
1608 3036 1657 3071 sit
1682 3035 1722 3070 F
1749 3038 1761 3081 ΙΙ
1795 3039 1837 3071 18
1863 3047 1926 3072 eas
1952 3037 1992 3071 F
2013 3037 2024 3082 Η

320 3091 363 3122 19
388 3085 484 3122 uelis
508 3085 656 3130 impleri
683 3084 724 3120 F
756 3087 768 3132 ΙΙ
805 3089 851 3120 20
875 3096 962 3120 nam
988 3086 1031 3119 ut
1056 3111 1064 3119 .
1086 3112 1093 3119 .
1117 3112 1124 3119 .
1151 3084 1334 3131 defendit]
1371 3095 1459 3119 nam
1490 3085 1531 3118 ut
1563 3082 1689 3128 apollo
1721 3095 1834 3128 puers
1868 3083 2026 3119 extinxit

318 3133 511 3180 pythinem
537 3132 577 3167 in
601 3132 806 3168 uindictam
832 3130 963 3167 matris
993 3131 1045 3166 sic
1071 3142 1273 3166 numanum
1301 3130 1469 3167 ascanius
1495 3130 1536 3165 F
1567 3132 1580 3176 ΙΙ
1617 3134 1660 3165 21
1689 3131 1843 3176 pithone
1868 3130 1906 3166 R
1943 3131 2024 3176 phi-

317 3185 405 3218 tone
431 3181 467 3216 L
503 3180 617 3216 fitone
641 3180 740 3214 HM
756 3181 768 3226 ΙΙ
786 3179 886 3214 ultus
913 3179 985 3225 est]
1011 3177 1110 3214 ultor
1135 3179 1269 3225 111123
1295 3179 1334 3214 id
1361 3180 1418 3214 est
1443 3189 1509 3214 om.
1530 3177 1648 3214 ASF
1664 3179 1676 3223 ΙΙ
1695 3178 1832 3222 peritia
1855 3177 1893 3214 R
1926 3178 2024 3223 peri—

320 3229 407 3264 titia
432 3229 480 3263 L:
509 3227 668 3274 peritiae
693 3227 914 3264 ASHMF
946 3225 1136 3273 perititiae
1162 3227 1175 3260 l
