2092 3614
494 239 646 276 COMM.
673 239 726 276 IN
751 239 895 276 VERG.
922 240 1034 276 AEN.
1062 239 1148 275 VIII
1175 244 1373 286 ess-695.
1693 239 1777 282 301

64 364 161 392 cum
197 348 399 405 Agrippa
435 349 656 392 dimicavit
686 348 930 405 Augustus3
973 351 1124 404 postea
1163 348 1384 404 Agrippae
1424 364 1526 392 cura
1563 350 1665 392 data
1702 352 1780 405 est,

66 421 139 476 qui
178 435 274 463 eum
313 420 485 463 delevit.
541 420 596 463 ob
636 420 750 475 quod
789 420 827 462 ei
865 420 1091 476 Augustus
1130 423 1365 462 rostratam
1408 421 1525 463 dedit
1563 435 1780 477 coronam,

66 492 168 548 quia
199 492 362 535 vicerat
392 491 539 534 navali
571 491 819 534 certamine.

185 563 283 606 685.
332 575 445 606 HINC
483 578 508 605 a
539 565 663 618 parte
701 562 931 605 contraria.
1055 579 1126 605 οΡΕ
1155 579 1374 606 BARBARIGA
1404 563 1559 605 crimen
1589 564 1780 616 Antonii,

64 636 172 689 quod
200 649 272 689 ope
302 635 520 677 barbarica
551 634 769 677 Romanus
791 636 958 688 pugnet.
1805 642 1826 674 5

185 707 283 749 686.
334 717 504 749 V1c'roR
528 718 589 748 AB
614 717 844 759 AVRORAE·
863 716 1057 747 POPVLIS
1090 704 1191 760 quia
1218 705 1356 759 primo
1387 705 1550 748 vicerat
1580 705 1780 762 Parthos,

66 780 114 820 ut
146 777 341 820 diximus,
391 778 508 831 atqui
526 777 759 819 Antonium
778 775 935 818 Parthi
959 779 1103 830 postea
1125 776 1396 830 pepulerunt;
1427 778 1498 819 sed
1519 778 1680 820 videtur
1710 778 1782 820 hoe

65 850 153 891 ideo
196 850 384 903 tacuisse,
427 862 478 890 ne
513 848 729 903 Auyustus
765 848 953 890 inbellem
988 861 1202 904 superasse
1238 848 1437 892 videatur.
1497 850 1585 892 ideo
1621 850 1784 891 addidit

65 921 254 963 victorem
282 920 461 963 Orientis
479 920 730 973 Antonium,
760 923 808 962 ut
831 920 1029 962 maiorem
1053 918 1206 961 hostem
1231 919 1448 974 Auyustus
1477 921 1618 963 vicisse
1647 922 1781 963 videa-

67 995 145 1033 tur.
278 1003 450 1034 LITORE
483 1004 640 1035 RVBRO
673 991 920 1047 Erythraeo
958 991 1090 1047 mari,
1129 991 1244 1047 quod
1282 994 1348 1034 est
1386 993 1501 1034 inter
1531 991 1781 1048 Aegyptum
1810 1000 1853 1031 10

69 1066 111 1104 et
141 1063 322 1105 Indiam.
1731 1056 1733 1059 ¹

187 1135 285 1177 687.
335 1146 515 1178 VLTIMA
547 1146 699 1178 sncvm
728 1146 913 1178 BAGTRA
945 1146 1090 1177 venri*
1124 1133 1322 1177 ‘ultima'
1354 1150 1442 1177 non
1480 1138 1689 1190 quantum
1728 1137 1782 1178 ad

67 1207 174 1248 fines
214 1208 382 1261 spectat
421 1206 538 1249 orbis
580 1209 813 1261 terrarum,
857 1206 932 1248 sed
970 1205 1167 1248 ‘ultima'
1205 1206 1251 1248 in
1289 1206 1471 1261 imperio
1511 1197 1781 1250 Antoniano:

67 1279 240 1319 constat
271 1277 384 1319 enim
415 1277 673 1320 Bactrianos
704 1280 804 1333 post
836 1293 881 1320 se
913 1277 1074 1320 habere
1106 1280 1256 1334 gentes
1289 1278 1570 1331 innumeras.⁴

189 1350 286 1392 688.
336 1361 483 1392 NEFAs
521 1350 780 1392 exclamatio
819 1351 903 1404 est,
940 1350 1062 1403 quasi
1093 1348 1187 1403 ‘pro
1217 1348 1383 1403 nefas’!
1420 1353 1496 1392 aut
1526 1364 1601 1403 per
1629 1364 1782 1404 paren-
1812 1356 1855 1402 15

70 1421 201 1464 thesin
232 1422 386 1464 dietum
416 1424 484 1464 est.
546 1424 584 1463 et
612 1422 732 1474 nefas
767 1436 854 1476 non
877 1421 936 1463 in
970 1435 1021 1478 eo
1052 1423 1225 1463 tantum
1258 1420 1370 1476 quod
1406 1420 1669 1477 Aegyptiam
1700 1422 1784 1464 Ro-

69 1508 222 1535 manus
256 1493 455 1548 duxerat,
494 1492 569 1534 sed
602 1493 735 1535 etiam
768 1492 883 1548 quod
916 1492 1071 1535 mulier
1103 1495 1248 1535 castra
1280 1493 1559 1548 sequebatur,
1594 1494 1707 1548 quod
1740 1494 1786 1535 in

71 1563 239 1620 ingenti
269 1563 538 1619 turpitudine
570 1564 684 1619 apud
715 1564 902 1606 maiores
934 1563 1036 1606 fuit:
1068 1563 1180 1605 unde
1210 1564 1449 1606 bellaturus
1476 1563 1708 1620 Pompeius
1740 1565 1786 1607 in

68 1635 207 1678 Lesbo
239 1635 418 1691 reliquit
448 1650 639 1677 uxorem.

188 1707 287 1750 689.
336 1719 492 1750 RVERE
518 1707 722 1761 ruebant,
747 1706 790 1749 id
816 1709 884 1749 est
908 1707 1144 1750 veniebant
1169 1721 1267 1750 cum
1293 1708 1473 1763 impetu.
1512 1710 1551 1749 et
1574 1707 1647 1749 hoe
1670 1707 1786 1750 verbo
1812 1715 1858 1746 20

70 1792 181 1822 more
210 1792 284 1821 suo
315 1779 488 1822 ostendit
516 1778 776 1821 velocitatem.

190 1850 288 1892 691.
340 1866 488 1893 CREDAS
508 1863 589 1904 ΨΟ
622 1849 782 1892 ‘credat
811 1848 938 1903 quis'.

191 1922 288 1964 692.
340 1932 651 1965 CONCVRRERE
683 1932 920 1964 MONTIBvs
952 1932 1102 1964 AL'ros
1145 1921 1221 1963 alii
1259 1920 1405 1964 ‘altis'
1445 1921 1615 1977 legunt,
1653 1937 1786 1965 unum

70 1996 219 2036 tamen
251 1995 329 2036 est.

192 2065 290 2107 693.
340 2076 555 2107 TVRRITIS
588 2075 813 2107 PVPPIBVS
846 2075 1053 2107 INSTANT
1084 2063 1167 2106 hoe
1200 2062 1252 2106 de
1283 2063 1466 2106 historia
1496 2065 1648 2106 traxit:
1685 2079 1788 2106 nam
1813 2072 1858 2103 25

73 2137 272 2193 Agrippa
302 2136 466 2191 primus
498 2136 580 2179 hoc
612 2150 748 2192 genus
780 2136 966 2178 turrium
1004 2135 1187 2190 invenit,
1225 2138 1274 2177 ut
1311 2135 1362 2177 de
1399 2135 1608 2177 tabulatis
1642 2136 1786 2178 subito

72 2209 357 2264 erigerentur,
403 2207 532 2250 simul
577 2223 626 2251 ac
670 2211 849 2251 ventum
887 2211 1001 2250 esset
1041 2208 1086 2249 in
1125 2207 1356 2262 proelium,
1401 2209 1540 2249 turres
1585 2206 1786 2249 hostibus

71 2279 335 2335 inprovisae,
365 2279 412 2322 in
442 2280 676 2335 naviyando
707 2283 837 2323 essent
866 2280 1054 2322 occultae.

191 2351 290 2394 694.
341 2368 531 2399 TELISQVE
568 2369 753 2395 voLATaE
782 2350 882 2400 Cato,
912 2351 998 2394 sub
1030 2351 1128 2394 tela
1158 2351 1398 2396 volantia.

190 2422 287 2466 695.
337 2435 462 2484 ARYA
485 2434 614 2466 NOVA
638 2434 878 2466 NEPTVNIA
904 2434 1055 2466 GAEDE
1087 2422 1218 2464 ‘nova
1243 2420 1390 2465 caede’
1423 2435 1600 2478 magna,
1632 2421 1783 2464 nimia:
1811 2429 1857 2460 30

168 2603 213 2647 28
240 2611 350 2659 cato]
376 2612 507 2649 incert.
531 2611 658 2649 libror.
684 2611 818 2658 fragm.
846 2615 889 2647 12
915 2623 951 2657 p.
980 2615 1025 2647 86
1050 2611 1148 2648 Iord.

171 2795 191 2827 7
218 2791 267 2827 ael
290 2802 322 2827 v.
351 2795 419 2827 686
444 2791 486 2826 in
510 2801 625 2836 maro.
659 2790 764 2835 atqui
797 2789 897 2825 idem
929 2789 1055 2835 parthi
1085 2790 1218 2835 postea
1248 2790 1477 2836 pepulerunt
1502 2790 1694 2825 antonium
1721 2789 1788 2825 sed

124 2838 326 2875 ‚uideatur
349 2839 381 2873 T
397 2840 410 2884 ΙΙ
429 2838 550 2885 atqui]
577 2840 642 2873 aut
666 2837 731 2882 qui
756 2836 797 2872 F
831 2839 898 2872 aut
923 2836 1012 2882 quia
1037 2837 1175 2873 Daniel
1193 2839 1205 2884 ΙΙ
1223 2837 1355 2883 parchi
1374 2837 1408 2873 G
1427 2839 1438 2884 ΙΙ
1458 2840 1479 2872 8
1506 2838 1594 2883 auig
1595 2839 1702 2873 ustus
1723 2837 1757 2872 G-
1775 2836 1788 2884 ΙΙ

76 2867 266 2922 uideretur
295 2887 327 2920 T
349 2888 361 2933 ΙΙ
390 2886 473 2922 ideo
501 2914 508 2921 .
562 2884 816 2930 .Antonium]
843 2884 976 2920 meiito
1002 2896 1091 2930 ergo
1117 2885 1299 2920 uictorem
1326 2885 1419 2921 dicit
1448 2885 1482 2920 Τ
1502 2887 1516 2932 u
1547 2889 1567 2920 9
1570 2850 1785 2930 gAugustus

77 2945 142 2970 om.
174 2934 206 2968 T
222 2935 234 2980 ΙΙ
253 2933 402 2980 vicisse]
430 2913 622 2989 superasse
651 2933 685 2967 T
700 2934 713 2978 ΙΙ
738 2936 782 2967 13
808 2932 970 2978 spectat]
999 2933 1164 2978 pertinet
1189 2932 1229 2967 F
1245 2934 1256 2978 ΙΙ
1286 2936 1329 2968 15
1355 2935 1454 2968 aut.
1509 2961 1516 2968 .
1543 2933 1647 2967 nefas
1654 2914 1788 2968 Dedidit

77 2982 232 3025 Daniel,
256 2992 332 3017 non
355 2982 481 3017 inveni
505 2982 547 3017 in
565 2980 799 3016 Floriaeensi
817 2980 830 3025 l}
864 2983 905 3015 16
932 2980 1045 3027 quod]
1073 2990 1183 3025 quam
1204 2981 1238 3015 L
1256 2981 1269 3025 ΙΙ
1302 2984 1343 3015 17
1371 2979 1517 3015 dixerat
1537 2979 1577 3015 F
1592 2981 1604 3026 ΙΙ
1635 2983 1681 3015 20
1704 2990 1786 3014 rue-

76 3028 170 3064 bant
194 3040 259 3064 om.
281 3029 348 3074 Fu
367 3030 417 3065 ad
442 3042 554 3065 nvem:
578 3039 679 3082 supr.
705 3038 794 3063 vers.
822 3029 892 3062 hoc
916 3028 1032 3063 uerbo
1058 3055 1066 3063 .
1089 3056 1096 3063 .
1119 3057 1126 3064 .
1153 3026 1395 3063 uelocitatem
1425 3027 1459 3062 Τ
1473 3029 1485 3074 ΙΙ
1513 3031 1555 3062 21
1584 3028 1634 3063 ad
1658 3039 1690 3063 v.
1718 3030 1786 3061 690

79 3077 121 3111 in
144 3087 259 3122 mai-9.
288 3077 484 3112 conuolsus
509 3076 658 3121 proprie
691 3075 828 3109 dicitur
861 3074 921 3110 cui
951 3074 990 3110 ui
1023 3075 1151 3121 aliqua
1183 3086 1250 3110 sua
1281 3074 1506 3110 adimuntur.
1556 3075 1654 3110 unde
1679 3073 1786 3108 nauis

81 3123 256 3158 conuolsa
279 3123 338 3158 cui
357 3123 561 3159 eminentia
579 3123 618 3165 ui
637 3121 873 3167 tempestatis
892 3122 1109 3158 auferuntur
1128 3123 1167 3158 et
1187 3122 1401 3158 conuolsum
1421 3122 1558 3158 dicitur
1577 3122 1786 3166 disruptum
1829 3131 1833 3135 ·

80 3169 303 3214 dissipatum
329 3182 498 3207 euersum
528 3171 588 3218 ΤΗ
620 3174 665 3206 22
691 3171 741 3206 ad
766 3181 899 3204 cannas
924 3181 1024 3216 supr.
1049 3181 1138 3206 vers.
1165 3170 1291 3205 credat
1318 3169 1400 3214 quis
1430 3169 1464 3204 T
1483 3171 1495 3217 ΙΙ
1526 3173 1570 3205 27
1598 3168 1787 3213 erigentur

81 3218 113 3252 A
126 3217 195 3252 S'L
208 3217 247 3251 ῙῙ
268 3218 372 3263 (carr.
399 3219 468 3264 α)11
494 3222 539 3254 28
565 3217 776 3263 nauigendo
802 3216 843 3252 F
857 3218 870 3264 ΙΙ
897 3220 943 3253 30
967 3229 1105 3263 magna.
1129 3228 1195 3253 om.
1224 3217 1263 3252 F
