2092 3614
301 243 388 285 372
1079 242 1240 278 SERVII

299 354 468 407 quidam
507 353 675 395 dubium
704 355 876 408 putant,
913 356 1054 394 utrum
1092 351 1164 394 ‘ab
1200 351 1434 406 ayminibus
1471 353 1564 394 totis
1602 355 1714 407 terya
1743 351 1915 408 dedere’,
1952 366 2009 394 an

301 423 368 466 ‘ab
400 425 632 479 affininibus
663 422 805 466 versi'.

419 497 518 538 684.
567 495 743 539 eos'vERE
765 513 811 539 nv
827 513 968 539 LJMJNE
992 512 1114 538 vmffl
1137 498 1184 536 ut
1201 495 1489 548 animasque
1512 495 1565 537 in
1589 495 1788 538 vulnere
1804 498 2008 549 ponunt.

419 567 518 609 685.
567 578 727 609 ANIMIS
753 578 1063 610 DISCORDIBVS
1089 566 1340 621 hostilibus,
1367 565 1530 608 scilicet
1556 566 1859 622 Troianorum,
1885 566 1958 621 qui
1984 581 2010 608 a

253 647 273 678 ὅ
300 638 473 680 Rutulis
506 637 823 681 discordabant.

419 710 518 753 689.
567 727 742 753 Nvmvs
771 713 808 751 et
837 711 909 763 qui
939 710 1108 752 nuntiat
1137 710 1306 764 dicitur,
1343 713 1380 751 et
1409 711 1482 763 qui
1511 711 1731 752 nuntiatur
1739 723 1752 760 ,·
1789 710 1859 752 sed
1893 710 2009 752 modo

299 781 365 823 liic
393 783 503 835 quod
530 782 762 824 nuntiatur.

418 854 516 895 692.
566 864 872 903 FRATRESQVE
907 865 941 896 s.
974 868 1080 908 quos
1113 868 1243 909 supra
1275 853 1383 894 dixit
1413 855 1585 907 portam
1618 854 1778 894 tenere.

419 925 518 967 693.
569 936 622 967 SE
654 936 824 967 PRIMVS
856 935 1040 966 AGEBAT
1078 925 1198 966 iuxta
1228 928 1374 967 veteres
1406 924 1462 966 ‘se
1491 923 1648 978 ayebat'
1676 937 1754 977 pro
1787 923 2011 979 ‘veniebat'‚

229 1004 272 1036 10
298 998 346 1038 ut
382 995 473 1050 <VI
505 995 621 1050 337>
659 1009 759 1038 ecee
797 996 1100 1050 ¹qubernator
1142 1009 1242 1038 sese
1278 996 1558 1045 Palinurus
1600 995 1789 1049 ayebat,
1827 994 2011 1037 Plautus

297 1068 344 1109 in
380 1067 645 1109 Mostellaria
683 1067 732 1122 <1
762 1068 809 1118 4,
841 1067 928 1122 28>
966 1067 1092 1109 unde
1134 1068 1243 1121 aqis
1287 1067 1358 1108 te?
1401 1069 1449 1108 ut
1490 1066 1599 1107 enim
1635 1075 1709 1108 n'os
1746 1080 1766 1108 e
1802 1067 2008 1108 contrario

297 1139 472 1180 dicimus
502 1137 624 1180 ‘duco
656 1137 752 1193 me',
783 1139 844 1180 ita
877 1139 941 1181 illi
973 1137 1082 1193 ‘ayit
1109 1138 1185 1190 se',
1216 1140 1243 1191 †
1265 1153 1337 1177 ano
1365 1154 1432 1178 OOY
1459 1154 1542 1179 ΛΑΝ.
1604 1137 1671 1179 ‘se
1704 1137 1897 1193 agebat',
1927 1138 2010 1180 hoe

298 1212 364 1251 est
399 1208 645 1264 incedebat,
686 1212 734 1251 ut
772 1224 882 1252 sese
915 1209 1192 1251 Palinurus
1232 1209 1432 1265 agebat.
1495 1211 1660 1251 tractus
1693 1212 1836 1251 autem
1869 1223 2009 1251 sermo

298 1283 364 1322 est
396 1296 421 1323 a
452 1280 620 1322 ratione
658 1280 857 1336 physica3
894 1295 995 1323 nam
1028 1280 1175 1336 agitur
1207 1295 1361 1335 corpus
1401 1280 1534 1322 animi
1571 1279 1748 1322 iudicio:
1787 1279 1898 1322 unde
1929 1279 2010 1322 Te—

228 1361 272 1393 15
297 1352 462 1394 rentius
494 1366 590 1407 quo
621 1354 672 1394 te
704 1351 846 1408 agis?

418 1423 515 1466 694.
561 1441 741 1467 THEBANA
762 1441 815 1467 DE
833 1440 965 1465 MATRE
981 1422 1240 1477 parenthesis
1258 1426 1326 1465 est.
1357 1436 1457 1465 sane
1475 1422 1634 1464 Thebae
1653 1422 1762 1464 aliae
1774 1421 2010 1478 Aeyyptiae‚

296 1495 407 1537 aliae
437 1494 650 1549 Boeotiae,
681 1495 791 1537 aliae
822 1494 1040 1548 Phryyiae.
1150 1505 1437 1536 SARPEDONIS
1470 1505 1576 1535 ALTI
1608 1493 1652 1535 id
1684 1495 1749 1535 est
1779 1493 1949 1535 nobilis.

417 1566 516 1608 695.
565 1578 707 1608 ITALA
735 1577 915 1609 couuvs
947 1566 1082 1607 telum
1114 1565 1165 1607 de
1190 1565 1304 1607 Itala
1336 1580 1469 1608 cornu
1501 1560 1675 1627 factum.
1724 1569 1761 1607 et
1790 1566 2010 1608 materiam

289 1652 370 1692 pro
401 1651 516 1692 opere
539 1637 692 1691 posuit.
1023 1647 1030 1653 “

226 1718 272 1750 2ο
416 1709 515 1751 696.
566 1719 816 1751 STOMAOHO
850 1707 1040 1751 Graecus
1074 1723 1214 1751 sermo
1248 1711 1325 1751 est.

416 1780 514 1822 697.
566 1791 735 1822 SPECVS
773 1791 1006 1822 VVLNERIS
1044 1779 1218 1835 poetica
1255 1778 1551 1835 exaggeratio:
1594 1793 1754 1833 specum
1789 1780 1898 1822 enim
1931 1794 2008 1834 pro

296 1852 505 1894 cavatione
527 1852 681 1905 posuit.

416 1923 515 1966 698.
564 1940 616 1966 ET
643 1940 735 1965 leo
766 1940 867 1965 FERR
876 1939 928 1965 VM
957 1940 1002 1965 IN
1031 1940 1216 1966 PVLMONE
1249 1926 1288 1964 et
1320 1923 1481 1975 ferrum
1516 1924 1667 1976 fixum,
1704 1926 1742 1964 et
1772 1923 2008 1976 pulmonem

295 1996 428 2049 fixum
451 2008 674 2049 possumus
704 1994 893 2048 accipere.

225 2076 269 2106 25
375 2122 380 2124 μ
415 2065 515 2108 699.
564 2077 817 2108 ERYMANTA
857 2078 989 2108 MANV
1029 2064 1202 2108 emanu'
1241 2065 1284 2107 id
1322 2067 1389 2107 est
1427 2064 1573 2121 gladio
1613 2065 1852 2107 comminus
1890 2065 2007 2107 ferit:

295 2152 396 2180 nam
430 2140 473 2179 et
503 2137 569 2179 illi
601 2137 654 2179 de
686 2138 842 2192 quibus
875 2136 1071 2191 superius
1112 2135 1240 2191 dixit,
1279 2150 1408 2178 manu
1446 2136 1575 2178 occisi
1613 2139 1730 2191 sunt,
1768 2135 1843 2178 sed
1874 2137 2006 2178 misso

296 2210 449 2252 iaculo.
500 2223 604 2265 ergo
638 2209 692 2251 ad
724 2208 1011 2251 differentiam
1043 2207 1120 2250 teli
1151 2207 1255 2249 iacti
1286 2207 1433 2261 accipe
1466 2206 1641 2262 ‘manu'‚
1672 2207 1716 2248 id
1750 2209 1816 2249 est
1848 2207 2006 2262 gladio.

416 2281 512 2323 700.
563 2292 824 2322 ARDENTEM
858 2290 1022 2322 ocvms
1055 2289 1310 2328 AN1M1SQVE
1343 2290 1632 2321 FREMENTEM
1675 2280 1718 2319 et
1756 2280 1881 2333 gestu
1913 2293 2004 2320 eor-

296 2352 413 2407 poris
447 2355 491 2393 et
523 2353 667 2393 mente
699 2354 974 2394 commotum.

392 2485 412 2515 3
439 2480 675 2526 animasque]
702 2492 829 2525 georg.
855 2479 905 2514 IV
932 2483 1001 2514 238
1026 2480 1038 2525 ΙΙ
1068 2483 1088 2514 6
1115 2479 1275 2514 Nuntius
1300 2480 1339 2513 et
1364 2454 1427 2523 qui
1452 2477 1601 2513 nuntiat
1627 2506 1634 2513 .
1657 2506 1663 2513 .
1686 2506 1693 2513 .
1721 2478 1929 2524 nuntiatur]
1958 2479 2003 2514 cf.

297 2528 382 2563 Isid.
411 2539 461 2563 or.
488 2526 523 2561 X
551 2530 616 2562 189
646 2528 657 2573 ΙΙ
692 2532 736 2562 14
762 2527 972 2570 Terentius]
999 2526 1110 2561 Andr.
1138 2526 1186 2561 IV
1214 2531 1247 2571 2,
1273 2530 1328 2561 25.
1369 2526 1414 2561 cf.
1442 2525 1534 2561 Don.
1561 2525 1608 2560 ad
1635 2525 1668 2561 h.
1696 2538 1730 2560 v.

395 2652 410 2682 1
438 2658 466 2683 s.
486 2658 519 2682 v.
540 2650 608 2682 683
634 2646 760 2691 potest
783 2644 953 2689 intellegi
980 2645 1027 2679 ab
1054 2644 1266 2689 agminibus
1292 2643 1382 2679 totis
1409 2645 1516 2689 terga
1541 2643 1675 2679 dedere
1702 2644 1769 2679 aut
1790 2643 2002 2689 agminibus

295 2694 393 2730 versi
423 2695 455 2729 T
472 2695 485 2748 [1
503 2694 655 2738 quidem
680 2692 720 2728 F
735 2693 748 2740 u
766 2697 786 2727 3
813 2693 1069 2736 animasquem
1095 2692 1135 2727 F
1151 2693 1163 2739 ΙΙ
1182 2697 1202 2726 5
1229 2691 1499 2728 discordabunt
1526 2692 1575 2726 M
1591 2693 1603 2735 ΙΙ
1623 2695 1643 2726 6
1669 2692 1719 2726 ad
1744 2703 1890 2728 uvu'nvs
1915 2703 1942 2727 s.
1969 2703 2000 2727 v.

298 2742 449 2778 nuntius
474 2754 514 2776 m
537 2741 610 2776 hoc
635 2740 718 2776 loeo
737 2740 836 2785 quod
855 2740 1050 2774 nuntiatur
1072 2740 1105 2774 Τ
1121 2741 1133 2785 ΙΙ
1154 2744 1173 2775 7
1201 2739 1316 2784 quod]
1343 2739 1407 2783 qui
1427 2739 1565 2774 Daniel
1583 2740 1595 2785 ΙΙ
1614 2742 1635 2773 8
1655 2739 1802 2784 portam
1822 2738 1917 2774 dixit
1935 2737 1976 2773 F
1990 2738 2004 2784 Η

296 2795 317 2825 9
345 2802 384 2824 se
409 2793 494 2824 ante
518 2789 657 2834 agebat
681 2788 813 2824 addidi
847 2789 860 2833 ΙΙ
899 2791 940 2821 11
968 2787 1201 2823 mustellaria
1228 2786 1262 2822 G
1299 2788 1310 2833 11
1349 2799 1369 2822 e
1395 2786 1581 2822 contrario
1606 2786 1762 2821 Daniel:
1791 2797 1890 2830 *eque
1916 2796 2001 2821 con-

296 2836 412 2873 trario
439 2836 479 2871 F
513 2840 560 2881 εἴ]
583 2837 623 2881 (i.
651 2847 681 2871 e.
708 2835 864 2881 ‘equae’)
896 2834 1083 2870 contraria
1109 2835 1153 2871 G.
1197 2838 1349 2870 ceterum
1379 2837 1421 2869 ut
1454 2834 1574 2879 ‘affere
1598 2834 1654 2868 se'
1687 2834 1742 2868 ita
1777 2833 1919 2868 ‘ducere
1942 2833 1998 2867 se'
2026 2855 2032 2862 -

295 2888 425 2919 veteres
456 2885 635 2919 dicebant.
679 2884 726 2927 ef.
752 2882 895 2918 Lorenz
926 2883 975 2917 ad
1004 2882 1137 2917 Plauti
1165 2883 1296 2917 Pseud.
1323 2894 1355 2918 v.
1383 2885 1451 2917 535
1472 2893 1511 2926 p.
1541 2885 1607 2916 146
1644 2882 1656 2924 ΙΙ
1697 2884 1737 2915 12
1763 2880 2000 2926 ειηοοογΔΑΝ]

296 2928 374 2966 ἀπὸ
400 2931 466 2966 τοῦ
494 2928 602 2976 ἄγειν
634 2931 782 2966 Daniel.
826 2930 979 2974 fortasse
1011 2927 1096 2974 ἄγει
1124 2926 1262 2964 ἔαυτόν
1293 2930 1305 2975 η
1338 2933 1380 2964 13
1406 2930 1450 2963 ut
1476 2957 1482 2963 .
1504 2955 1511 2962 .
1533 2956 1541 2964 .
1568 2927 1704 2972 agebat
1729 2927 2002 2963 Floriacenscm

296 2980 361 3015 hoe
384 2990 523 3024 quoque
547 2979 623 3014 loco
647 2979 776 3014 habere
799 2988 921 3013 moneo
940 2978 952 3023 ῃ
977 2978 1101 3011 autem
1128 2988 1193 3011 om.
1222 2977 1267 3011 H
1281 2978 1294 3023 ΙΙ
1326 2980 1368 3012 17
1395 2974 1590 3012 oboaetiae
1617 2974 1658 3009 F
1673 2976 1684 3020 ΙΙ
1709 2974 1815 3009 schol.
1843 2975 1892 3009 ad
1918 2987 2000 3009 sm—

297 3039 444 3061 rnnoms
470 3037 504 3060 Δ.
530 3037 596 3061 om.
624 3025 664 3060 F
679 3026 693 3070 ΙΙ
722 3025 830 3061 nobis
858 3025 907 3059 M
923 3025 936 3070 ss
968 3027 1011 3058 18
1036 3023 1143 3059 italia
1168 3024 1240 3058 AS
1257 3025 1270 3069 ΙΙ
1301 3026 1339 3059 et
1366 3051 1374 3059 .
1395 3050 1404 3058 .
1425 3050 1432 3057 .
1458 3022 1583 3067 posuit
1606 3022 1688 3057 hab.
1719 3021 1753 3055 T
1766 3022 1778 3067 ΙΙ
1810 3025 1856 3056 20
1882 3033 2000 3057 sermo

297 3084 453 3119 graecus
480 3074 537 3108 est
560 3073 638 3108 AS
667 3075 679 3118 ss
716 3076 760 3108 25
787 3073 893 3108 schol.
919 3072 969 3107 ad
992 3082 1024 3107 v.
1051 3074 1119 3106 699
1140 3075 1224 3116 post
1249 3082 1316 3116 pro
1342 3070 1566 3105 reddidisset
1590 3069 1640 3114 (p.
1668 3072 1737 3103 373
1764 3069 1828 3103 lin.
1855 3071 1892 3113 2)
1917 3069 1999 3104 hab.

297 3122 387 3165 AS,
412 3132 479 3156 om.
505 3120 546 3155 F
574 3121 585 3167 ΙΙ
617 3133 830 3155 ERYMANTHA
855 3122 891 3154 A
928 3130 1129 3154 mmmmm
1155 3119 1183 3153 S
1220 3130 1423 3153 munimini
1448 3117 1485 3151 R
1522 3127 1700 3151 sumnum
1726 3116 1811 3150 LH
1845 3127 2002 3151 mnium

300 3169 348 3203 M
365 3170 377 3215 u
408 3180 521 3203 manu
546 3179 612 3203 om.
639 3168 805 3203 ASLH
828 3169 840 3213 ΙΙ
871 3171 916 3202 26
942 3168 981 3201 et
1004 3177 1071 3201 om.
1097 3165 1225 3200 RLH
1248 3169 1281 3200 et
1305 3164 1528 3209 exemplaria
1552 3165 1728 3209 impressa
1745 3164 1758 3209 ΙΙ
1788 3174 1862 3199 non
1887 3174 2000 3199 manu

298 3227 331 3251 o.
358 3228 385 3250 s.
410 3216 634 3261 exemplaria
658 3216 832 3259 impressa
857 3216 869 3261 ΙΙ
899 3217 945 3249 28
970 3225 1179 3252 ΔΝιΜνΜρνΕ
1204 3213 1337 3248 RLH
