2092 3614
546 251 696 288 COMM.
723 252 776 288 IN
800 252 944 289 VERG.
972 253 1083 288 AEN.
1111 253 1143 287 X
1170 257 1368 289 468—485.
1728 254 1812 295 441

105 364 172 403 ter
203 361 337 416 videt,
377 361 609 404 admodum
640 361 774 403 iuvat.
894 373 1051 404 REICIT
1085 362 1171 405 ‘re'
1204 363 1463 405 naturaliter
1501 363 1643 406 brevis
1677 366 1743 405 est
1774 366 1817 405 et

106 448 199 475 eam
232 448 310 487 pro
344 433 476 488 longa
507 433 671 487 posuit:
704 434 766 475 sic
792 433 899 475 alibi
929 433 1081 489 reice,
1112 449 1172 476 ne
1205 435 1420 476 maculis
1451 434 1679 477 infuscet
1711 435 1814 477 vel-

104 505 213 546 lera
249 505 427 559 pullis:
466 504 579 560 quod
611 504 713 546 licet
744 504 886 560 possit
918 505 1131 559 excusari,
1166 505 1267 561 quia
1298 520 1394 547 cum
1426 506 1532 548 facit
1564 505 1735 557 ‘reieci’,
1769 505 1813 547 ‘i’

103 575 215 617 inter
249 576 353 618 duas
389 576 556 618 vocales
587 575 750 630 posita,
780 575 981 631 producit
1014 576 1298 632 superiorem,
1330 580 1379 619 ut
1411 577 1603 620 dicamus
1636 578 1813 633 longam

104 661 197 689 eam
226 662 320 689 esse
346 662 442 702 spe,
474 646 574 702 quia
604 661 682 701 per
715 646 1045 690 declinationem
1076 648 1209 704 longa
1239 647 1386 692 futura
1418 650 1500 690 est:
1533 651 1678 690 tamen
1712 649 1814 704 quia
1839 661 1860 692 5

101 719 145 760 in
190 718 270 760 hac
315 734 360 760 re
405 720 710 773 argumentum
754 719 895 775 magis
941 721 1007 761 est
1052 734 1181 774 quam
1225 719 1358 771 ratio,
1409 720 1602 762 dicamus
1648 721 1812 763 ectasin

101 789 279 844 factam,
312 805 421 845 quae
453 789 595 844 poetis
625 789 878 844 plerumque
911 790 1172 832 conceditur.

218 860 319 903 475.
369 872 661 904 FVLGENTEM
691 873 871 902 DIRIPIT
903 872 1059 904 ENSEM
1099 876 1153 904 ne
1191 861 1305 904 iacto
1344 862 1432 904 telo
1470 862 1648 905 inermis
1689 867 1812 906 esset.

218 933 318 975 477.
367 944 482 974 VIAM
503 943 686 975 MOLITA
718 931 800 973 hoe
826 934 892 974 est
918 933 1298 976 cum-difficultate
1332 934 1560 989 quaesivit:
1595 950 1671 990 per
1697 936 1811 990 quod

99 1006 142 1046 et
173 1004 370 1046 soliditas
404 1004 548 1060 clipei,
580 1006 623 1045 et
655 1004 798 1045 minus
830 1004 980 1046 firmus
1013 1004 1164 1047 hastae
1196 1005 1334 1047 iactus
1368 1006 1623 1048 ostenditur.
1839 1018 1882 1048 10

217 1077 316 1119 478.
367 1093 552 1119 svamm
580 1079 688 1118 tactu
718 1076 874 1118 modico
900 1077 1137 1130 praeteriit:
1178 1077 1239 1119 ita
1271 1078 1380 1119 enim
1411 1078 1463 1120 ab
1494 1079 1678 1132 antiquis
1708 1080 1808 1121 εἶπεν

97 1147 239 1189 batur:
271 1151 309 1189 ei
337 1151 397 1190 est
426 1147 674 1202 siqnificatio
706 1147 803 1190 levis
832 1148 1025 1190 vulneris.

216 1219 315 1260 479.
364 1235 490 1261 FERRO
520 1236 755 1262 PRAEFIXVM
782 1237 855 1262 ROB
863 1233 910 1262 VR
932 1219 1194 1274 periphrasis
1223 1219 1375 1263 hastae.

215 1290 313 1332 481.
365 1301 490 1332 NVNC
522 1301 652 1332 MAGE
686 1302 758 1333 srr
792 1290 954 1346 legitur
987 1293 1030 1332 et
1062 1290 1187 1333 ‘nime
1218 1291 1358 1347 magis
1391 1291 1487 1347 est'‚
1519 1308 1629 1334 unus
1662 1296 1809 1335 tamen

97 1376 247 1404 sensus
274 1363 351 1404 est.
402 1361 475 1404 sed
508 1361 544 1403 si
571 1361 727 1417 ‘mage'
760 1362 976 1417 legamus,
1007 1365 1187 1417 propter
1219 1365 1402 1406 metrum
1437 1363 1598 1406 dictum
1631 1366 1698 1406 est
1728 1379 1807 1419 pro
1838 1375 1879 1405 15

97 1432 292 1488 emagis',
326 1432 439 1475 sicut
471 1433 600 1475 etiam
634 1432 779 1488 ‘pote'
812 1448 890 1488 pro
924 1432 1308 1488 ‘p‘otis'sPersius
1342 1435 1390 1489 <I
1423 1435 1510 1489 56>
1543 1435 1629 1490 qui
1662 1436 1809 1490 pote?

95 1505 171 1546 vis
204 1504 399 1546 dicam?
430 1505 664 1560 nugaris,
697 1519 805 1547 cuni
834 1505 951 1560 tibi,
984 1505 1146 1548 calve:
1179 1506 1292 1561 quod
1320 1506 1427 1549 adeo
1454 1507 1499 1548 in
1526 1521 1650 1548 usum
1677 1507 1808 1562 venit,

94 1578 141 1618 ut
179 1576 309 1618 etiam
346 1576 390 1618 in
428 1591 556 1631 prosa
593 1577 853 1619 inveniatur:
903 1575 1051 1619 Cicero
1090 1577 1134 1618 in
1172 1576 1460 1620 frumentaria
1503 1591 1647 1633 mage
1694 1593 1807 1621 con-

93 1647 385 1690 demnatum
424 1647 683 1690 hominem
720 1648 771 1690 in
809 1648 1053 1690 iudicium
1095 1648 1346 1691 adducere
1382 1661 1483 1692 non
1524 1665 1686 1704 posse.

92 1731 423 1761 PENETRABILE
456 1733 534 1774 pro
562 1718 814 1774 ‘penetrale’
848 1720 1024 1762 dicitur:
1055 1735 1157 1762 nam
1190 1721 1303 1775 quod
1329 1723 1528 1776 penetrat
1555 1720 1805 1776 ‘penetrale’
1831 1733 1876 1764 20

93 1790 269 1846 dicitur,
301 1790 414 1846 quod
447 1792 589 1832 autem
622 1793 876 1845 penetratur
908 1790 1218 1847 ‘penetrabile'.

210 1862 309 1904 482.
362 1879 433 1905 Tor
457 1880 579 1905 mam
608 1879 732 1904 TERGA
762 1876 847 1904 own
877 1863 978 1905 dicit
1006 1866 1103 1916 quot
1133 1865 1262 1918 terya,
1293 1865 1364 1906 scd
1392 1864 1535 1906 multa.

208 1934 307 1976 483.
360 1951 441 1976 CVM
466 1950 604 1976 PELLIS
633 1934 804 1987 quidam
837 1933 981 1988 ‘pellis’
1013 1934 1224 1977 humiliter
1254 1936 1408 1977 dictum
1439 1936 1656 1990 accipiunt.

208 2005 307 2048 484.
359 2016 515 2047 CVSPIS
548 2016 721 2048 INGENS
760 2005 822 2047 ita
860 2005 1155 2061 accipiendum
1195 2008 1278 2061 est,
1319 2021 1373 2048 ne
1411 2007 1693 2062 incongruum
1734 2008 1803 2063 sit,

89 2077 140 2118 de
178 2091 312 2132 puero
355 2076 390 2118 si
432 2076 587 2118 dixeris
627 2075 802 2132 ‘ingens
842 2076 1027 2132 pectus'.
1089 2092 1192 2120 sane
1237 2077 1454 2133 cuspidem
1500 2079 1678 2121 abusive
1723 2094 1800 2134 pro
1828 2090 1872 2121 25

90 2147 240 2190 hastae
275 2162 475 2190 mucrone
507 2148 666 2202 posuit.

207 2218 306 2262 485.
358 2231 417 2260 ET
449 2231 625 2262 PECTVS
658 2231 902 2262 PERFORAT
935 2220 1005 2262 hic
1038 2220 1491 2277 subdistinguendum,
1523 2223 1571 2263 ut
1604 2221 1800 2277 ‘ingens’7

89 2291 200 2333 sicut
231 2290 435 2345 diximus,
469 2291 522 2332 ad
555 2290 777 2346 superiora
810 2292 950 2346 possit
980 2292 1143 2335 referri.

183 2412 203 2442 2
230 2407 344 2454 reice]
372 2418 499 2453 georg.
526 2407 664 2444 111389
688 2408 693 2454 1
716 2412 736 2443 9
762 2420 892 2443 Momm
918 2438 925 2446 .
1013 2409 1214 2455 quaesivit]
1243 2409 1287 2445 cf.
1316 2409 1408 2445 Don.
1436 2410 1484 2445 ad
1510 2410 1593 2445 Ter.
1614 2411 1726 2446 Andr.
1748 2411 1798 2446 IV

87 2460 120 2500 2,
147 2457 223 2501 241}
244 2459 287 2490 15
312 2466 380 2499 pro
406 2454 527 2500 magis
553 2467 584 2491 e.
613 2468 647 2501 q.
675 2456 722 2503 s.]
749 2455 794 2491 cf.
822 2456 914 2492 Don.
942 2457 991 2492 ad
1017 2457 1099 2493 Ter.
1127 2457 1284 2502 Adelph.
1312 2457 1398 2503 113,
1422 2462 1463 2492 11
1484 2459 1496 2503 fl
1516 2462 1561 2492 20
1587 2470 1671 2493 uam
1699 2459 1797 2503 quod
1819 2471 1832 2487 κ

88 2532 95 2539 .
118 2531 124 2538 .
147 2531 153 2536 .
182 2503 429 2549 penetrabile]
457 2514 570 2539 exscr.
597 2503 681 2539 Isid.
710 2502 788 2540 diff.
814 2505 914 2540 verb.
941 2508 1010 2540 435

184 2613 203 2644 1
229 2608 328 2644 uidit
352 2609 392 2644 F
419 2611 431 2656 11
462 2613 482 2644 3
509 2609 620 2645 reieci
649 2609 692 2644 ‘i'
721 2611 818 2646 inter
843 2622 920 2657 eqo:
948 2611 1079 2646 reiecit
1102 2612 1201 2647 inter
1226 2612 1270 2646 H
1278 2613 1291 2648 l
1327 2611 1436 2648 reicit
1461 2612 1558 2647 inter
1584 2613 1619 2647 L
1657 2613 1797 2649 reiacet

85 2657 183 2692 inter
208 2656 245 2692 R
282 2656 395 2692 reieci
419 2657 517 2692 inter
540 2659 672 2703 reliqui
703 2659 715 2704 ΙΙ
747 2662 769 2693 4
795 2659 941 2694 vocales
969 2658 1011 2692 ‘i’
1040 2658 1165 2704 posita
1195 2660 1302 2705 vulqo
1333 2661 1345 2706 ΙΙ
1377 2665 1397 2695 5
1425 2671 1490 2704 spe
1516 2672 1581 2696 om.
1610 2661 1654 2695 II
1668 2662 1680 2707 ΙΙ
1709 2662 1797 2706 quia

86 2705 185 2739 LH:
220 2715 294 2749 qua
319 2703 508 2751 ASRMZ
542 2716 567 2750 p
594 2717 668 2749 qua,
694 2705 735 2740 F
755 2707 767 2752 ΙΙ
799 2710 819 2741 6
845 2718 884 2741 re
910 2717 977 2742 om.
1005 2706 1092 2741 LH
1112 2709 1124 2752 ΙΙ
1156 2707 1315 2754 ectasin]
1350 2707 1541 2742 haectasin
1569 2708 1641 2743 As
1677 2709 1796 2744 tectas

86 2752 124 2787 in
143 2751 180 2787 R
212 2755 249 2787 et
275 2751 418 2787 ectasin
435 2751 470 2786 L
502 2753 624 2787 tectas
651 2752 690 2786 in
710 2753 751 2788 H
768 2754 780 2800 ΙΙ
800 2757 820 2788 7
848 2753 1068 2798 plerumque
1093 2754 1214 2800 poetis
1235 2755 1307 2790 AS
1325 2756 1336 2800 ΙΙ
1362 2758 1382 2789 8
1410 2768 1551 2789 nummi·
1570 2755 1610 2789 F
1626 2757 1637 2801 ΙΙ
1657 2757 1741 2791 acto
1761 2757 1796 2790 L

86 2799 200 2835 iacito
223 2799 263 2834 F
278 2800 290 2844 ΙΙ
310 2803 330 2834 9
357 2800 406 2835 ad
431 2810 518 2834 vmu
537 2811 573 2834 Μ.
593 2810 618 2836 S.
640 2811 670 2834 v.
695 2800 751 2835 rei
774 2801 1002 2837 inanimatae
1029 2802 1094 2838 dat
1119 2813 1267 2838 sensum
1290 2802 1323 2836 Τ
1341 2803 1352 2848 ΙΙ
1374 2807 1412 2837 11
1442 2803 1579 2838 scholia
1605 2804 1654 2838 ad
1672 2815 1703 2839 v.
1726 2807 1794 2839 478

86 2850 119 2882 et
143 2851 212 2882 479
237 2847 319 2882 hab.
348 2847 382 2881 T
410 2847 421 2893 ΙΙ
454 2846 600 2882 modico
626 2847 730 2882 tactu
762 2847 792 2884 T
820 2849 832 2894 ΙΙ
862 2847 916 2883 ita
942 2877 949 2884 .
972 2876 979 2884 .
1002 2876 1009 2884 .
1036 2849 1230 2885 dicebatur
1256 2861 1323 2886 om.
1354 2850 1386 2884 T
1406 2852 1418 2896 ΙΙ
1451 2854 1494 2884 13
1522 2849 1734 2895 peristrasis
1761 2852 1795 2886 G

86 2895 275 2939 perifrasis
302 2896 359 2930 est
388 2894 421 2929 Τ
453 2896 465 2940 ss
504 2898 548 2929 14
573 2907 664 2929 NVNC
691 2894 727 2929 R
735 2895 817 2930 LH
826 2896 874 2930 M
880 2909 888 2930 2
915 2909 1003 2932 'rvNc
1029 2897 1102 2932 AS
1138 2909 1212 2933 NVM
1238 2897 1277 2932 F
1311 2899 1323 2942 ΙΙ
1359 2910 1455 2933 MAGE
1481 2898 1551 2943 sir]
1576 2910 1684 2934 MAGIS
1711 2899 1750 2933 F
1783 2899 1795 2945 ΙΙ

88 2945 131 2976 15
157 2943 214 2977 est
239 2954 366 2978 sensus
391 2941 432 2977 F
448 2943 459 2988 ΙΙ
490 2953 625 2987 magea
649 2942 685 2976 R
704 2943 716 2987 ΙΙ
752 2947 792 2977 16
819 2942 932 2978 etiam
958 2944 1062 2990 pote]
1090 2945 1203 2980 etiam
1229 2943 1336 2989 potes
1363 2945 1415 2989 H,
1442 2956 1507 2980 om.
1535 2945 1575 2980 F
1590 2947 1602 2991 ΙΙ
1633 2946 1732 2991 potis
1758 2947 1794 2980 L

86 2989 217 3034 positis
243 2990 297 3024 F:
323 2989 431 3034 potes
457 2990 590 3035 reliqui
620 2991 631 3036 ΙΙ
666 2994 707 3025 17
737 2989 790 3024 vis
817 2990 955 3037 dicam]
983 2991 1178 3028 iuridicam
1205 2992 1245 3027 F
1269 2993 1281 3037 ΙΙ
1311 2993 1477 3037 mugaris
1501 2993 1538 3027 R
1569 2994 1580 3039 ΙΙ
1612 3004 1697 3028 cum
1723 2994 1794 3028 tibi

86 3035 189 3072 calve
215 3048 279 3072 om.
308 3037 349 3072 F
382 3039 393 3084 ΙΙ
434 3041 476 3073 18
503 3037 622 3072 cicero
648 3036 687 3071 in
712 3037 869 3072 uerrinis
897 3037 937 3072 F
969 3039 982 3084 ΙΙ
1019 3040 1331 3085 condempnatum
1358 3041 1392 3073 A
1403 3039 1531 3075 SRM
1554 3041 1592 3086 (p
1618 3041 1684 3076 del.
1713 3043 1749 3084 a)
1782 3040 1793 3087 ΙΙ

88 3087 133 3118 20
157 3084 263 3119 schol.
290 3085 339 3120 ad
363 3096 601 3120 PENETRABILE
627 3095 693 3120 om..
720 3084 760 3119 F
775 3086 787 3130 ΙΙ
814 3096 880 3130 pro
907 3086 1092 3130 penetrali
1115 3088 1150 3122 L
1176 3089 1281 3132 (corr.
1309 3088 1334 3132 l)
1371 3098 1439 3132 pro
1466 3087 1690 3133 penetrabili
1716 3088 1760 3122 H
1782 3089 1791 3132 ῥ’

47 3171 49 3173 ¹
86 3130 222 3166 dicitur
247 3143 312 3166 om.
335 3132 369 3166 A
390 3133 401 3179 Η
421 3144 507 3167 nam
535 3161 541 3167 .
565 3160 572 3168 .
594 3160 602 3168 .
629 3131 767 3167 dicitur
792 3143 857 3168 om.
878 3132 967 3167 LH
987 3134 1086 3176 (add.
1108 3136 1134 3178 l)
1155 3135 1166 3181 ΙΙ
1187 3135 1323 3170 dicitur
1348 3145 1414 3171 om.
1435 3135 1471 3170 R
1490 3136 1502 3180 ΙΙ
1521 3139 1565 3170 22
1593 3135 1692 3179 quod
1717 3135 1758 3169 F
1780 3135 1783 3182 ζ

87 3181 132 3212 24
164 3180 220 3213 est
244 3189 309 3215 om.
337 3179 376 3214 F
404 3181 416 3226 ΙΙ
449 3183 494 3215 25
521 3179 553 3215 si
579 3179 715 3216 dixeris
741 3191 806 3216 om.
833 3179 874 3215 F
900 3181 913 3227 ΙΙ
943 3184 987 3217 27
1012 3193 1192 3218 maroam*
1222 3209 1228 3217 .
1252 3211 1258 3218 .
1281 3210 1288 3217 .
1316 3194 1519 3223 anvvmvn
1544 3193 1610 3218 om.
1636 3182 1682 3217 H
1706 3183 1719 3227 ss
1748 3185 1791 3218 ut

85 3225 216 3271 ingens
241 3237 308 3262 om.
334 3226 369 3262 L
396 3227 493 3274 (add.
520 3228 547 3273 Z)
