<?xml version="1.0" encoding="UTF-8"?>
<!DOCTYPE html PUBLIC "-//W3C//DTD XHTML 1.0 Transitional//EN"
    "http://www.w3.org/TR/xhtml1/DTD/xhtml1-transitional.dtd">
<html xmlns="http://www.w3.org/1999/xhtml" xml:lang="en" lang="en">
 <head>
  <title>
</title>
<meta http-equiv="Content-Type" content="text/html;charset=utf-8" />
  <meta name='ocr-system' content='tesseract 3.04.00' />
  <meta name='ocr-capabilities' content='ocr_page ocr_carea ocr_par ocr_line ocrx_word'/>
</head>
<body>
  <div class='ocr_page' id='page_1' title='image "./invergiliicarmin02servuoft_0404.png"; bbox 0 0 2092 3614; ppageno 0'>
   <div class='ocr_carea' id='block_1_1' title="bbox 311 267 1244 310">
    <p class='ocr_par' dir='ltr' id='par_1_1' title="bbox 311 267 1244 310">
     <span class='ocr_line' id='line_1_1' title="bbox 311 267 1244 310; baseline -0.008 0"><span class='ocrx_word' id='word_1_1' title='bbox 311 267 399 310; x_wconf 84' lang='lat'><strong>390</strong></span> <span class='ocrx_word' id='word_1_2' title='bbox 1083 267 1244 305; x_wconf 84' lang='lat' dir='ltr'><strong>SERVII</strong></span> 
     </span>
    </p>
   </div>
   <div class='ocr_carea' id='block_1_2' title="bbox 228 376 2016 1932">
    <p class='ocr_par' dir='ltr' id='par_1_2' title="bbox 308 376 2015 647">
     <span class='ocr_line' id='line_1_2' title="bbox 311 376 2015 434; baseline 0.002 -16"><span class='ocrx_word' id='word_1_3' title='bbox 311 376 430 420; x_wconf 90' lang='lat' dir='ltr'><strong>deos</strong></span> <span class='ocrx_word' id='word_1_4' title='bbox 463 390 709 419; x_wconf 82' lang='lat' dir='ltr'><strong>memores</strong></span> <span class='ocrx_word' id='word_1_5' title='bbox 741 376 886 419; x_wconf 89' lang='lat' dir='ltr'><strong>fandi</strong></span> <span class='ocrx_word' id='word_1_6' title='bbox 918 379 1073 433; x_wconf 88' lang='lat' dir='ltr'><strong>atque</strong></span> <span class='ocrx_word' id='word_1_7' title='bbox 1111 377 1338 434; x_wconf 83' lang='lat' dir='ltr'><strong>nefandi3</strong></span> <span class='ocrx_word' id='word_1_8' title='bbox 1376 392 1474 420; x_wconf 90' lang='lat' dir='ltr'><strong>cum</strong></span> <span class='ocrx_word' id='word_1_9' title='bbox 1506 380 1651 420; x_wconf 90' lang='lat' dir='ltr'><strong>autem</strong></span> <span class='ocrx_word' id='word_1_10' title='bbox 1683 377 1862 421; x_wconf 82' lang='lat' dir='ltr'>dicimus</span> <span class='ocrx_word' id='word_1_11' title='bbox 1894 377 2015 434; x_wconf 75' lang='lat' dir='ltr'><strong>erogo</strong></span> 
     </span>
     <span class='ocr_line' id='line_1_3' title="bbox 308 447 2015 505; baseline 0.001 -15"><span class='ocrx_word' id='word_1_12' title='bbox 308 451 352 490; x_wconf 92' lang='lat' dir='ltr'><strong>te</strong></span> <span class='ocrx_word' id='word_1_13' title='bbox 385 462 463 503; x_wconf 89' lang='lat' dir='ltr'><strong>per</strong></span> <span class='ocrx_word' id='word_1_14' title='bbox 493 448 690 491; x_wconf 79' lang='lat' dir='ltr'><strong>miserias</strong></span> <span class='ocrx_word' id='word_1_15' title='bbox 722 447 877 504; x_wconf 87' lang='lat' dir='ltr'><strong>meas&#39;,</strong></span> <span class='ocrx_word' id='word_1_16' title='bbox 913 449 1109 491; x_wconf 83' lang='lat' dir='ltr'><strong>videmur</strong></span> <span class='ocrx_word' id='word_1_17' title='bbox 1148 448 1308 492; x_wconf 88' lang='lat' dir='ltr'><strong>dicere:</strong></span> <span class='ocrx_word' id='word_1_18' title='bbox 1349 449 1596 491; x_wconf 87' lang='lat' dir='ltr'><strong>memineris</strong></span> <span class='ocrx_word' id='word_1_19' title='bbox 1628 449 1682 491; x_wconf 90' lang='lat' dir='ltr'><strong>ab</strong></span> <span class='ocrx_word' id='word_1_20' title='bbox 1715 463 1765 492; x_wconf 92' lang='lat' dir='ltr'><strong>eo</strong></span> <span class='ocrx_word' id='word_1_21' title='bbox 1796 452 1839 491; x_wconf 91' lang='lat' dir='ltr'><strong>te</strong></span> <span class='ocrx_word' id='word_1_22' title='bbox 1870 449 2015 505; x_wconf 86' lang='lat' dir='ltr'><strong>rogari</strong></span> 
     </span>
     <span class='ocr_line' id='line_1_4' title="bbox 309 519 2015 576; baseline 0.001 -15"><span class='ocrx_word' id='word_1_23' title='bbox 309 519 383 574; x_wconf 90' lang='lat' dir='ltr'><strong>qui</strong></span> <span class='ocrx_word' id='word_1_24' title='bbox 415 519 612 562; x_wconf 82' lang='lat' dir='ltr'><strong>miserias</strong></span> <span class='ocrx_word' id='word_1_25' title='bbox 651 519 847 575; x_wconf 89' lang='lat' dir='ltr'><strong>pertulit,</strong></span> <span class='ocrx_word' id='word_1_26' title='bbox 883 522 932 562; x_wconf 92' lang='lat' dir='ltr'><strong>ut</strong></span> <span class='ocrx_word' id='word_1_27' title='bbox 969 520 1042 575; x_wconf 92' lang='lat' dir='ltr'><strong>qui</strong></span> <span class='ocrx_word' id='word_1_28' title='bbox 1079 522 1259 576; x_wconf 82' lang='lat' dir='ltr'><strong>rogatur</strong></span> <span class='ocrx_word' id='word_1_29' title='bbox 1290 521 1344 562; x_wconf 90' lang='lat' dir='ltr'><strong>ad</strong></span> <span class='ocrx_word' id='word_1_30' title='bbox 1373 519 1714 562; x_wconf 88' lang='lat' dir='ltr'><strong>misericordiam</strong></span> <span class='ocrx_word' id='word_1_31' title='bbox 1745 520 2015 563; x_wconf 88' lang='lat' dir='ltr'><strong>miseriarum</strong></span> 
     </span>
     <span class='ocr_line' id='line_1_5' title="bbox 308 590 2013 647; baseline 0 -14"><span class='ocrx_word' id='word_1_32' title='bbox 308 591 720 634; x_wconf 73' lang='lat' dir='ltr'><strong>commemoratione</strong></span> <span class='ocrx_word' id='word_1_33' title='bbox 751 590 969 647; x_wconf 84' lang='lat' dir='ltr'><strong>flectatur,</strong></span> <span class='ocrx_word' id='word_1_34' title='bbox 1001 591 1114 634; x_wconf 89' lang='lat' dir='ltr'><strong>sicut</strong></span> <span class='ocrx_word' id='word_1_35' title='bbox 1141 594 1207 633; x_wconf 89' lang='lat' dir='ltr'><strong>est</strong></span> <span class='ocrx_word' id='word_1_36' title='bbox 1231 606 1346 634; x_wconf 90' lang='lat' dir='ltr'><strong>nunc</strong></span> <span class='ocrx_word' id='word_1_37' title='bbox 1371 592 1417 633; x_wconf 91' lang='lat' dir='ltr'><strong>in</strong></span> <span class='ocrx_word' id='word_1_38' title='bbox 1442 591 1623 634; x_wconf 91' lang='lat' dir='ltr'><strong>Veneris</strong></span> <span class='ocrx_word' id='word_1_39' title='bbox 1655 591 1882 646; x_wconf 86' lang='lat' dir='ltr'><strong>petitione:</strong></span> <span class='ocrx_word' id='word_1_40' title='bbox 1912 606 2013 634; x_wconf 89' lang='lat' dir='ltr'><strong>nam</strong></span> 
     </span>
    </p>

    <p class='ocr_par' dir='ltr' id='par_1_3' title="bbox 261 661 2016 1001">
     <span class='ocr_line' id='line_1_6' title="bbox 261 661 2015 718; baseline 0 -15"><span class='ocrx_word' id='word_1_41' title='bbox 261 670 282 701; x_wconf 87' lang='lat'>5</span> <span class='ocrx_word' id='word_1_42' title='bbox 307 661 403 704; x_wconf 91' lang='lat' dir='ltr'><strong>ideo</strong></span> <span class='ocrx_word' id='word_1_43' title='bbox 441 662 504 705; x_wconf 87' lang='lat' dir='ltr'><strong>sic</strong></span> <span class='ocrx_word' id='word_1_44' title='bbox 539 664 682 718; x_wconf 86' lang='lat' dir='ltr'><strong>rogat,</strong></span> <span class='ocrx_word' id='word_1_45' title='bbox 723 664 772 705; x_wconf 91' lang='lat' dir='ltr'><strong>ut</strong></span> <span class='ocrx_word' id='word_1_46' title='bbox 809 662 1221 705; x_wconf 88' lang='lat' dir='ltr'><strong>commemoratione</strong></span> <span class='ocrx_word' id='word_1_47' title='bbox 1257 662 1523 705; x_wconf 69' lang='lat' dir='ltr'><strong>infelicitatis</strong></span> <span class='ocrx_word' id='word_1_48' title='bbox 1561 662 1775 705; x_wconf 87' lang='lat' dir='ltr'><strong>Troianae</strong></span> <span class='ocrx_word' id='word_1_49' title='bbox 1811 663 2015 718; x_wconf 81' lang='lat' dir='ltr'><strong>impetret</strong></span> 
     </span>
     <span class='ocr_line' id='line_1_7' title="bbox 307 733 2015 790; baseline 0.001 -15"><span class='ocrx_word' id='word_1_50' title='bbox 307 734 660 777; x_wconf 88' lang='lat' dir='ltr'><strong>misericordiam.</strong></span> <span class='ocrx_word' id='word_1_51' title='bbox 704 734 815 776; x_wconf 87' lang='lat' dir='ltr'><strong>alias</strong></span> <span class='ocrx_word' id='word_1_52' title='bbox 845 734 1027 776; x_wconf 89' lang='lat' dir='ltr'><strong>stultum</strong></span> <span class='ocrx_word' id='word_1_53' title='bbox 1053 736 1120 776; x_wconf 90' lang='lat' dir='ltr'><strong>est</strong></span> <span class='ocrx_word' id='word_1_54' title='bbox 1146 749 1243 776; x_wconf 88' lang='lat' dir='ltr'><strong>cum</strong></span> <span class='ocrx_word' id='word_1_55' title='bbox 1270 734 1495 776; x_wconf 87' lang='lat' dir='ltr'><strong>adiuratur</strong></span> <span class='ocrx_word' id='word_1_56' title='bbox 1519 733 1713 790; x_wconf 88' lang='lat' dir='ltr'><strong>Iuppiter</strong></span> <span class='ocrx_word' id='word_1_57' title='bbox 1743 749 1819 789; x_wconf 90' lang='lat' dir='ltr'><strong>per</strong></span> <span class='ocrx_word' id='word_1_58' title='bbox 1851 734 2015 777; x_wconf 87' lang='lat' dir='ltr'><strong>excidia</strong></span> 
     </span>
     <span class='ocr_line' id='line_1_8' title="bbox 306 805 2013 860; baseline 0.001 -14"><span class='ocrx_word' id='word_1_59' title='bbox 306 805 601 849; x_wconf 83' lang='lat' dir='ltr'><strong>Troianorum.</strong></span> <span class='ocrx_word' id='word_1_60' title='bbox 656 805 882 849; x_wconf 78' lang='lat' dir='ltr'><strong>Sallustius</strong></span> <span class='ocrx_word' id='word_1_61' title='bbox 911 807 959 848; x_wconf 86' lang='lat' dir='ltr'><strong>in</strong></span> <span class='ocrx_word' id='word_1_62' title='bbox 982 806 1123 860; x_wconf 84' lang='lat' dir='ltr'><strong>primo</strong></span> <span class='ocrx_word' id='word_1_63' title='bbox 1145 809 1394 860; x_wconf 84' lang='lat' dir='ltr'><strong>postremo</strong></span> <span class='ocrx_word' id='word_1_64' title='bbox 1425 807 1559 859; x_wconf 83' lang='lat' dir='ltr'><strong>ipsos</strong></span> <span class='ocrx_word' id='word_1_65' title='bbox 1589 807 1784 848; x_wconf 82' lang='lat' dir='ltr'><strong>colonos</strong></span> <span class='ocrx_word' id='word_1_66' title='bbox 1805 820 1896 860; x_wconf 90' lang='lat' dir='ltr'><strong>per</strong></span> <span class='ocrx_word' id='word_1_67' title='bbox 1925 807 2013 848; x_wconf 89' lang='lat' dir='ltr'><strong>mi-</strong></span> 
     </span>
     <span class='ocr_line' id='line_1_9' title="bbox 304 876 2016 931; baseline 0 -12"><span class='ocrx_word' id='word_1_68' title='bbox 304 878 464 920; x_wconf 86' lang='lat' dir='ltr'><strong>serias</strong></span> <span class='ocrx_word' id='word_1_69' title='bbox 494 880 539 919; x_wconf 86' lang='lat' dir='ltr'><strong>et</strong></span> <span class='ocrx_word' id='word_1_70' title='bbox 566 877 762 919; x_wconf 83' lang='lat' dir='ltr'><strong>ineerta</strong></span> <span class='ocrx_word' id='word_1_71' title='bbox 791 876 996 919; x_wconf 87' lang='lat' dir='ltr'><strong>humani</strong></span> <span class='ocrx_word' id='word_1_72' title='bbox 1021 877 1221 931; x_wconf 77' lang='lat' dir='ltr'><strong>yeneris</strong></span> <span class='ocrx_word' id='word_1_73' title='bbox 1251 890 1407 919; x_wconf 85' lang='lat' dir='ltr'><strong>orare.</strong></span> <span class='ocrx_word' id='word_1_74' title='bbox 1457 876 1697 930; x_wconf 72' lang='lat' dir='ltr'><strong>‘fumantia&#39;</strong></span> <span class='ocrx_word' id='word_1_75' title='bbox 1730 881 1867 920; x_wconf 87' lang='lat' dir='ltr'><strong>autem</strong></span> <span class='ocrx_word' id='word_1_76' title='bbox 1898 876 2016 931; x_wconf 72' lang='lat' dir='ltr'><strong>tquae</strong></span> 
     </span>
     <span class='ocr_line' id='line_1_10' title="bbox 301 947 1181 1001; baseline 0 -11"><span class='ocrx_word' id='word_1_77' title='bbox 301 947 604 1000; x_wconf 82' lang='lat' dir='ltr'><strong>fumaverunt’,</strong></span> <span class='ocrx_word' id='word_1_78' title='bbox 635 962 719 991; x_wconf 92' lang='lat' dir='ltr'><strong>non</strong></span> <span class='ocrx_word' id='word_1_79' title='bbox 749 949 859 990; x_wconf 86' lang='lat' dir='ltr'><strong>enim</strong></span> <span class='ocrx_word' id='word_1_80' title='bbox 887 949 1056 1001; x_wconf 88' lang='lat' dir='ltr'><strong>fumant</strong></span> <span class='ocrx_word' id='word_1_81' title='bbox 1083 949 1181 990; x_wconf 83' lang='lat' dir='ltr'><strong>iam.</strong></span> 
     </span>
    </p>

    <p class='ocr_par' dir='ltr' id='par_1_4' title="bbox 235 1019 2014 1290">
     <span class='ocr_line' id='line_1_11' title="bbox 235 1019 2014 1076; baseline 0.001 -16"><span class='ocrx_word' id='word_1_82' title='bbox 235 1028 279 1060; x_wconf 94' lang='lat'><strong>10</strong></span> <span class='ocrx_word' id='word_1_83' title='bbox 422 1020 492 1062; x_wconf 86' lang='lat'><strong>47.</strong></span> <span class='ocrx_word' id='word_1_84' title='bbox 542 1030 819 1062; x_wconf 80' lang='lat' dir='ltr'>INCOLVMEM</span> <span class='ocrx_word' id='word_1_85' title='bbox 845 1030 1083 1062; x_wconf 81' lang='lat' dir='ltr'>ASCANIVM</span> <span class='ocrx_word' id='word_1_86' title='bbox 1108 1019 1205 1062; x_wconf 84' lang='lat' dir='ltr'><strong>ideo</strong></span> <span class='ocrx_word' id='word_1_87' title='bbox 1230 1019 1379 1062; x_wconf 87' lang='lat' dir='ltr'><strong>Venus</strong></span> <span class='ocrx_word' id='word_1_88' title='bbox 1405 1034 1484 1075; x_wconf 89' lang='lat' dir='ltr'><strong>pro</strong></span> <span class='ocrx_word' id='word_1_89' title='bbox 1512 1019 1659 1062; x_wconf 82' lang='lat' dir='ltr'><strong>Aenea</strong></span> <span class='ocrx_word' id='word_1_90' title='bbox 1683 1035 1773 1063; x_wconf 88' lang='lat' dir='ltr'><strong>non</strong></span> <span class='ocrx_word' id='word_1_91' title='bbox 1796 1020 1908 1076; x_wconf 82' lang='lat' dir='ltr'><strong>petit</strong></span> <span class='ocrx_word' id='word_1_92' title='bbox 1931 1020 2014 1063; x_wconf 85' lang='lat' dir='ltr'><strong>hoc</strong></span> 
     </span>
     <span class='ocr_line' id='line_1_12' title="bbox 303 1089 2012 1146; baseline 0.001 -14"><span class='ocrx_word' id='word_1_93' title='bbox 303 1089 416 1144; x_wconf 90' lang='lat' dir='ltr'><strong>loco,</strong></span> <span class='ocrx_word' id='word_1_94' title='bbox 446 1104 534 1132; x_wconf 90' lang='lat' dir='ltr'><strong>non</strong></span> <span class='ocrx_word' id='word_1_95' title='bbox 566 1091 668 1146; x_wconf 87' lang='lat' dir='ltr'><strong>quia</strong></span> <span class='ocrx_word' id='word_1_96' title='bbox 698 1105 777 1146; x_wconf 90' lang='lat' dir='ltr'><strong>pro</strong></span> <span class='ocrx_word' id='word_1_97' title='bbox 803 1105 852 1133; x_wconf 93' lang='lat' dir='ltr'><strong>eo</strong></span> <span class='ocrx_word' id='word_1_98' title='bbox 877 1105 966 1133; x_wconf 90' lang='lat' dir='ltr'><strong>non</strong></span> <span class='ocrx_word' id='word_1_99' title='bbox 994 1092 1210 1145; x_wconf 87' lang='lat' dir='ltr'><strong>movetur,</strong></span> <span class='ocrx_word' id='word_1_100' title='bbox 1242 1091 1315 1133; x_wconf 89' lang='lat' dir='ltr'><strong>sed</strong></span> <span class='ocrx_word' id='word_1_101' title='bbox 1348 1093 1424 1133; x_wconf 89' lang='lat' dir='ltr'><strong>aut</strong></span> <span class='ocrx_word' id='word_1_102' title='bbox 1455 1090 1557 1146; x_wconf 88' lang='lat' dir='ltr'><strong>quia</strong></span> <span class='ocrx_word' id='word_1_103' title='bbox 1589 1091 1672 1133; x_wconf 89' lang='lat' dir='ltr'><strong>scit</strong></span> <span class='ocrx_word' id='word_1_104' title='bbox 1704 1106 1801 1133; x_wconf 90' lang='lat' dir='ltr'><strong>eum</strong></span> <span class='ocrx_word' id='word_1_105' title='bbox 1833 1092 2012 1134; x_wconf 88' lang='lat' dir='ltr'><strong>celerius</strong></span> 
     </span>
     <span class='ocr_line' id='line_1_13' title="bbox 303 1161 2012 1223; baseline 0.001 -20"><span class='ocrx_word' id='word_1_106' title='bbox 303 1175 396 1203; x_wconf 88' lang='lat' dir='ltr'><strong>esse</strong></span> <span class='ocrx_word' id='word_1_107' title='bbox 428 1162 701 1217; x_wconf 88' lang='lat' dir='ltr'><strong>moriturum,</strong></span> <span class='ocrx_word' id='word_1_108' title='bbox 741 1164 816 1205; x_wconf 89' lang='lat' dir='ltr'><strong>aut</strong></span> <span class='ocrx_word' id='word_1_109' title='bbox 853 1163 955 1217; x_wconf 91' lang='lat' dir='ltr'><strong>quia</strong></span> <span class='ocrx_word' id='word_1_110' title='bbox 993 1162 1073 1205; x_wconf 92' lang='lat' dir='ltr'><strong>soli</strong></span> <span class='ocrx_word' id='word_1_111' title='bbox 1107 1161 1292 1204; x_wconf 88' lang='lat' dir='ltr'><strong>Ascanio</strong></span> <span class='ocrx_word' id='word_1_112' title='bbox 1332 1162 1512 1205; x_wconf 88' lang='lat' dir='ltr'><strong>debetur</strong></span> <span class='ocrx_word' id='word_1_113' title='bbox 1549 1162 1797 1223; x_wconf 88' lang='lat' dir='ltr'><strong>imperium,</strong></span> <span class='ocrx_word' id='word_1_114' title='bbox 1838 1165 1888 1205; x_wconf 89' lang='lat' dir='ltr'><strong>ut</strong></span> <span class='ocrx_word' id='word_1_115' title='bbox 1919 1162 2012 1218; x_wconf 84' lang='lat' dir='ltr'><strong>&lt;IV</strong></span> 
     </span>
     <span class='ocr_line' id='line_1_14' title="bbox 302 1232 1846 1290; baseline 0.001 -15"><span class='ocrx_word' id='word_1_116' title='bbox 302 1232 419 1287; x_wconf 81' lang='lat'>275&gt;</span> <span class='ocrx_word' id='word_1_117' title='bbox 452 1233 532 1276; x_wconf 91' lang='lat' dir='ltr'><strong>cui</strong></span> <span class='ocrx_word' id='word_1_118' title='bbox 562 1247 773 1290; x_wconf 84' lang='lat' dir='ltr'><strong>regnum</strong></span> <span class='ocrx_word' id='word_1_119' title='bbox 805 1232 998 1276; x_wconf 89' lang='lat' dir='ltr'><strong>Italiae</strong></span> <span class='ocrx_word' id='word_1_120' title='bbox 1030 1234 1358 1288; x_wconf 88' lang='lat' dir='ltr'><strong>Romanaque</strong></span> <span class='ocrx_word' id='word_1_121' title='bbox 1391 1234 1550 1276; x_wconf 86' lang='lat' dir='ltr'><strong>tellus</strong></span> <span class='ocrx_word' id='word_1_122' title='bbox 1584 1234 1846 1277; x_wconf 85' lang='lat' dir='ltr'><strong>debentur.</strong></span> 
     </span>
    </p>

    <p class='ocr_par' dir='ltr' id='par_1_5' title="bbox 419 1304 2012 1361">
     <span class='ocr_line' id='line_1_15' title="bbox 419 1304 2012 1361; baseline 0.001 -14"><span class='ocrx_word' id='word_1_123' title='bbox 419 1304 490 1347; x_wconf 88' lang='lat'><strong>48.</strong></span> <span class='ocrx_word' id='word_1_124' title='bbox 541 1322 695 1348; x_wconf 77' lang='lat' dir='ltr'><em>AENEAS</em></span> <span class='ocrx_word' id='word_1_125' title='bbox 721 1322 823 1348; x_wconf 63' lang='lat' dir='ltr'><strong>salvs</strong></span> <span class='ocrx_word' id='word_1_126' title='bbox 848 1306 1019 1358; x_wconf 78' lang='lat' dir='ltr'><strong>quidam</strong></span> <span class='ocrx_word' id='word_1_127' title='bbox 1045 1304 1174 1348; x_wconf 78' lang='lat' dir='ltr'><strong>‘sane&#39;</strong></span> <span class='ocrx_word' id='word_1_128' title='bbox 1198 1318 1280 1359; x_wconf 83' lang='lat' dir='ltr'><strong>pro</strong></span> <span class='ocrx_word' id='word_1_129' title='bbox 1304 1305 1421 1347; x_wconf 83' lang='lat' dir='ltr'><strong>valde</strong></span> <span class='ocrx_word' id='word_1_130' title='bbox 1444 1306 1667 1361; x_wconf 79' lang='lat' dir='ltr'><strong>accipiunt,</strong></span> <span class='ocrx_word' id='word_1_131' title='bbox 1698 1309 1746 1348; x_wconf 88' lang='lat' dir='ltr'><strong>ut</strong></span> <span class='ocrx_word' id='word_1_132' title='bbox 1770 1305 1907 1348; x_wconf 80' lang='lat' dir='ltr'><strong>Cicero</strong></span> <span class='ocrx_word' id='word_1_133' title='bbox 1932 1319 2012 1361; x_wconf 87' lang='lat' dir='ltr'><strong>pro</strong></span> 
     </span>
    </p>

    <p class='ocr_par' dir='ltr' id='par_1_6' title="bbox 231 1375 2012 1491">
     <span class='ocr_line' id='line_1_16' title="bbox 231 1375 2012 1431; baseline 0.001 -14"><span class='ocrx_word' id='word_1_134' title='bbox 231 1385 274 1416; x_wconf 84' lang='lat'><strong>15</strong></span> <span class='ocrx_word' id='word_1_135' title='bbox 302 1375 492 1429; x_wconf 74' lang='lat' dir='ltr'><strong>Quinctio</strong></span> <span class='ocrx_word' id='word_1_136' title='bbox 518 1375 614 1431; x_wconf 89' lang='lat'>&lt;111</span> <span class='ocrx_word' id='word_1_137' title='bbox 636 1376 721 1431; x_wconf 87' lang='lat'><strong>11&gt;</strong></span> <span class='ocrx_word' id='word_1_138' title='bbox 746 1389 865 1418; x_wconf 87' lang='lat' dir='ltr'><strong>sane</strong></span> <span class='ocrx_word' id='word_1_139' title='bbox 895 1380 1169 1419; x_wconf 83' lang='lat' dir='ltr'><strong>ceterarum</strong></span> <span class='ocrx_word' id='word_1_140' title='bbox 1199 1390 1364 1419; x_wconf 84' lang='lat' dir='ltr'><strong>rerum</strong></span> <span class='ocrx_word' id='word_1_141' title='bbox 1388 1380 1535 1430; x_wconf 89' lang='lat' dir='ltr'><strong>pater</strong></span> <span class='ocrx_word' id='word_1_142' title='bbox 1563 1376 1795 1429; x_wconf 76' lang='lat' dir='ltr'><strong>familias</strong></span> <span class='ocrx_word' id='word_1_143' title='bbox 1825 1380 1870 1419; x_wconf 83' lang='lat' dir='ltr'><strong>et</strong></span> <span class='ocrx_word' id='word_1_144' title='bbox 1891 1391 2012 1430; x_wconf 88' lang='lat' dir='ltr'><strong>pru-</strong></span> 
     </span>
     <span class='ocr_line' id='line_1_17' title="bbox 299 1448 751 1491; baseline 0 -1"><span class='ocrx_word' id='word_1_145' title='bbox 299 1448 415 1490; x_wconf 81' lang='lat' dir='ltr'><strong>dens</strong></span> <span class='ocrx_word' id='word_1_146' title='bbox 444 1451 489 1490; x_wconf 87' lang='lat' dir='ltr'><strong>et</strong></span> <span class='ocrx_word' id='word_1_147' title='bbox 518 1451 751 1491; x_wconf 86' lang='lat' dir='ltr'><strong>attentus.</strong></span> 
     </span>
    </p>

    <p class='ocr_par' dir='ltr' id='par_1_7' title="bbox 298 1518 2013 1719">
     <span class='ocr_line' id='line_1_18' title="bbox 419 1518 2011 1576; baseline -0.001 -14"><span class='ocrx_word' id='word_1_148' title='bbox 419 1519 488 1562; x_wconf 86' lang='lat'><strong>51.</strong></span> <span class='ocrx_word' id='word_1_149' title='bbox 538 1530 761 1562; x_wconf 78' lang='lat' dir='ltr'>AMATHVS</span> <span class='ocrx_word' id='word_1_150' title='bbox 794 1521 837 1562; x_wconf 88' lang='lat' dir='ltr'><strong>et</strong></span> <span class='ocrx_word' id='word_1_151' title='bbox 867 1531 1049 1563; x_wconf 81' lang='lat' dir='ltr'><strong>PAPHOS</strong></span> <span class='ocrx_word' id='word_1_152' title='bbox 1082 1519 1217 1576; x_wconf 85' lang='lat' dir='ltr'><strong>Cypri</strong></span> <span class='ocrx_word' id='word_1_153' title='bbox 1255 1520 1422 1562; x_wconf 85' lang='lat' dir='ltr'><strong>insulae</strong></span> <span class='ocrx_word' id='word_1_154' title='bbox 1461 1519 1658 1562; x_wconf 87' lang='lat' dir='ltr'><strong>civitates</strong></span> <span class='ocrx_word' id='word_1_155' title='bbox 1698 1522 1815 1574; x_wconf 88' lang='lat' dir='ltr'><strong>sunt,</strong></span> <span class='ocrx_word' id='word_1_156' title='bbox 1852 1518 2011 1562; x_wconf 90' lang='lat' dir='ltr'><strong>Veneri</strong></span> 
     </span>
     <span class='ocr_line' id='line_1_19' title="bbox 299 1590 2013 1656; baseline 0.001 -23"><span class='ocrx_word' id='word_1_157' title='bbox 299 1593 587 1634; x_wconf 89' lang='lat' dir='ltr'><strong>consecratae.</strong></span> <span class='ocrx_word' id='word_1_158' title='bbox 684 1607 758 1633; x_wconf 72' lang='lat' dir='ltr'><strong>Esr</strong></span> <span class='ocrx_word' id='word_1_159' title='bbox 785 1608 974 1634; x_wconf 56' lang='lat' dir='ltr'><strong>amram</strong></span> <span class='ocrx_word' id='word_1_160' title='bbox 1004 1590 1242 1656; x_wconf 49' lang='lat' dir='ltr'><strong>“Amathus&#39;</strong></span> <span class='ocrx_word' id='word_1_161' title='bbox 1275 1592 1326 1634; x_wconf 87' lang='lat' dir='ltr'><strong>ab</strong></span> <span class='ocrx_word' id='word_1_162' title='bbox 1357 1591 1618 1634; x_wconf 75' lang='lat' dir='ltr'><strong>Amathonte.</strong></span> <span class='ocrx_word' id='word_1_163' title='bbox 1723 1608 1840 1634; x_wconf 59' lang='lat' dir='ltr'><strong>emsa</strong></span> <span class='ocrx_word' id='word_1_164' title='bbox 1866 1607 2013 1634; x_wconf 58' lang='lat' dir='ltr'><strong>ramos</strong></span> 
     </span>
     <span class='ocr_line' id='line_1_20' title="bbox 298 1661 2010 1719; baseline 0.001 -15"><span class='ocrx_word' id='word_1_165' title='bbox 298 1663 472 1716; x_wconf 83' lang='lat' dir='ltr'><strong>antiqua</strong></span> <span class='ocrx_word' id='word_1_166' title='bbox 498 1661 683 1718; x_wconf 86' lang='lat' dir='ltr'><strong>Paphos,</strong></span> <span class='ocrx_word' id='word_1_167' title='bbox 713 1676 817 1716; x_wconf 82' lang='lat' dir='ltr'><strong>quae</strong></span> <span class='ocrx_word' id='word_1_168' title='bbox 846 1676 958 1705; x_wconf 84' lang='lat' dir='ltr'><strong>nuno</strong></span> <span class='ocrx_word' id='word_1_169' title='bbox 981 1663 1268 1719; x_wconf 72' lang='lat' dir='ltr'><strong>Palaepaphos</strong></span> <span class='ocrx_word' id='word_1_170' title='bbox 1298 1663 1466 1717; x_wconf 77' lang='lat' dir='ltr'><strong>elicitur,</strong></span> <span class='ocrx_word' id='word_1_171' title='bbox 1497 1664 1544 1705; x_wconf 89' lang='lat' dir='ltr'><strong>in</strong></span> <span class='ocrx_word' id='word_1_172' title='bbox 1574 1663 1723 1705; x_wconf 76' lang='lat' dir='ltr'><strong>excelso</strong></span> <span class='ocrx_word' id='word_1_173' title='bbox 1753 1663 1839 1716; x_wconf 83' lang='lat' dir='ltr'><strong>fuit</strong></span> <span class='ocrx_word' id='word_1_174' title='bbox 1859 1663 2010 1718; x_wconf 82' lang='lat' dir='ltr'><strong>posita,</strong></span> 
     </span>
    </p>

    <p class='ocr_par' dir='ltr' id='par_1_8' title="bbox 228 1733 2011 1789">
     <span class='ocr_line' id='line_1_21' title="bbox 228 1733 2011 1789; baseline 0 -14"><span class='ocrx_word' id='word_1_175' title='bbox 228 1743 274 1775; x_wconf 86' lang='lat'><strong>20</strong></span> <span class='ocrx_word' id='word_1_176' title='bbox 300 1746 350 1775; x_wconf 80' lang='lat' dir='ltr'><strong>ex</strong></span> <span class='ocrx_word' id='word_1_177' title='bbox 379 1747 457 1787; x_wconf 79' lang='lat' dir='ltr'><strong>quo</strong></span> <span class='ocrx_word' id='word_1_178' title='bbox 487 1733 569 1776; x_wconf 85' lang='lat' dir='ltr'><strong>loeo</strong></span> <span class='ocrx_word' id='word_1_179' title='bbox 593 1733 802 1788; x_wconf 78' lang='lat' dir='ltr'><strong>aedificia,</strong></span> <span class='ocrx_word' id='word_1_180' title='bbox 831 1734 1085 1787; x_wconf 85' lang='lat' dir='ltr'><strong>permittente</strong></span> <span class='ocrx_word' id='word_1_181' title='bbox 1107 1748 1229 1789; x_wconf 81' lang='lat' dir='ltr'><strong>paee,</strong></span> <span class='ocrx_word' id='word_1_182' title='bbox 1259 1735 1306 1776; x_wconf 90' lang='lat' dir='ltr'><strong>in</strong></span> <span class='ocrx_word' id='word_1_183' title='bbox 1328 1734 1509 1788; x_wconf 89' lang='lat' dir='ltr'><strong>planum</strong></span> <span class='ocrx_word' id='word_1_184' title='bbox 1536 1734 1668 1777; x_wconf 83' lang='lat' dir='ltr'><strong>litoris</strong></span> <span class='ocrx_word' id='word_1_185' title='bbox 1699 1734 1869 1776; x_wconf 79' lang='lat' dir='ltr'><strong>deducta</strong></span> <span class='ocrx_word' id='word_1_186' title='bbox 1902 1737 2011 1776; x_wconf 89' lang='lat' dir='ltr'><strong>sunt.</strong></span> 
     </span>
    </p>

    <p class='ocr_par' dir='ltr' id='par_1_9' title="bbox 299 1804 2009 1932">
     <span class='ocr_line' id='line_1_22' title="bbox 359 1804 2008 1860; baseline 0 -14"><span class='ocrx_word' id='word_1_187' title='bbox 359 1814 577 1846; x_wconf 82' lang='lat' dir='ltr'><strong>CYTHERA</strong></span> <span class='ocrx_word' id='word_1_188' title='bbox 607 1804 750 1847; x_wconf 91' lang='lat' dir='ltr'><strong>insula</strong></span> <span class='ocrx_word' id='word_1_189' title='bbox 780 1808 840 1847; x_wconf 87' lang='lat' dir='ltr'><strong>est</strong></span> <span class='ocrx_word' id='word_1_190' title='bbox 867 1808 1010 1847; x_wconf 86' lang='lat' dir='ltr'><strong>eontra</strong></span> <span class='ocrx_word' id='word_1_191' title='bbox 1035 1805 1303 1860; x_wconf 76' lang='lat' dir='ltr'><strong>Laconicam,</strong></span> <span class='ocrx_word' id='word_1_192' title='bbox 1328 1804 1489 1848; x_wconf 91' lang='lat' dir='ltr'><strong>Veneri</strong></span> <span class='ocrx_word' id='word_1_193' title='bbox 1515 1807 1778 1848; x_wconf 88' lang='lat' dir='ltr'><strong>consecrata.</strong></span> <span class='ocrx_word' id='word_1_194' title='bbox 1828 1804 2008 1859; x_wconf 81' lang='lat' dir='ltr'><strong>dicimus</strong></span> 
     </span>
     <span class='ocr_line' id='line_1_23' title="bbox 299 1874 2009 1932; baseline 0.001 -15"><span class='ocrx_word' id='word_1_195' title='bbox 299 1877 444 1918; x_wconf 88' lang='lat' dir='ltr'><strong>autem</strong></span> <span class='ocrx_word' id='word_1_196' title='bbox 470 1874 593 1919; x_wconf 76' lang='lat' dir='ltr'><strong>‘haec</strong></span> <span class='ocrx_word' id='word_1_197' title='bbox 613 1875 831 1932; x_wconf 83' lang='lat' dir='ltr'><strong>Gythera&#39;,</strong></span> <span class='ocrx_word' id='word_1_198' title='bbox 851 1876 963 1919; x_wconf 93' lang='lat' dir='ltr'><strong>sicut</strong></span> <span class='ocrx_word' id='word_1_199' title='bbox 987 1876 1095 1919; x_wconf 91' lang='lat' dir='ltr'><strong>haec</strong></span> <span class='ocrx_word' id='word_1_200' title='bbox 1115 1875 1305 1932; x_wconf 84' lang='lat' dir='ltr'><strong>Solyma,</strong></span> <span class='ocrx_word' id='word_1_201' title='bbox 1331 1876 1437 1918; x_wconf 86' lang='lat' dir='ltr'><strong>haec</strong></span> <span class='ocrx_word' id='word_1_202' title='bbox 1457 1878 1687 1932; x_wconf 79' lang='lat' dir='ltr'><strong>Artaxata,</strong></span> <span class='ocrx_word' id='word_1_203' title='bbox 1706 1876 1803 1918; x_wconf 88' lang='lat' dir='ltr'><strong>haee</strong></span> <span class='ocrx_word' id='word_1_204' title='bbox 1821 1876 2009 1931; x_wconf 74' lang='lat' dir='ltr'><strong>Meyara.</strong></span> 
     </span>
    </p>
   </div>
   <div class='ocr_carea' id='block_1_3' title="bbox 300 1972 577 1979">
    <p class='ocr_par' dir='ltr' id='par_1_10' title="bbox 300 1972 577 1979">
     <span class='ocr_line' id='line_1_24' title="bbox 300 1972 577 1979; baseline 0 1635"><span class='ocrx_word' id='word_1_205' title='bbox 300 1972 577 1979; x_wconf 95' lang='lat' dir='ltr'><strong> </strong></span> 
     </span>
    </p>
   </div>
   <div class='ocr_carea' id='block_1_4' title="bbox 297 2017 2008 2158">
    <p class='ocr_par' dir='ltr' id='par_1_11' title="bbox 297 2017 2008 2158">
     <span class='ocr_line' id='line_1_25' title="bbox 395 2017 2007 2064; baseline 0.001 -12"><span class='ocrx_word' id='word_1_206' title='bbox 395 2021 412 2052; x_wconf 94' lang='lat'><strong>1</strong></span> <span class='ocrx_word' id='word_1_207' title='bbox 447 2028 532 2052; x_wconf 89' lang='lat' dir='ltr'><strong>cum</strong></span> <span class='ocrx_word' id='word_1_208' title='bbox 563 2018 690 2053; x_wconf 88' lang='lat' dir='ltr'><strong>autem</strong></span> <span class='ocrx_word' id='word_1_209' title='bbox 721 2017 880 2054; x_wconf 88' lang='lat' dir='ltr'><strong>dicimus</strong></span> <span class='ocrx_word' id='word_1_210' title='bbox 909 2046 916 2054; x_wconf 89' lang='lat'><strong>.</strong></span> <span class='ocrx_word' id='word_1_211' title='bbox 943 2045 951 2052; x_wconf 95' lang='lat'><strong><em>.</em></strong></span> <span class='ocrx_word' id='word_1_212' title='bbox 979 2045 987 2054; x_wconf 91' lang='lat'><strong><em>.</em></strong></span> <span class='ocrx_word' id='word_1_213' title='bbox 1013 2017 1199 2063; x_wconf 85' lang='lat' dir='ltr'><strong>flectatur]</strong></span> <span class='ocrx_word' id='word_1_214' title='bbox 1232 2017 1277 2053; x_wconf 85' lang='lat' dir='ltr'><strong>cf.</strong></span> <span class='ocrx_word' id='word_1_215' title='bbox 1304 2018 1399 2053; x_wconf 91' lang='lat' dir='ltr'><strong>Don.</strong></span> <span class='ocrx_word' id='word_1_216' title='bbox 1426 2017 1475 2053; x_wconf 89' lang='lat' dir='ltr'><strong>ad</strong></span> <span class='ocrx_word' id='word_1_217' title='bbox 1500 2017 1581 2054; x_wconf 84' lang='lat' dir='ltr'><strong>Ter.</strong></span> <span class='ocrx_word' id='word_1_218' title='bbox 1608 2017 1697 2053; x_wconf 86' lang='lat' dir='ltr'><strong>Hec.</strong></span> <span class='ocrx_word' id='word_1_219' title='bbox 1724 2017 1776 2052; x_wconf 94' lang='lat' dir='ltr'><strong>III</strong></span> <span class='ocrx_word' id='word_1_220' title='bbox 1801 2021 1834 2062; x_wconf 85' lang='lat'><strong>3,</strong></span> <span class='ocrx_word' id='word_1_221' title='bbox 1862 2021 1906 2052; x_wconf 82' lang='lat'><strong>27</strong></span> <span class='ocrx_word' id='word_1_222' title='bbox 1938 2018 1950 2064; x_wconf 82' lang='lat' dir='ltr'>ss</span> <span class='ocrx_word' id='word_1_223' title='bbox 1988 2021 2007 2053; x_wconf 82' lang='lat'><strong>7</strong></span> 
     </span>
     <span class='ocr_line' id='line_1_26' title="bbox 297 2063 2008 2158; baseline 0 -59"><span class='ocrx_word' id='word_1_224' title='bbox 297 2063 564 2147; x_wconf 41' lang='lat' dir='ltr'><strong>{zffuffzffr.i{</strong></span> <span class='ocrx_word' id='word_1_225' title='bbox 587 2065 724 2158; x_wconf 52' lang='lat' dir='ltr'><strong>prigilo]</strong></span> <span class='ocrx_word' id='word_1_226' title='bbox 753 2070 796 2101; x_wconf 89' lang='lat'><strong>19</strong></span> <span class='ocrx_word' id='word_1_227' title='bbox 816 2065 994 2111; x_wconf 68' lang='lat' dir='ltr'><strong>Dietsch„</strong></span> <span class='ocrx_word' id='word_1_228' title='bbox 1014 2069 1057 2101; x_wconf 81' lang='lat'><strong>21</strong></span> <span class='ocrx_word' id='word_1_229' title='bbox 1078 2065 1143 2101; x_wconf 90' lang='lat' dir='ltr'><strong>Kr.</strong></span> <span class='ocrx_word' id='word_1_230' title='bbox 1163 2066 1175 2112; x_wconf 86' lang='grc' dir='ltr'><strong>ΙΙ</strong></span> <span class='ocrx_word' id='word_1_231' title='bbox 1197 2069 1240 2100; x_wconf 89' lang='grc'><strong>14</strong></span> <span class='ocrx_word' id='word_1_232' title='bbox 1266 2065 1419 2111; x_wconf 91' lang='lat' dir='ltr'><strong>quidam</strong></span> <span class='ocrx_word' id='word_1_233' title='bbox 1446 2094 1452 2101; x_wconf 97' lang='lat'>.</span> <span class='ocrx_word' id='word_1_234' title='bbox 1475 2094 1482 2101; x_wconf 94' lang='lat'><em>.</em></span> <span class='ocrx_word' id='word_1_235' title='bbox 1505 2092 1512 2099; x_wconf 96' lang='lat'>.</span> <span class='ocrx_word' id='word_1_236' title='bbox 1540 2064 1745 2111; x_wconf 87' lang='lat' dir='ltr'><strong>accipiunt]</strong></span> <span class='ocrx_word' id='word_1_237' title='bbox 1773 2064 1817 2101; x_wconf 86' lang='lat' dir='ltr'><strong>cf.</strong></span> <span class='ocrx_word' id='word_1_238' title='bbox 1838 2064 1932 2101; x_wconf 90' lang='lat' dir='ltr'><strong>Don.</strong></span> <span class='ocrx_word' id='word_1_239' title='bbox 1960 2065 2008 2100; x_wconf 88' lang='lat' dir='ltr'><strong>ad</strong></span> 
     </span>
    </p>
   </div>
   <div class='ocr_carea' id='block_1_5' title="bbox 298 2196 583 2205">
    <p class='ocr_par' dir='ltr' id='par_1_12' title="bbox 298 2196 583 2205">
     <span class='ocr_line' id='line_1_27' title="bbox 298 2196 583 2205; baseline 0 0"><span class='ocrx_word' id='word_1_240' title='bbox 298 2196 583 2205; x_wconf 95' lang='lat' dir='ltr'><strong> </strong></span> 
     </span>
    </p>
   </div>
   <div class='ocr_carea' id='block_1_6' title="bbox 286 2241 2026 3285">
    <p class='ocr_par' dir='ltr' id='par_1_13' title="bbox 286 2241 2026 3285">
     <span class='ocr_line' id='line_1_28' title="bbox 392 2241 2026 2289; baseline -0.001 -11"><span class='ocrx_word' id='word_1_241' title='bbox 392 2247 412 2278; x_wconf 83' lang='lat'>2</span> <span class='ocrx_word' id='word_1_242' title='bbox 440 2242 715 2279; x_wconf 83' lang='lat' dir='ltr'><strong>misericordias</strong></span> <span class='ocrx_word' id='word_1_243' title='bbox 739 2243 825 2278; x_wconf 87' lang='lat' dir='ltr'><strong>LF</strong></span> <span class='ocrx_word' id='word_1_244' title='bbox 846 2244 954 2288; x_wconf 83' lang='lat' dir='ltr'><strong>(corr.</strong></span> <span class='ocrx_word' id='word_1_245' title='bbox 981 2244 1006 2289; x_wconf 94' lang='lat' dir='ltr'><strong>l)</strong></span> <span class='ocrx_word' id='word_1_246' title='bbox 1026 2244 1078 2288; x_wconf 79' lang='grc'><strong>113</strong></span> <span class='ocrx_word' id='word_1_247' title='bbox 1105 2242 1153 2278; x_wconf 91' lang='lat' dir='ltr'><strong>ad</strong></span> <span class='ocrx_word' id='word_1_248' title='bbox 1178 2241 1410 2279; x_wconf 84' lang='lat' dir='ltr'><strong>miseridiam</strong></span> <span class='ocrx_word' id='word_1_249' title='bbox 1435 2243 1515 2288; x_wconf 80' lang='lat' dir='ltr'><strong>(sic)</strong></span> <span class='ocrx_word' id='word_1_250' title='bbox 1541 2242 1607 2287; x_wconf 87' lang='lat' dir='ltr'><strong>qui</strong></span> <span class='ocrx_word' id='word_1_251' title='bbox 1631 2243 1787 2287; x_wconf 84' lang='lat' dir='ltr'><strong>rogatur</strong></span> <span class='ocrx_word' id='word_1_252' title='bbox 1812 2242 1853 2277; x_wconf 94' lang='lat' dir='ltr'><strong><em>F</em></strong></span> <span class='ocrx_word' id='word_1_253' title='bbox 1867 2243 1880 2287; x_wconf 83' lang='grc' dir='ltr'><strong>ΙΙ</strong></span> <span class='ocrx_word' id='word_1_254' title='bbox 1897 2246 1920 2277; x_wconf 82' lang='lat'>4</span> <span class='ocrx_word' id='word_1_255' title='bbox 1944 2242 2026 2277; x_wconf 74' lang='lat' dir='ltr'><strong>fle·-</strong></span> 
     </span>
     <span class='ocr_line' id='line_1_29' title="bbox 297 2289 2008 2336; baseline -0.001 -10"><span class='ocrx_word' id='word_1_256' title='bbox 297 2291 421 2326; x_wconf 84' lang='lat' dir='ltr'><strong>ctatur</strong></span> <span class='ocrx_word' id='word_1_257' title='bbox 447 2318 455 2326; x_wconf 90' lang='lat'><strong>.</strong></span> <span class='ocrx_word' id='word_1_258' title='bbox 478 2320 485 2326; x_wconf 96' lang='lat'>.</span> <span class='ocrx_word' id='word_1_259' title='bbox 507 2319 515 2326; x_wconf 88' lang='lat'><em>.</em></span> <span class='ocrx_word' id='word_1_260' title='bbox 541 2292 584 2326; x_wconf 91' lang='lat' dir='ltr'><strong>ut</strong></span> <span class='ocrx_word' id='word_1_261' title='bbox 609 2290 965 2327; x_wconf 85' lang='lat' dir='ltr'><strong>commemoratione</strong></span> <span class='ocrx_word' id='word_1_262' title='bbox 997 2302 1062 2326; x_wconf 91' lang='lat' dir='ltr'><strong>om.</strong></span> <span class='ocrx_word' id='word_1_263' title='bbox 1093 2291 1141 2325; x_wconf 91' lang='lat' dir='ltr'><em>M</em></span> <span class='ocrx_word' id='word_1_264' title='bbox 1176 2292 1187 2336; x_wconf 76' lang='grc' dir='ltr'><strong>ΙΙ</strong></span> <span class='ocrx_word' id='word_1_265' title='bbox 1225 2294 1246 2325; x_wconf 87' lang='grc'><strong>6</strong></span> <span class='ocrx_word' id='word_1_266' title='bbox 1271 2289 1609 2326; x_wconf 85' lang='lat' dir='ltr'><strong>misericordiarum</strong></span> <span class='ocrx_word' id='word_1_267' title='bbox 1634 2290 1671 2324; x_wconf 84' lang='lat' dir='ltr'><em>R</em></span> <span class='ocrx_word' id='word_1_268' title='bbox 1708 2290 1896 2325; x_wconf 85' lang='lat' dir='ltr'><strong>miseriam</strong></span> <span class='ocrx_word' id='word_1_269' title='bbox 1924 2290 1973 2324; x_wconf 88' lang='lat' dir='ltr'><em>M</em></span> <span class='ocrx_word' id='word_1_270' title='bbox 1996 2289 2008 2336; x_wconf 81' lang='grc' dir='ltr'>Η</span> 
     </span>
     <span class='ocr_line' id='line_1_30' title="bbox 297 2337 2006 2384; baseline -0.001 -11"><span class='ocrx_word' id='word_1_271' title='bbox 297 2337 390 2374; x_wconf 86' lang='lat' dir='ltr'><strong>alias</strong></span> <span class='ocrx_word' id='word_1_272' title='bbox 417 2367 425 2374; x_wconf 92' lang='lat'><strong><em>.</em></strong></span> <span class='ocrx_word' id='word_1_273' title='bbox 446 2365 454 2374; x_wconf 90' lang='lat'>.</span> <span class='ocrx_word' id='word_1_274' title='bbox 477 2366 485 2373; x_wconf 90' lang='lat'><strong>.</strong></span> <span class='ocrx_word' id='word_1_275' title='bbox 513 2338 760 2374; x_wconf 85' lang='lat' dir='ltr'><strong>Troianorum</strong></span> <span class='ocrx_word' id='word_1_276' title='bbox 786 2350 851 2374; x_wconf 91' lang='lat' dir='ltr'><strong>om.</strong></span> <span class='ocrx_word' id='word_1_277' title='bbox 872 2338 909 2374; x_wconf 80' lang='lat' dir='ltr'><em>R</em></span> <span class='ocrx_word' id='word_1_278' title='bbox 927 2340 940 2384; x_wconf 77' lang='grc' dir='ltr'><strong>ΙΙ</strong></span> <span class='ocrx_word' id='word_1_279' title='bbox 960 2343 979 2374; x_wconf 82' lang='grc'><strong>7</strong></span> <span class='ocrx_word' id='word_1_280' title='bbox 1007 2337 1183 2373; x_wconf 83' lang='lat' dir='ltr'><strong>salustius</strong></span> <span class='ocrx_word' id='word_1_281' title='bbox 1205 2338 1239 2373; x_wconf 76' lang='lat' dir='ltr'><strong><em>G</em></strong></span> <span class='ocrx_word' id='word_1_282' title='bbox 1257 2339 1269 2384; x_wconf 83' lang='grc' dir='ltr'><strong>ΙΙ</strong></span> <span class='ocrx_word' id='word_1_283' title='bbox 1288 2338 1439 2374; x_wconf 90' lang='lat' dir='ltr'><strong>colunos</strong></span> <span class='ocrx_word' id='word_1_284' title='bbox 1460 2337 1501 2373; x_wconf 93' lang='lat' dir='ltr'><strong><em>F</em></strong></span> <span class='ocrx_word' id='word_1_285' title='bbox 1515 2340 1527 2383; x_wconf 81' lang='grc' dir='ltr'><strong>ΙΙ</strong></span> <span class='ocrx_word' id='word_1_286' title='bbox 1556 2342 1576 2372; x_wconf 91' lang='grc'>8</span> <span class='ocrx_word' id='word_1_287' title='bbox 1603 2338 1653 2373; x_wconf 84' lang='lat' dir='ltr'><strong>acl</strong></span> <span class='ocrx_word' id='word_1_288' title='bbox 1671 2348 1847 2372; x_wconf 70' lang='lat' dir='ltr'><strong>FVMANrm</strong></span> <span class='ocrx_word' id='word_1_289' title='bbox 1869 2351 1901 2372; x_wconf 74' lang='lat' dir='ltr'><strong>r.</strong></span> <span class='ocrx_word' id='word_1_290' title='bbox 1925 2348 1952 2372; x_wconf 87' lang='lat' dir='ltr'><strong>s.</strong></span> <span class='ocrx_word' id='word_1_291' title='bbox 1973 2348 2006 2373; x_wconf 82' lang='lat' dir='ltr'><strong>v.</strong></span> 
     </span>
     <span class='ocr_line' id='line_1_31' title="bbox 296 2384 2006 2432; baseline -0.001 -11"><span class='ocrx_word' id='word_1_292' title='bbox 296 2397 371 2421; x_wconf 91' lang='lat' dir='ltr'><strong>non</strong></span> <span class='ocrx_word' id='word_1_293' title='bbox 396 2397 436 2422; x_wconf 88' lang='lat' dir='ltr'><strong>re</strong></span> <span class='ocrx_word' id='word_1_294' title='bbox 462 2397 552 2421; x_wconf 88' lang='lat' dir='ltr'><strong>uera</strong></span> <span class='ocrx_word' id='word_1_295' title='bbox 576 2386 764 2422; x_wconf 85' lang='lat' dir='ltr'><strong>fumantia</strong></span> <span class='ocrx_word' id='word_1_296' title='bbox 789 2386 853 2422; x_wconf 88' lang='lat' dir='ltr'><strong>sed</strong></span> <span class='ocrx_word' id='word_1_297' title='bbox 878 2397 974 2432; x_wconf 89' lang='lat' dir='ltr'><strong>quae</strong></span> <span class='ocrx_word' id='word_1_298' title='bbox 999 2386 1238 2421; x_wconf 84' lang='lat' dir='ltr'><strong>fumauerunt</strong></span> <span class='ocrx_word' id='word_1_299' title='bbox 1265 2386 1326 2432; x_wconf 73' lang='grc' dir='ltr'><strong>ΤΗ</strong></span> <span class='ocrx_word' id='word_1_300' title='bbox 1357 2390 1378 2420; x_wconf 89' lang='grc'><strong>9</strong></span> <span class='ocrx_word' id='word_1_301' title='bbox 1404 2385 1553 2420; x_wconf 88' lang='lat' dir='ltr'><strong>fumant</strong></span> <span class='ocrx_word' id='word_1_302' title='bbox 1571 2385 1646 2420; x_wconf 88' lang='lat' dir='ltr'><strong>iam</strong></span> <span class='ocrx_word' id='word_1_303' title='bbox 1668 2385 1924 2421; x_wconf 79' lang='lat' dir='ltr'><strong>Commelinus=</strong></span> <span class='ocrx_word' id='word_1_304' title='bbox 1950 2384 2006 2419; x_wconf 88' lang='lat' dir='ltr'><strong>fn-</strong></span> 
     </span>
     <span class='ocr_line' id='line_1_32' title="bbox 295 2432 2006 2479; baseline 0 -11"><span class='ocrx_word' id='word_1_305' title='bbox 295 2433 439 2469; x_wconf 85' lang='lat' dir='ltr'><strong>mantia</strong></span> <span class='ocrx_word' id='word_1_306' title='bbox 465 2433 506 2468; x_wconf 98' lang='lat' dir='ltr'><strong><em>F</em></strong></span> <span class='ocrx_word' id='word_1_307' title='bbox 538 2445 637 2470; x_wconf 87' lang='lat' dir='ltr'><strong>nunc</strong></span> <span class='ocrx_word' id='word_1_308' title='bbox 661 2433 808 2469; x_wconf 84' lang='lat' dir='ltr'><strong>fumant</strong></span> <span class='ocrx_word' id='word_1_309' title='bbox 834 2434 1042 2469; x_wconf 88' lang='lat' dir='ltr'><strong>Masvicius</strong></span> <span class='ocrx_word' id='word_1_310' title='bbox 1060 2434 1072 2479; x_wconf 75' lang='grc' dir='ltr'><strong>ΙΙ</strong></span> <span class='ocrx_word' id='word_1_311' title='bbox 1100 2437 1143 2468; x_wconf 92' lang='grc'><strong>10</strong></span> <span class='ocrx_word' id='word_1_312' title='bbox 1169 2444 1375 2467; x_wconf 70' lang='lat' dir='ltr'><strong>mcononuu</strong></span> <span class='ocrx_word' id='word_1_313' title='bbox 1399 2432 1531 2468; x_wconf 86' lang='lat' dir='ltr'><strong>ASM</strong></span> <span class='ocrx_word' id='word_1_314' title='bbox 1547 2433 1559 2477; x_wconf 84' lang='grc' dir='ltr'><strong>ΙΙ</strong></span> <span class='ocrx_word' id='word_1_315' title='bbox 1584 2432 1668 2468; x_wconf 89' lang='lat' dir='ltr'><strong>ideo</strong></span> <span class='ocrx_word' id='word_1_316' title='bbox 1695 2433 1820 2468; x_wconf 88' lang='lat' dir='ltr'><strong>Venus</strong></span> <span class='ocrx_word' id='word_1_317' title='bbox 1848 2459 1855 2466; x_wconf 94' lang='lat'>.</span> <span class='ocrx_word' id='word_1_318' title='bbox 1878 2459 1886 2467; x_wconf 89' lang='lat'><em>.</em></span> <span class='ocrx_word' id='word_1_319' title='bbox 1907 2460 1915 2468; x_wconf 93' lang='lat'><strong>.</strong></span> <span class='ocrx_word' id='word_1_320' title='bbox 1943 2432 2006 2468; x_wconf 89' lang='lat' dir='ltr'><strong>de-</strong></span> 
     </span>
     <span class='ocr_line' id='line_1_33' title="bbox 295 2478 2005 2527; baseline -0.001 -11"><span class='ocrx_word' id='word_1_321' title='bbox 295 2481 446 2527; x_wconf 87' lang='lat' dir='ltr'><strong>bentur]</strong></span> <span class='ocrx_word' id='word_1_322' title='bbox 474 2481 545 2517; x_wconf 90' lang='lat' dir='ltr'><strong>scit</strong></span> <span class='ocrx_word' id='word_1_323' title='bbox 569 2482 698 2517; x_wconf 88' lang='lat' dir='ltr'><strong>autem</strong></span> <span class='ocrx_word' id='word_1_324' title='bbox 722 2481 762 2516; x_wconf 88' lang='lat' dir='ltr'><strong>in</strong></span> <span class='ocrx_word' id='word_1_325' title='bbox 786 2480 936 2517; x_wconf 86' lang='lat' dir='ltr'><strong>ascanio</strong></span> <span class='ocrx_word' id='word_1_326' title='bbox 963 2491 1043 2516; x_wconf 85' lang='lat' dir='ltr'><strong>esse</strong></span> <span class='ocrx_word' id='word_1_327' title='bbox 1073 2491 1256 2515; x_wconf 85' lang='lat' dir='ltr'><strong>summam</strong></span> <span class='ocrx_word' id='word_1_328' title='bbox 1289 2491 1413 2515; x_wconf 88' lang='lat' dir='ltr'><strong>rerum</strong></span> <span class='ocrx_word' id='word_1_329' title='bbox 1443 2482 1485 2515; x_wconf 85' lang='lat' dir='ltr'><strong>ut</strong></span> <span class='ocrx_word' id='word_1_330' title='bbox 1516 2479 1575 2515; x_wconf 90' lang='lat' dir='ltr'><strong>cui</strong></span> <span class='ocrx_word' id='word_1_331' title='bbox 1606 2491 1763 2525; x_wconf 84' lang='lat' dir='ltr'><strong>regnum</strong></span> <span class='ocrx_word' id='word_1_332' title='bbox 1794 2478 1922 2516; x_wconf 84' lang='lat' dir='ltr'><strong>italiae</strong></span> <span class='ocrx_word' id='word_1_333' title='bbox 1948 2491 2005 2515; x_wconf 87' lang='lat' dir='ltr'><strong>ro-</strong></span> 
     </span>
     <span class='ocr_line' id='line_1_34' title="bbox 295 2526 2007 2573; baseline 0 -11"><span class='ocrx_word' id='word_1_334' title='bbox 295 2539 441 2572; x_wconf 83' lang='lat' dir='ltr'><strong>manaq.</strong></span> <span class='ocrx_word' id='word_1_335' title='bbox 468 2532 495 2563; x_wconf 86' lang='lat' dir='ltr'><strong>t.</strong></span> <span class='ocrx_word' id='word_1_336' title='bbox 522 2529 556 2564; x_wconf 90' lang='lat' dir='ltr'><strong>d.</strong></span> <span class='ocrx_word' id='word_1_337' title='bbox 583 2527 669 2564; x_wconf 89' lang='lat' dir='ltr'><strong>ideo</strong></span> <span class='ocrx_word' id='word_1_338' title='bbox 696 2530 754 2563; x_wconf 87' lang='lat' dir='ltr'><strong>est</strong></span> <span class='ocrx_word' id='word_1_339' title='bbox 778 2540 845 2573; x_wconf 85' lang='lat' dir='ltr'><strong>pro</strong></span> <span class='ocrx_word' id='word_1_340' title='bbox 871 2539 915 2563; x_wconf 89' lang='lat' dir='ltr'><strong>eo</strong></span> <span class='ocrx_word' id='word_1_341' title='bbox 941 2526 1105 2563; x_wconf 87' lang='lat' dir='ltr'><strong>sollicita</strong></span> <span class='ocrx_word' id='word_1_342' title='bbox 1129 2538 1204 2562; x_wconf 88' lang='lat' dir='ltr'><strong>non</strong></span> <span class='ocrx_word' id='word_1_343' title='bbox 1229 2527 1317 2572; x_wconf 84' lang='lat' dir='ltr'><strong>quia</strong></span> <span class='ocrx_word' id='word_1_344' title='bbox 1342 2538 1409 2572; x_wconf 92' lang='lat' dir='ltr'><strong>pro</strong></span> <span class='ocrx_word' id='word_1_345' title='bbox 1435 2526 1512 2562; x_wconf 92' lang='lat' dir='ltr'><strong>filio</strong></span> <span class='ocrx_word' id='word_1_346' title='bbox 1537 2539 1613 2563; x_wconf 90' lang='lat' dir='ltr'><strong>non</strong></span> <span class='ocrx_word' id='word_1_347' title='bbox 1638 2530 1810 2563; x_wconf 86' lang='lat' dir='ltr'><strong>mouetur</strong></span> <span class='ocrx_word' id='word_1_348' title='bbox 1835 2527 1888 2562; x_wconf 92' lang='lat' dir='ltr'><strong>F:</strong></span> <span class='ocrx_word' id='word_1_349' title='bbox 1915 2538 2007 2572; x_wconf 80' lang='lat' dir='ltr'><strong>quae</strong></span> 
     </span>
     <span class='ocr_line' id='line_1_35' title="bbox 297 2574 2007 2620; baseline -0.001 -9"><span class='ocrx_word' id='word_1_350' title='bbox 297 2576 507 2611; x_wconf 75' lang='lat' dir='ltr'><strong>Masvicius</strong></span> <span class='ocrx_word' id='word_1_351' title='bbox 530 2576 587 2611; x_wconf 87' lang='lat' dir='ltr'><strong>ita</strong></span> <span class='ocrx_word' id='word_1_352' title='bbox 611 2586 692 2611; x_wconf 85' lang='lat' dir='ltr'><strong>cum</strong></span> <span class='ocrx_word' id='word_1_353' title='bbox 718 2575 909 2610; x_wconf 81' lang='lat' dir='ltr'><strong>Servianis</strong></span> <span class='ocrx_word' id='word_1_354' title='bbox 933 2575 1143 2618; x_wconf 79' lang='lat' dir='ltr'><strong>coniunxit,</strong></span> <span class='ocrx_word' id='word_1_355' title='bbox 1173 2577 1216 2610; x_wconf 85' lang='lat' dir='ltr'><strong>ut</strong></span> <span class='ocrx_word' id='word_1_356' title='bbox 1247 2575 1286 2610; x_wconf 88' lang='lat' dir='ltr'><strong>et</strong></span> <span class='ocrx_word' id='word_1_357' title='bbox 1317 2585 1462 2610; x_wconf 89' lang='lat' dir='ltr'><strong>summa</strong></span> <span class='ocrx_word' id='word_1_358' title='bbox 1492 2585 1615 2610; x_wconf 90' lang='lat' dir='ltr'><strong>rerum</strong></span> <span class='ocrx_word' id='word_1_359' title='bbox 1640 2579 1726 2620; x_wconf 85' lang='lat' dir='ltr'><strong>post</strong></span> <span class='ocrx_word' id='word_1_360' title='bbox 1750 2574 1949 2619; x_wconf 85' lang='lat' dir='ltr'><strong>imperium</strong></span> <span class='ocrx_word' id='word_1_361' title='bbox 1973 2578 2007 2610; x_wconf 82' lang='lat' dir='ltr'><strong>et</strong></span> 
     </span>
     <span class='ocr_line' id='line_1_36' title="bbox 294 2622 2006 2668; baseline 0 -10"><span class='ocrx_word' id='word_1_362' title='bbox 294 2622 379 2659; x_wconf 90' lang='lat' dir='ltr'><strong>ideo</strong></span> <span class='ocrx_word' id='word_1_363' title='bbox 407 2624 464 2658; x_wconf 85' lang='lat' dir='ltr'><strong>est</strong></span> <span class='ocrx_word' id='word_1_364' title='bbox 483 2651 490 2657; x_wconf 97' lang='lat'>.</span> <span class='ocrx_word' id='word_1_365' title='bbox 507 2650 514 2657; x_wconf 92' lang='lat'>.</span> <span class='ocrx_word' id='word_1_366' title='bbox 531 2649 539 2658; x_wconf 93' lang='lat'>.</span> <span class='ocrx_word' id='word_1_367' title='bbox 559 2623 731 2658; x_wconf 87' lang='lat' dir='ltr'><strong>movetur</strong></span> <span class='ocrx_word' id='word_1_368' title='bbox 749 2626 834 2667; x_wconf 83' lang='lat' dir='ltr'><strong>post</strong></span> <span class='ocrx_word' id='word_1_369' title='bbox 859 2622 1042 2657; x_wconf 87' lang='lat' dir='ltr'><strong>debentur</strong></span> <span class='ocrx_word' id='word_1_370' title='bbox 1065 2622 1249 2657; x_wconf 84' lang='lat' dir='ltr'><strong>insereret.</strong></span> <span class='ocrx_word' id='word_1_371' title='bbox 1268 2623 1281 2667; x_wconf 92' lang='grc' dir='ltr'><strong>ΙΙ</strong></span> <span class='ocrx_word' id='word_1_372' title='bbox 1304 2634 1380 2657; x_wconf 92' lang='lat' dir='ltr'><strong>non</strong></span> <span class='ocrx_word' id='word_1_373' title='bbox 1404 2622 1503 2667; x_wconf 88' lang='lat' dir='ltr'><strong>petit</strong></span> <span class='ocrx_word' id='word_1_374' title='bbox 1526 2633 1594 2668; x_wconf 87' lang='lat' dir='ltr'><strong>pro</strong></span> <span class='ocrx_word' id='word_1_375' title='bbox 1618 2633 1735 2658; x_wconf 89' lang='lat' dir='ltr'><strong>aenea</strong></span> <span class='ocrx_word' id='word_1_376' title='bbox 1755 2623 1802 2657; x_wconf 89' lang='lat' dir='ltr'><em>M</em></span> <span class='ocrx_word' id='word_1_377' title='bbox 1820 2623 1832 2668; x_wconf 81' lang='grc' dir='ltr'><strong>ΙΙ</strong></span> <span class='ocrx_word' id='word_1_378' title='bbox 1859 2626 1901 2656; x_wconf 92' lang='grc'><strong>11</strong></span> <span class='ocrx_word' id='word_1_379' title='bbox 1927 2632 2006 2658; x_wconf 91' lang='lat' dir='ltr'><strong>mo-</strong></span> 
     </span>
     <span class='ocr_line' id='line_1_37' title="bbox 294 2668 2005 2716; baseline -0.001 -10"><span class='ocrx_word' id='word_1_380' title='bbox 294 2671 426 2706; x_wconf 88' lang='lat' dir='ltr'><strong>veatur</strong></span> <span class='ocrx_word' id='word_1_381' title='bbox 450 2670 660 2715; x_wconf 77' lang='lat' dir='ltr'><strong>Stephanus</strong></span> <span class='ocrx_word' id='word_1_382' title='bbox 677 2671 690 2716; x_wconf 80' lang='grc' dir='ltr'><strong>ΙΙ</strong></span> <span class='ocrx_word' id='word_1_383' title='bbox 723 2673 767 2704; x_wconf 82' lang='grc'><strong>14</strong></span> <span class='ocrx_word' id='word_1_384' title='bbox 793 2681 903 2704; x_wconf 48' lang='lat' dir='ltr'><strong>sirmi:</strong></span> <span class='ocrx_word' id='word_1_385' title='bbox 930 2669 970 2704; x_wconf 91' lang='lat' dir='ltr'><strong><em>F</em></strong></span> <span class='ocrx_word' id='word_1_386' title='bbox 985 2671 997 2715; x_wconf 89' lang='grc' dir='ltr'><strong>ΙΙ</strong></span> <span class='ocrx_word' id='word_1_387' title='bbox 1021 2680 1089 2715; x_wconf 90' lang='lat' dir='ltr'><strong>pro</strong></span> <span class='ocrx_word' id='word_1_388' title='bbox 1117 2668 1270 2712; x_wconf 82' lang='lat' dir='ltr'><strong>Quintio</strong></span> <span class='ocrx_word' id='word_1_389' title='bbox 1294 2669 1451 2705; x_wconf 83' lang='lat' dir='ltr'><strong>Daniel:</strong></span> <span class='ocrx_word' id='word_1_390' title='bbox 1477 2681 1545 2715; x_wconf 87' lang='lat' dir='ltr'><strong>pro</strong></span> <span class='ocrx_word' id='word_1_391' title='bbox 1572 2669 1655 2715; x_wconf 86' lang='lat' dir='ltr'><strong>quis</strong></span> <span class='ocrx_word' id='word_1_392' title='bbox 1682 2669 1767 2705; x_wconf 89' lang='lat' dir='ltr'><strong>Atio</strong></span> <span class='ocrx_word' id='word_1_393' title='bbox 1795 2669 1844 2715; x_wconf 92' lang='lat' dir='ltr'><strong>F,</strong></span> <span class='ocrx_word' id='word_1_394' title='bbox 1868 2670 1911 2704; x_wconf 86' lang='lat' dir='ltr'><strong>in</strong></span> <span class='ocrx_word' id='word_1_395' title='bbox 1935 2679 2005 2715; x_wconf 76' lang='lat' dir='ltr'><strong>quo</strong></span> 
     </span>
     <span class='ocr_line' id='line_1_38' title="bbox 294 2716 2004 2762; baseline -0.002 -9"><span class='ocrx_word' id='word_1_396' title='bbox 294 2728 430 2754; x_wconf 89' lang='lat' dir='ltr'><strong>aeneas</strong></span> <span class='ocrx_word' id='word_1_397' title='bbox 461 2728 572 2753; x_wconf 87' lang='lat' dir='ltr'><strong>sanae</strong></span> <span class='ocrx_word' id='word_1_398' title='bbox 599 2746 607 2753; x_wconf 92' lang='lat'><strong>.</strong></span> <span class='ocrx_word' id='word_1_399' title='bbox 628 2745 636 2753; x_wconf 92' lang='lat'>.</span> <span class='ocrx_word' id='word_1_400' title='bbox 658 2746 666 2753; x_wconf 92' lang='lat'>.</span> <span class='ocrx_word' id='word_1_401' title='bbox 692 2727 760 2762; x_wconf 88' lang='lat' dir='ltr'><strong>pro</strong></span> <span class='ocrx_word' id='word_1_402' title='bbox 793 2716 875 2762; x_wconf 89' lang='lat' dir='ltr'><strong>quis</strong></span> <span class='ocrx_word' id='word_1_403' title='bbox 907 2728 989 2752; x_wconf 85' lang='lat' dir='ltr'><strong>eum</strong></span> <span class='ocrx_word' id='word_1_404' title='bbox 1013 2717 1147 2752; x_wconf 84' lang='lat' dir='ltr'><strong>scholio</strong></span> <span class='ocrx_word' id='word_1_405' title='bbox 1173 2717 1222 2752; x_wconf 77' lang='lat' dir='ltr'><strong>acl</strong></span> <span class='ocrx_word' id='word_1_406' title='bbox 1247 2729 1278 2753; x_wconf 86' lang='lat' dir='ltr'><strong>v.</strong></span> <span class='ocrx_word' id='word_1_407' title='bbox 1305 2721 1350 2752; x_wconf 84' lang='lat'><strong>45</strong></span> <span class='ocrx_word' id='word_1_408' title='bbox 1377 2718 1589 2761; x_wconf 80' lang='lat' dir='ltr'><strong>coniuncta,</strong></span> <span class='ocrx_word' id='word_1_409' title='bbox 1619 2716 1709 2751; x_wconf 90' lang='lat' dir='ltr'><strong>Atio</strong></span> <span class='ocrx_word' id='word_1_410' title='bbox 1735 2744 1744 2753; x_wconf 89' lang='lat'><strong>.</strong></span> <span class='ocrx_word' id='word_1_411' title='bbox 1766 2745 1773 2752; x_wconf 90' lang='lat'><strong><em>.</em></strong></span> <span class='ocrx_word' id='word_1_412' title='bbox 1796 2745 1804 2753; x_wconf 91' lang='lat'><strong>.</strong></span> <span class='ocrx_word' id='word_1_413' title='bbox 1831 2718 2004 2752; x_wconf 84' lang='lat' dir='ltr'><strong>actantus</strong></span> 
     </span>
     <span class='ocr_line' id='line_1_39' title="bbox 294 2764 1999 2811; baseline -0.002 -10"><span class='ocrx_word' id='word_1_414' title='bbox 294 2776 453 2801; x_wconf 78' lang='lat' dir='ltr'><strong>seorsum</strong></span> <span class='ocrx_word' id='word_1_415' title='bbox 472 2766 598 2811; x_wconf 85' lang='lat' dir='ltr'><strong>posita</strong></span> <span class='ocrx_word' id='word_1_416' title='bbox 615 2768 703 2800; x_wconf 87' lang='lat' dir='ltr'><strong>sunt</strong></span> <span class='ocrx_word' id='word_1_417' title='bbox 721 2765 732 2810; x_wconf 90' lang='grc' dir='ltr'><strong>ΙΙ</strong></span> <span class='ocrx_word' id='word_1_418' title='bbox 754 2768 797 2799; x_wconf 88' lang='grc'><strong>16</strong></span> <span class='ocrx_word' id='word_1_419' title='bbox 824 2765 995 2800; x_wconf 87' lang='lat' dir='ltr'><strong>actantus</strong></span> <span class='ocrx_word' id='word_1_420' title='bbox 1014 2764 1055 2799; x_wconf 86' lang='lat' dir='ltr'><strong><em>F</em></strong></span> <span class='ocrx_word' id='word_1_421' title='bbox 1071 2765 1082 2810; x_wconf 85' lang='grc' dir='ltr'><strong>ΙΙ</strong></span> <span class='ocrx_word' id='word_1_422' title='bbox 1109 2768 1152 2799; x_wconf 81' lang='grc'><strong>17</strong></span> <span class='ocrx_word' id='word_1_423' title='bbox 1178 2777 1220 2798; x_wconf 76' lang='lat' dir='ltr'><strong>Er</strong></span> <span class='ocrx_word' id='word_1_424' title='bbox 1238 2776 1400 2800; x_wconf 69' lang='lat' dir='ltr'><strong>Ammvs</strong></span> <span class='ocrx_word' id='word_1_425' title='bbox 1427 2766 1573 2800; x_wconf 79' lang='lat' dir='ltr'><strong>amatus</strong></span> <span class='ocrx_word' id='word_1_426' title='bbox 1599 2766 1637 2800; x_wconf 87' lang='lat' dir='ltr'><strong>et</strong></span> <span class='ocrx_word' id='word_1_427' title='bbox 1661 2764 1805 2810; x_wconf 86' lang='lat' dir='ltr'><strong>paphos</strong></span> <span class='ocrx_word' id='word_1_428' title='bbox 1826 2791 1858 2800; x_wconf 92' lang='lat'><strong>..</strong></span> <span class='ocrx_word' id='word_1_429' title='bbox 1875 2793 1883 2800; x_wconf 94' lang='lat'>.</span> <span class='ocrx_word' id='word_1_430' title='bbox 1904 2764 1999 2798; x_wconf 81' lang='lat' dir='ltr'><strong>sunt.</strong></span> 
     </span>
     <span class='ocr_line' id='line_1_40' title="bbox 295 2811 2002 2858; baseline -0.002 -10"><span class='ocrx_word' id='word_1_431' title='bbox 295 2812 470 2848; x_wconf 87' lang='lat' dir='ltr'><strong>amathus</strong></span> <span class='ocrx_word' id='word_1_432' title='bbox 496 2811 544 2848; x_wconf 89' lang='lat' dir='ltr'><strong>ab</strong></span> <span class='ocrx_word' id='word_1_433' title='bbox 570 2812 855 2847; x_wconf 86' lang='lat' dir='ltr'><strong>amathontonte</strong></span> <span class='ocrx_word' id='word_1_434' title='bbox 882 2813 961 2858; x_wconf 86' lang='lat' dir='ltr'><strong>(sie)</strong></span> <span class='ocrx_word' id='word_1_435' title='bbox 988 2823 1014 2848; x_wconf 90' lang='lat' dir='ltr'><strong>e.</strong></span> <span class='ocrx_word' id='word_1_436' title='bbox 1041 2823 1073 2857; x_wconf 77' lang='lat' dir='ltr'><strong>q.</strong></span> <span class='ocrx_word' id='word_1_437' title='bbox 1099 2823 1126 2848; x_wconf 89' lang='lat' dir='ltr'><strong>s.</strong></span> <span class='ocrx_word' id='word_1_438' title='bbox 1154 2811 1195 2846; x_wconf 91' lang='lat' dir='ltr'><strong><em>F</em></strong></span> <span class='ocrx_word' id='word_1_439' title='bbox 1219 2814 1231 2857; x_wconf 84' lang='grc' dir='ltr'><strong>ΙΙ</strong></span> <span class='ocrx_word' id='word_1_440' title='bbox 1261 2826 1305 2847; x_wconf 72' lang='lat' dir='ltr'><strong>nr</strong></span> <span class='ocrx_word' id='word_1_441' title='bbox 1331 2812 1504 2848; x_wconf 86' lang='lat' dir='ltr'><strong>Serviani</strong></span> <span class='ocrx_word' id='word_1_442' title='bbox 1528 2812 1616 2847; x_wconf 82' lang='lat' dir='ltr'><strong>libri</strong></span> <span class='ocrx_word' id='word_1_443' title='bbox 1645 2812 1657 2858; x_wconf 90' lang='grc' dir='ltr'><strong>ΙΙ</strong></span> <span class='ocrx_word' id='word_1_444' title='bbox 1695 2815 1739 2847; x_wconf 91' lang='grc'><strong>18</strong></span> <span class='ocrx_word' id='word_1_445' title='bbox 1765 2812 1814 2847; x_wconf 83' lang='lat' dir='ltr'><strong>ad</strong></span> <span class='ocrx_word' id='word_1_446' title='bbox 1837 2822 2002 2845; x_wconf 73' lang='lat' dir='ltr'><strong>mrnos</strong></span> 
     </span>
     <span class='ocr_line' id='line_1_41' title="bbox 295 2857 2002 2905; baseline -0.002 -10"><span class='ocrx_word' id='word_1_447' title='bbox 295 2861 375 2905; x_wconf 85' lang='lat' dir='ltr'><strong>(sic)</strong></span> <span class='ocrx_word' id='word_1_448' title='bbox 394 2870 423 2895; x_wconf 85' lang='lat' dir='ltr'><strong>s.</strong></span> <span class='ocrx_word' id='word_1_449' title='bbox 442 2871 475 2896; x_wconf 86' lang='lat' dir='ltr'><strong>v.</strong></span> <span class='ocrx_word' id='word_1_450' title='bbox 501 2859 624 2895; x_wconf 86' lang='lat' dir='ltr'><strong>insula</strong></span> <span class='ocrx_word' id='word_1_451' title='bbox 648 2859 694 2894; x_wconf 89' lang='lat' dir='ltr'><strong>ab</strong></span> <span class='ocrx_word' id='word_1_452' title='bbox 721 2860 914 2895; x_wconf 87' lang='lat' dir='ltr'><strong>amazonte</strong></span> <span class='ocrx_word' id='word_1_453' title='bbox 940 2861 1094 2903; x_wconf 86' lang='lat' dir='ltr'><strong>uocata,</strong></span> <span class='ocrx_word' id='word_1_454' title='bbox 1121 2860 1171 2894; x_wconf 86' lang='lat' dir='ltr'><strong>aol</strong></span> <span class='ocrx_word' id='word_1_455' title='bbox 1196 2872 1303 2894; x_wconf 71' lang='lat' dir='ltr'><strong>ansA</strong></span> <span class='ocrx_word' id='word_1_456' title='bbox 1327 2870 1354 2895; x_wconf 88' lang='lat' dir='ltr'><strong>s.</strong></span> <span class='ocrx_word' id='word_1_457' title='bbox 1375 2871 1407 2895; x_wconf 84' lang='lat' dir='ltr'><strong>v.</strong></span> <span class='ocrx_word' id='word_1_458' title='bbox 1435 2859 1523 2904; x_wconf 89' lang='lat' dir='ltr'><strong>quia</strong></span> <span class='ocrx_word' id='word_1_459' title='bbox 1546 2859 1585 2894; x_wconf 92' lang='lat' dir='ltr'><strong>in</strong></span> <span class='ocrx_word' id='word_1_460' title='bbox 1611 2859 1758 2894; x_wconf 81' lang='lat' dir='ltr'><strong>excelso</strong></span> <span class='ocrx_word' id='word_1_461' title='bbox 1782 2858 1853 2893; x_wconf 88' lang='lat' dir='ltr'><strong>fuit</strong></span> <span class='ocrx_word' id='word_1_462' title='bbox 1877 2857 2002 2902; x_wconf 83' lang='lat' dir='ltr'><strong>posita</strong></span> 
     </span>
     <span class='ocr_line' id='line_1_42' title="bbox 294 2904 2003 2952; baseline -0.002 -9"><span class='ocrx_word' id='word_1_463' title='bbox 294 2918 340 2943; x_wconf 86' lang='lat' dir='ltr'><strong>ex</strong></span> <span class='ocrx_word' id='word_1_464' title='bbox 365 2917 439 2952; x_wconf 91' lang='lat' dir='ltr'><strong>quo</strong></span> <span class='ocrx_word' id='word_1_465' title='bbox 463 2907 547 2943; x_wconf 86' lang='lat' dir='ltr'><strong>loco</strong></span> <span class='ocrx_word' id='word_1_466' title='bbox 578 2906 820 2952; x_wconf 79' lang='lat' dir='ltr'><strong>permittente</strong></span> <span class='ocrx_word' id='word_1_467' title='bbox 851 2918 945 2952; x_wconf 89' lang='lat' dir='ltr'><strong>pace</strong></span> <span class='ocrx_word' id='word_1_468' title='bbox 977 2905 1017 2942; x_wconf 90' lang='lat' dir='ltr'><strong>in</strong></span> <span class='ocrx_word' id='word_1_469' title='bbox 1046 2907 1201 2952; x_wconf 86' lang='lat' dir='ltr'><strong>planum</strong></span> <span class='ocrx_word' id='word_1_470' title='bbox 1233 2907 1353 2943; x_wconf 88' lang='lat' dir='ltr'><strong>litoris</strong></span> <span class='ocrx_word' id='word_1_471' title='bbox 1385 2907 1535 2942; x_wconf 87' lang='lat' dir='ltr'><strong>fuerunt</strong></span> <span class='ocrx_word' id='word_1_472' title='bbox 1566 2906 1700 2942; x_wconf 86' lang='lat' dir='ltr'><strong>educta</strong></span> <span class='ocrx_word' id='word_1_473' title='bbox 1730 2904 1899 2940; x_wconf 88' lang='lat' dir='ltr'><strong>aedificia</strong></span> <span class='ocrx_word' id='word_1_474' title='bbox 1927 2904 1961 2939; x_wconf 82' lang='lat' dir='ltr'><em>T</em></span> <span class='ocrx_word' id='word_1_475' title='bbox 1990 2905 2003 2952; x_wconf 83' lang='grc' dir='ltr'>Η</span> 
     </span>
     <span class='ocr_line' id='line_1_43' title="bbox 295 2951 2001 3000; baseline -0.001 -11"><span class='ocrx_word' id='word_1_476' title='bbox 295 2958 339 2990; x_wconf 88' lang='grc'><strong>19</strong></span> <span class='ocrx_word' id='word_1_477' title='bbox 365 2953 588 2999; x_wconf 83' lang='lat' dir='ltr'><strong>Palaepafos</strong></span> <span class='ocrx_word' id='word_1_478' title='bbox 613 2953 869 2990; x_wconf 83' lang='lat' dir='ltr'><strong>Gommelinus:</strong></span> <span class='ocrx_word' id='word_1_479' title='bbox 894 2954 1092 3000; x_wconf 85' lang='lat' dir='ltr'><strong>palepases</strong></span> <span class='ocrx_word' id='word_1_480' title='bbox 1113 2953 1154 2988; x_wconf 93' lang='lat' dir='ltr'><strong><em>F</em></strong></span> <span class='ocrx_word' id='word_1_481' title='bbox 1169 2955 1181 2999; x_wconf 83' lang='grc' dir='ltr'><strong>ΙΙ</strong></span> <span class='ocrx_word' id='word_1_482' title='bbox 1200 2957 1246 2989; x_wconf 83' lang='lat'><strong>20</strong></span> <span class='ocrx_word' id='word_1_483' title='bbox 1272 2954 1357 2989; x_wconf 85' lang='lat' dir='ltr'><strong>loca</strong></span> <span class='ocrx_word' id='word_1_484' title='bbox 1374 2954 1415 2989; x_wconf 89' lang='lat' dir='ltr'><strong><em>F</em></strong></span> <span class='ocrx_word' id='word_1_485' title='bbox 1430 2955 1443 3000; x_wconf 83' lang='grc' dir='ltr'><strong>ΙΙ</strong></span> <span class='ocrx_word' id='word_1_486' title='bbox 1461 2954 1501 2989; x_wconf 88' lang='lat' dir='ltr'><strong>in</strong></span> <span class='ocrx_word' id='word_1_487' title='bbox 1525 2953 1565 2989; x_wconf 89' lang='lat' dir='ltr'><strong>in</strong></span> <span class='ocrx_word' id='word_1_488' title='bbox 1589 2952 1711 2989; x_wconf 86' lang='lat' dir='ltr'><strong>litoris</strong></span> <span class='ocrx_word' id='word_1_489' title='bbox 1731 2951 1772 2987; x_wconf 95' lang='lat' dir='ltr'><strong><em>F</em></strong></span> <span class='ocrx_word' id='word_1_490' title='bbox 1804 2952 1843 2987; x_wconf 88' lang='lat' dir='ltr'><strong>in</strong></span> <span class='ocrx_word' id='word_1_491' title='bbox 1869 2962 1891 2988; x_wconf 83' lang='lat'>*</span> <span class='ocrx_word' id='word_1_492' title='bbox 1917 2951 2001 2987; x_wconf 88' lang='lat' dir='ltr'><strong>lito-</strong></span> 
     </span>
     <span class='ocr_line' id='line_1_44' title="bbox 293 2999 2002 3046; baseline -0.001 -9"><span class='ocrx_word' id='word_1_493' title='bbox 293 3001 344 3037; x_wconf 87' lang='lat' dir='ltr'><strong>ris</strong></span> <span class='ocrx_word' id='word_1_494' title='bbox 363 3001 503 3038; x_wconf 71' lang='lat' dir='ltr'><strong>Daniel</strong></span> <span class='ocrx_word' id='word_1_495' title='bbox 537 3000 578 3036; x_wconf 91' lang='lat' dir='ltr'><strong>in</strong></span> <span class='ocrx_word' id='word_1_496' title='bbox 603 3000 748 3037; x_wconf 86' lang='lat' dir='ltr'><strong>litoreis</strong></span> <span class='ocrx_word' id='word_1_497' title='bbox 770 3001 1011 3037; x_wconf 82' lang='lat' dir='ltr'><strong>Commelinus</strong></span> <span class='ocrx_word' id='word_1_498' title='bbox 1047 3001 1086 3036; x_wconf 89' lang='lat' dir='ltr'><strong>in</strong></span> <span class='ocrx_word' id='word_1_499' title='bbox 1112 3001 1218 3036; x_wconf 85' lang='lat' dir='ltr'><strong>littus</strong></span> <span class='ocrx_word' id='word_1_500' title='bbox 1240 3002 1459 3037; x_wconf 83' lang='lat' dir='ltr'><strong>Masvieius.</strong></span> <span class='ocrx_word' id='word_1_501' title='bbox 1490 3011 1563 3046; x_wconf 88' lang='lat' dir='ltr'><strong>pro</strong></span> <span class='ocrx_word' id='word_1_502' title='bbox 1588 3011 1633 3036; x_wconf 88' lang='lat' dir='ltr'><strong>ex</strong></span> <span class='ocrx_word' id='word_1_503' title='bbox 1657 3010 1730 3044; x_wconf 86' lang='lat' dir='ltr'><strong>quo</strong></span> <span class='ocrx_word' id='word_1_504' title='bbox 1751 3027 1759 3035; x_wconf 89' lang='lat'><strong>.</strong></span> <span class='ocrx_word' id='word_1_505' title='bbox 1780 3027 1788 3035; x_wconf 93' lang='lat'>.</span> <span class='ocrx_word' id='word_1_506' title='bbox 1810 3026 1818 3033; x_wconf 95' lang='lat'><strong>.</strong></span> <span class='ocrx_word' id='word_1_507' title='bbox 1839 2999 2002 3035; x_wconf 83' lang='lat' dir='ltr'><strong>deducta</strong></span> 
     </span>
     <span class='ocr_line' id='line_1_45' title="bbox 293 3045 1999 3094; baseline -0.001 -10"><span class='ocrx_word' id='word_1_508' title='bbox 293 3050 380 3084; x_wconf 84' lang='lat' dir='ltr'><strong>sunt</strong></span> <span class='ocrx_word' id='word_1_509' title='bbox 402 3048 583 3085; x_wconf 81' lang='lat' dir='ltr'><strong>Barthius</strong></span> <span class='ocrx_word' id='word_1_510' title='bbox 615 3049 665 3084; x_wconf 83' lang='lat' dir='ltr'><strong>ad</strong></span> <span class='ocrx_word' id='word_1_511' title='bbox 695 3049 789 3085; x_wconf 83' lang='lat' dir='ltr'><strong>Stat.</strong></span> <span class='ocrx_word' id='word_1_512' title='bbox 818 3049 924 3084; x_wconf 84' lang='lat' dir='ltr'><strong>Theb.</strong></span> <span class='ocrx_word' id='word_1_513' title='bbox 951 3049 984 3084; x_wconf 95' lang='lat' dir='ltr'><strong>V</strong></span> <span class='ocrx_word' id='word_1_514' title='bbox 1010 3052 1053 3084; x_wconf 89' lang='grc'><strong>61</strong></span> <span class='ocrx_word' id='word_1_515' title='bbox 1081 3050 1173 3084; x_wconf 86' lang='lat' dir='ltr'><strong>coni.</strong></span> <span class='ocrx_word' id='word_1_516' title='bbox 1199 3053 1266 3084; x_wconf 87' lang='lat' dir='ltr'><strong>aut</strong></span> <span class='ocrx_word' id='word_1_517' title='bbox 1296 3046 1425 3094; x_wconf 85' lang='lat' dir='ltr'><strong>estque</strong></span> <span class='ocrx_word' id='word_1_518' title='bbox 1458 3059 1501 3084; x_wconf 93' lang='lat' dir='ltr'><strong>eo</strong></span> <span class='ocrx_word' id='word_1_519' title='bbox 1533 3048 1615 3083; x_wconf 94' lang='lat' dir='ltr'><strong>loco</strong></span> <span class='ocrx_word' id='word_1_520' title='bbox 1648 3045 1831 3092; x_wconf 87' lang='lat' dir='ltr'><strong>Zephyria</strong></span> <span class='ocrx_word' id='word_1_521' title='bbox 1862 3047 1999 3092; x_wconf 88' lang='lat' dir='ltr'><strong>promi—</strong></span> 
     </span>
     <span class='ocr_line' id='line_1_46' title="bbox 292 3093 1997 3142; baseline -0.002 -10"><span class='ocrx_word' id='word_1_522' title='bbox 292 3095 438 3140; x_wconf 83' lang='lat' dir='ltr'><strong>nentia,</strong></span> <span class='ocrx_word' id='word_1_523' title='bbox 469 3099 512 3132; x_wconf 83' lang='lat' dir='ltr'><strong>ut</strong></span> <span class='ocrx_word' id='word_1_524' title='bbox 541 3096 684 3142; x_wconf 78' lang='lat' dir='ltr'><strong>reliqua</strong></span> <span class='ocrx_word' id='word_1_525' title='bbox 708 3097 843 3132; x_wconf 86' lang='lat' dir='ltr'><strong>lacuna</strong></span> <span class='ocrx_word' id='word_1_526' title='bbox 867 3097 1072 3141; x_wconf 82' lang='lat' dir='ltr'><strong>deformata</strong></span> <span class='ocrx_word' id='word_1_527' title='bbox 1096 3107 1167 3131; x_wconf 86' lang='lat' dir='ltr'><strong>esse</strong></span> <span class='ocrx_word' id='word_1_528' title='bbox 1191 3097 1292 3132; x_wconf 84' lang='lat' dir='ltr'><strong>dieat</strong></span> <span class='ocrx_word' id='word_1_529' title='bbox 1316 3108 1425 3142; x_wconf 76' lang='lat' dir='ltr'><strong>quam</strong></span> <span class='ocrx_word' id='word_1_530' title='bbox 1449 3107 1467 3130; x_wconf 89' lang='lat' dir='ltr'><strong>e</strong></span> <span class='ocrx_word' id='word_1_531' title='bbox 1491 3094 1668 3131; x_wconf 85' lang='lat' dir='ltr'><strong>Strabone</strong></span> <span class='ocrx_word' id='word_1_532' title='bbox 1694 3095 1759 3138; x_wconf 91' lang='lat' dir='ltr'><strong>(IV</strong></span> <span class='ocrx_word' id='word_1_533' title='bbox 1781 3106 1819 3139; x_wconf 87' lang='lat' dir='ltr'><strong>p.</strong></span> <span class='ocrx_word' id='word_1_534' title='bbox 1846 3097 1914 3129; x_wconf 86' lang='lat'><strong>683</strong></span> <span class='ocrx_word' id='word_1_535' title='bbox 1943 3093 1997 3139; x_wconf 81' lang='lat'><strong>0.)</strong></span> 
     </span>
     <span class='ocr_line' id='line_1_47' title="bbox 293 3141 2000 3189; baseline -0.002 -9"><span class='ocrx_word' id='word_1_536' title='bbox 293 3144 507 3189; x_wconf 77' lang='lat' dir='ltr'><strong>explendam</strong></span> <span class='ocrx_word' id='word_1_537' title='bbox 531 3154 602 3179; x_wconf 86' lang='lat' dir='ltr'><strong>esse</strong></span> <span class='ocrx_word' id='word_1_538' title='bbox 621 3145 816 3188; x_wconf 82' lang='lat' dir='ltr'><strong>opinatur:</strong></span> <span class='ocrx_word' id='word_1_539' title='bbox 840 3148 907 3179; x_wconf 88' lang='lat' dir='ltr'><strong>aut</strong></span> <span class='ocrx_word' id='word_1_540' title='bbox 932 3155 977 3180; x_wconf 88' lang='lat' dir='ltr'><strong>ex</strong></span> <span class='ocrx_word' id='word_1_541' title='bbox 995 3154 1068 3189; x_wconf 89' lang='lat' dir='ltr'><strong>quo</strong></span> <span class='ocrx_word' id='word_1_542' title='bbox 1096 3142 1179 3179; x_wconf 87' lang='lat' dir='ltr'><strong>loco</strong></span> <span class='ocrx_word' id='word_1_543' title='bbox 1206 3143 1375 3179; x_wconf 85' lang='lat' dir='ltr'><strong>aedificia</strong></span> <span class='ocrx_word' id='word_1_544' title='bbox 1393 3154 1461 3189; x_wconf 89' lang='lat' dir='ltr'><strong>per</strong></span> <span class='ocrx_word' id='word_1_545' title='bbox 1479 3141 1672 3187; x_wconf 85' lang='lat' dir='ltr'><strong>sexaginta</strong></span> <span class='ocrx_word' id='word_1_546' title='bbox 1691 3141 1814 3177; x_wconf 83' lang='lat' dir='ltr'><strong>stadia</strong></span> <span class='ocrx_word' id='word_1_547' title='bbox 1833 3142 1872 3176; x_wconf 91' lang='lat' dir='ltr'><strong>in</strong></span> <span class='ocrx_word' id='word_1_548' title='bbox 1890 3141 2000 3177; x_wconf 86' lang='lat' dir='ltr'><strong>littus</strong></span> 
     </span>
     <span class='ocr_line' id='line_1_48' title="bbox 292 3188 1999 3237; baseline -0.002 -10"><span class='ocrx_word' id='word_1_549' title='bbox 292 3191 454 3227; x_wconf 84' lang='lat' dir='ltr'><strong>deducta</strong></span> <span class='ocrx_word' id='word_1_550' title='bbox 477 3192 574 3227; x_wconf 87' lang='lat' dir='ltr'><strong>sunt.</strong></span> <span class='ocrx_word' id='word_1_551' title='bbox 613 3202 685 3236; x_wconf 85' lang='lat' dir='ltr'><strong>pro</strong></span> <span class='ocrx_word' id='word_1_552' title='bbox 709 3191 950 3237; x_wconf 82' lang='lat' dir='ltr'><strong>permittente</strong></span> <span class='ocrx_word' id='word_1_553' title='bbox 975 3201 1069 3236; x_wconf 86' lang='lat' dir='ltr'><strong>pace</strong></span> <span class='ocrx_word' id='word_1_554' title='bbox 1094 3190 1337 3227; x_wconf 75' lang='lat' dir='ltr'><strong>Burmannus</strong></span> <span class='ocrx_word' id='word_1_555' title='bbox 1372 3188 1615 3236; x_wconf 85' lang='lat' dir='ltr'><strong>permittente</strong></span> <span class='ocrx_word' id='word_1_556' title='bbox 1641 3188 1880 3235; x_wconf 88' lang='lat' dir='ltr'><strong>Agapenore,</strong></span> <span class='ocrx_word' id='word_1_557' title='bbox 1905 3199 1999 3234; x_wconf 86' lang='lat' dir='ltr'><strong>pace</strong></span> 
     </span>
     <span class='ocr_line' id='line_1_49' title="bbox 286 3235 2003 3285; baseline -0.002 -10"><span class='ocrx_word' id='word_1_558' title='bbox 286 3240 480 3284; x_wconf 82' lang='lat' dir='ltr'><strong>proposuit</strong></span> <span class='ocrx_word' id='word_1_559' title='bbox 498 3240 511 3285; x_wconf 84' lang='grc' dir='ltr'><strong>ΙΙ</strong></span> <span class='ocrx_word' id='word_1_560' title='bbox 529 3242 573 3273; x_wconf 81' lang='lat'><strong>22</strong></span> <span class='ocrx_word' id='word_1_561' title='bbox 593 3240 636 3273; x_wconf 89' lang='lat' dir='ltr'><strong>ut</strong></span> <span class='ocrx_word' id='word_1_562' title='bbox 655 3238 695 3273; x_wconf 88' lang='lat' dir='ltr'><strong><em>F</em></strong></span> <span class='ocrx_word' id='word_1_563' title='bbox 710 3241 723 3284; x_wconf 79' lang='grc' dir='ltr'><strong>ΙΙ</strong></span> <span class='ocrx_word' id='word_1_564' title='bbox 742 3239 906 3275; x_wconf 89' lang='lat' dir='ltr'><strong>soloema</strong></span> <span class='ocrx_word' id='word_1_565' title='bbox 925 3239 1013 3274; x_wconf 89' lang='lat' dir='ltr'><strong>libri</strong></span> <span class='ocrx_word' id='word_1_566' title='bbox 1032 3238 1205 3274; x_wconf 82' lang='lat' dir='ltr'><strong>Serviani</strong></span> <span class='ocrx_word' id='word_1_567' title='bbox 1230 3238 1363 3273; x_wconf 90' lang='lat' dir='ltr'><strong>solima</strong></span> <span class='ocrx_word' id='word_1_568' title='bbox 1382 3237 1422 3272; x_wconf 92' lang='lat' dir='ltr'><strong><em>F</em></strong></span> <span class='ocrx_word' id='word_1_569' title='bbox 1436 3238 1449 3282; x_wconf 78' lang='grc' dir='ltr'><strong>ΙΙ</strong></span> <span class='ocrx_word' id='word_1_570' title='bbox 1468 3238 1662 3274; x_wconf 87' lang='lat' dir='ltr'><strong>cartaxata</strong></span> <span class='ocrx_word' id='word_1_571' title='bbox 1675 3237 1711 3271; x_wconf 84' lang='lat' dir='ltr'><em>R</em></span> <span class='ocrx_word' id='word_1_572' title='bbox 1737 3239 1842 3273; x_wconf 83' lang='lat' dir='ltr'><strong>artax</strong></span> <span class='ocrx_word' id='word_1_573' title='bbox 1861 3239 1947 3272; x_wconf 84' lang='lat' dir='ltr'><strong>aeta</strong></span> <span class='ocrx_word' id='word_1_574' title='bbox 1961 3235 2003 3271; x_wconf 93' lang='lat' dir='ltr'><strong><em>F</em></strong></span> 
     </span>
    </p>
   </div>
  </div>
 </body>
</html>
