2124 3600
302 668 323 700 5

281 1026 326 1059 10

282 1388 326 1420 15

282 1747 327 1778 20

354 265 440 317 140
1127 264 1287 301 SERVH

471 374 567 417 180.
616 385 949 426 SATVRNVSQVE
975 387 1127 417 SENEX
1153 376 1321 431 antiqui
1343 389 1468 431 reges
1494 375 1671 418 nomina
1698 375 1779 417 sibi
1805 374 2058 431 plerumque

349 436 630 488 vindicabant
661 446 848 488 deorum.
910 461 1012 503 ergo
1048 445 1258 489 Saturnus
1291 461 1367 489 rex
1397 447 1481 489 fuit
1511 447 1678 489 Italiae:
1717 461 1818 489 nam
1851 448 1896 488 et
1928 460 2059 501 supra

351 516 414 559 ait
445 516 659 560 ‘veterum
686 518 851 573 effigies
879 533 929 560 ex
956 518 1103 560 ordine
1131 517 1330 560 avorum'
1364 521 1408 561 et
1438 518 1569 560 infert
1600 517 1781 574 ‘aliique
1808 518 1862 560 ab
1889 517 2058 573 origine

348 588 508 644 reges'.
569 588 672 631 hinc
714 591 780 631 est
816 589 929 644 quod
968 589 1082 645 apud
1115 588 1288 632 Cretam
1327 604 1419 631 esse
1457 589 1612 631 dicitur
1648 589 1763 631 Iovis
1802 589 2058 644 sepulcrum.

351 658 542 702 Gabalus
576 660 727 715 etiam,
757 660 982 702 Romanus
1013 660 1268 716 imperator,
1301 659 1446 703 Solem
1473 675 1516 704 se
1543 660 1627 702 dici
1658 660 1814 703 voluit:
1846 675 1947 702 nam
1972 659 2058 702 He-

351 731 596 788 liogabalus
630 732 769 774 dictus
802 734 881 773 est.

470 803 566 846 181.
616 815 675 846 AB
709 815 905 847 ORIGINE
938 818 1017 859 pro
1050 802 1362 860 ‘Aboriginum
1394 802 1554 860 reges',
1591 803 1665 845 sed
1697 805 1763 845 est
1794 804 1932 845 metro
1964 817 2059 859 pro-

347 874 526 918 hibitus.

472 947 567 991 182.
615 959 872 991 PVGNANDO
905 943 1120 990 v'VLNERA
1152 959 1281 990 PAsSI
1319 947 1551 1003 pugnando
1590 947 1741 989 scilieet
1770 946 1894 1002 quasi
1925 960 2059 1003 reges.

474 1020 568 1062 183.
619 1031 775 1062 SACRIS
807 1032 855 1062 IN
886 1030 1107 1062 POSTIBVS
1138 1018 1213 1060 ubi
1245 1018 1382 1073 spolia
1415 1019 1792 1061 consecrabantur.

475 1091 571 1134 184.
622 1102 807 1133 CAPTIVI
839 1106 917 1146 pro
951 1089 1285 1145 ‘captivorum’:
1315 1092 1421 1133 nota
1451 1091 1594 1146 figura
1625 1091 1703 1132 est.

475 1162 570 1205 185.
621 1174 816 1205 CRISTAE
845 1162 919 1205 hoc
948 1165 1006 1204 est
1036 1161 1202 1217 galeae:
1235 1176 1260 1203 a
1290 1163 1415 1216 parte
1446 1163 1587 1204 totum
1619 1162 1777 1216 posuit.

475 1234 570 1277 186.
620 1246 899 1286 EREPTAQVE
932 1245 1115 1277 RosrnA
1149 1244 1335 1276 CAR1N1s
1376 1233 1486 1275 bene
1519 1233 1570 1275 de
1603 1232 1720 1275 omni
1752 1246 1907 1289 genere
1938 1247 2062 1288 proe-

351 1305 509 1347 liorum
541 1305 681 1360 spolia
711 1305 803 1348 illic
834 1305 969 1348 fuisse
1001 1304 1280 1346 demonstrat.

475 1377 571 1420 187.
621 1389 865 1428 QV1R1NAL1
895 1387 1036 1419 ervo
1074 1376 1209 1418 lituus
1248 1378 1313 1417 est
1349 1376 1574 1419 incurvum
1607 1389 1817 1431 augurum
1848 1375 2062 1431 baculum,

352 1464 436 1504 quo
468 1449 704 1491 utebantur
736 1448 790 1491 ad
822 1448 1089 1504 designanda
1128 1447 1236 1489 caeli
1275 1448 1437 1503 spatia,
1477 1463 1578 1490 nam
1611 1462 1741 1490 manu
1771 1462 1860 1490 non
1890 1447 2060 1490 licebat.

353 1519 618 1570 Quirinalem
660 1522 805 1563 autem
847 1534 897 1561 ex
934 1533 1119 1574 persona
1163 1533 1240 1561 sua
1283 1519 1408 1574 dixit,
1452 1520 1624 1574 qualem
1667 1520 1819 1574 postea
1857 1517 2061 1568 Quirinus

352 1591 522 1635 habuit:
564 1607 666 1635 nam
711 1594 815 1634 tunc
853 1591 992 1633 adhuc
1029 1605 1117 1632 non
1155 1590 1297 1632 fuerat
1327 1590 1549 1632 Romulus.
1603 1590 1688 1644 [vel
1720 1590 1876 1632 lituum
1915 1590 1958 1632 id
1996 1591 2063 1632 est

352 1664 520 1720 regium
552 1664 772 1719 baculum,
803 1663 847 1705 in
879 1678 964 1718 quo
995 1664 1189 1717 potestas
1222 1664 1336 1703 esset
1366 1661 1705 1704 dirimendarum
1736 1661 1909 1715 litium]

476 1736 570 1779 188.
622 1731 906 1779 svcolNchis
939 1745 1126 1776 TRABEA
1167 1735 1273 1788 toga
1305 1735 1371 1775 est
1402 1747 1613 1789 augurum
1647 1733 1698 1775 de
1731 1746 1857 1775 cocco
1890 1734 1934 1775 et
1963 1747 2062 1788 pur-

353 1822 474 1862 pura.
594 1818 768 1849 ANGILE
802 1808 971 1848 scutum
1003 1805 1142 1848 breve.
1205 1806 1414 1860 regnante
1445 1803 1590 1847 Numa
1627 1804 1746 1846 caelo
1783 1803 1912 1846 huius
1944 1803 2061 1846 modi

354 1881 521 1921 scutum
559 1879 732 1934 lapsum
770 1879 852 1933 est,
890 1880 933 1920 et
964 1877 1066 1919 data
1096 1891 1305 1932 responsa
1337 1878 1455 1932 sunt,
1492 1876 1581 1918 illic
1611 1875 1704 1919 fore
1737 1889 1949 1918 summam
1981 1875 2061 1917 im-

354 1950 481 2006 perii,
524 1950 600 1993 ubi
640 1949 746 1992 illud
787 1951 912 1991 esset.
975 1948 1088 2004 quod
1125 1962 1180 1989 ne
1219 1947 1449 2003 aliquando
1486 1947 1625 1989 hostis
1671 1941 1943 2002 agnosceret,
1985 1960 2062 2001 per

325 2065 337 2075 ,
353 2020 615 2064 Mamurium
647 2021 819 2064 fabrum
845 2020 984 2063 multa
1010 2019 1170 2062 similia
1201 2019 1411 2062 fecerunt:
1445 2018 1511 2061 cui
1538 2020 1581 2061 et
1605 2018 1718 2061 diem
1745 2019 2061 2072 consecrarunt,

283 2103 328 2136 25

355 2108 439 2150 quo
480 2094 637 2149 pellem
677 2092 812 2148 virgis
852 2092 1016 2134 feriunt
1055 2091 1109 2133 ad
1151 2091 1257 2133 artis
1297 2090 1635 2133 similitudinem.
1698 2089 1878 2131 dicimus
1917 2091 2062 2131 autem

451 2201 494 2234 15
520 2198 636 2235 lituus
662 2225 670 2233 .
691 2227 698 2234 .
721 2227 728 2235 .
754 2196 946 2243 baculum]
963 2196 1020 2251 ‘cf.
1046 2195 1208 2231 Macrob.
1236 2196 1311 2231 Sat.
1338 2195 1389 2231 VI
1415 2199 1447 2239 8,
1476 2199 1494 2230 1
1512 2206 1590 2240 sqq.
1616 2194 1802 2240 mythogr.
1829 2193 1881 2228 III
1909 2196 1964 2237 11,
1987 2191 2063 2275 usti}

354 2251 401 2282 20
431 2248 523 2292 toga
548 2272 556 2281 .
578 2273 585 2281 .
608 2274 615 2281 .
641 2245 820 2292 purpura]
854 2244 899 2280 cf.
926 2245 1011 2280 Is1d.
1038 2255 1089 2281 or.
1116 2244 1201 2279 XIX
1226 2247 1283 2288 24,
1309 2247 1330 2279 8
1367 2244 1379 2290 Η
1422 2247 1466 2278 21
1500 2244 1645 2278 scutum
1676 2242 1788 2278 breve
1814 2252 1844 2276 e.
1872 2253 1907 2286 q.
1935 2241 1981 2287 S.]
2014 2251 2059 2278 c.

355 2293 456 2330 Serv.
484 2294 531 2328 ad
558 2294 650 2330 Aen.
676 2292 764 2329 VIII
791 2296 860 2328 664
1424 2320 1429 2324 ,

356 2389 406 2424 M
429 2388 482 2433 (id.
508 2390 566 2424 est
590 2388 725 2424 falcem
750 2388 955 2434 pratariam
979 2398 1156 2432 superscr.
1178 2387 1228 2433 m)
1248 2388 1259 2434 Η
1278 2386 1385 2422 falcis
1411 2384 1544 2421 similis
1570 2384 1611 2420 F
1626 2386 1638 2431 Η
1656 2383 1745 2420 falci
1770 2383 1804 2418 L
1822 2384 1834 2430 Η
1852 2382 1962 2419 falcis
1988 2382 2060 2430 est]

355 2434 477 2478 Quare
503 2436 571 2471 sub
595 2435 760 2481 imagine
786 2436 945 2471 falcem?
980 2446 1064 2470 cum
1088 2434 1252 2480 imagine
1278 2434 1377 2470 enim
1402 2433 1523 2479 pictus
1550 2433 1607 2468 est
1633 2431 1825 2467 Saturnus.
1877 2429 2059 2467 Solvitur:

355 2484 420 2519 aut
447 2483 556 2530 ‘sub'
584 2492 651 2528 pro
681 2483 931 2529 ‘iffi-posuit,
967 2483 1033 2518 aut
1061 2482 1179 2528 ipsius
1211 2493 1358 2527 quoque
1388 2480 1496 2516 falcis
1527 2491 1601 2515 non
1632 2477 1790 2523 ueritas,
1825 2478 1890 2514 sed.
1919 2478 2060 2523 imago,

355 2530 494 2576 uagina
519 2531 704 2576 quaedam
730 2531 836 2566 falcis
862 2532 1015 2576 putatur
1040 2531 1125 2566 add.
1153 2529 1354 2565 Fabricius
1378 2530 1390 2575 Η
1421 2533 1440 2563 3
1468 2529 1507 2563 et
1530 2527 1661 2573 infert]
1687 2527 1822 2562 iterum
1848 2524 1962 2561 infert
1986 2524 2028 2560 F
2047 2523 2060 2571 Η

354 2579 403 2614 ab
429 2578 573 2623 origine
599 2578 652 2613 F:
680 2590 723 2613 ex
751 2577 879 2613 ordine
905 2578 1037 2622 reliqui
1055 2578 1066 2623 Η
1086 2581 1108 2612 4
1133 2577 1227 2613 iouis
1253 2576 1389 2612 dicitur
1414 2587 1494 2611 esse
1520 2575 1731 2620 sepulcrum
1756 2573 1792 2608 R
1811 2574 1822 2620 Η
1842 2576 1862 2608 5
1888 2572 2061 2619 gaballus

355 2625 486 2660 RLH
513 2625 685 2670 (gabalus
711 2626 736 2670 l)
771 2626 783 2671 Η
813 2625 1077 2670 imperatorem
1101 2625 1146 2659 Η
1172 2626 1184 2671 Η
1216 2629 1236 2660 6
1263 2623 1495 2669 eliogabalus
1520 2622 1678 2657 AFMZ
1715 2619 2000 2667 elisliogaballus
2024 2619 2062 2654 R

357 2672 605 2718 eliogaballus
626 2672 740 2718 LHH
770 2676 788 2707 7
815 2684 862 2707 An
888 2672 924 2706 R
943 2673 954 2718 Η
974 2672 1158 2717 originum
1184 2672 1282 2719 8119
1308 2683 1495 2712 PVGNANDO
1523 2698 1531 2705 .
1554 2697 1561 2705 .
1583 2698 1590 2705 .
1617 2680 1725 2715 reges
1743 2671 1830 2713 post
1852 2679 1956 2703 urvo
1981 2667 2060 2711 (lin.

358 2721 416 2764 15)
441 2721 522 2756 hab.
549 2720 585 2755 L
604 2720 615 2766 Η
645 2731 832 2755 PVGNANDO
858 2730 924 2754 om.
952 2720 985 2753 A
1012 2720 1023 2765 Η
1048 2720 1248 2764 pugnando
1274 2730 1341 2755 om.
1367 2718 1500 2753 RLH
1505 2718 1553 2752 M
1575 2718 1587 2763 Η
1620 2721 1665 2751 14
1691 2716 1922 2751 demonstrat
1946 2714 2061 2749 fuisse

356 2768 455 2803 HM
473 2769 484 2814 Η
505 2770 550 2813 16
572 2767 663 2803 litus
689 2767 723 2801 L
741 2768 753 2813 Η
772 2767 828 2801 est
852 2777 918 2802 om.
939 2767 1021 2800 LH
1039 2767 1050 2812 Η
1069 2767 1243 2802 incuruus
1268 2770 1300 2802 et
1323 2766 1479 2802 baculus
1505 2766 1518 2800 Z
1536 2766 1547 2811 Η
1568 2768 1611 2800 16
1638 2762 1765 2808 spacia
1789 2762 1884 2797 LM
1900 2762 1911 2808 Η
1932 2765 1975 2797 18
2001 2761 2062 2797 vel

357 2842 364 2849 .
388 2842 395 2849 .
418 2843 424 2851 .
451 2815 587 2860 litium,
612 2826 705 2861 quae
727 2813 867 2849 Tiberii
885 2813 1030 2848 Donati
1052 2818 1150 2857 sunt,
1177 2825 1242 2849 om.
1264 2813 1305 2849 F
1327 2814 1424 2858 (add.
1448 2814 1490 2858 f.)
1511 2814 1522 2859 Η
1543 2816 1586 2847 19
1612 2810 1735 2847 litium
1760 2821 1804 2845 ex
1827 2808 1961 2844 lituum
1983 2808 2033 2843 M
2048 2807 2061 2855 Η

356 2867 400 2897 21
427 2863 556 2909 breve]
583 2873 649 2899 om.
670 2861 719 2906 A,
744 2861 896 2897 breuem
921 2861 966 2894 H
980 2863 991 2907 Η
1011 2861 1148 2907 Numa]
1176 2862 1303 2896 mfima
1327 2861 1363 2895 R
1381 2862 1393 2907 Η
1412 2871 1546 2895 numae
1571 2859 1675 2894 caelo
1699 2858 1734 2892 A
1770 2867 1885 2892 numa
1909 2866 1929 2891 0
1955 2855 2060 2891 caelo

357 2909 398 2945 F
407 2911 425 2992 Η
455 2914 499 2944 23
527 2910 625 2955 quod
650 2920 697 2944 ne
722 2907 922 2953 aliquando
947 2908 1065 2943 hostis
1092 2910 1313 2953 agnosceret
1336 2908 1477 2943 RLH:
1504 2907 1603 2952 quod
1628 2916 1674 2941 ne
1699 2904 1819 2950 possit
1844 2904 1984 2956 (posset
2008 2902 2062 2947 F)

358 2969 406 2993 au
423 2957 496 2992 erri
521 2958 581 2992 uel
608 2958 688 3002 (aut
712 2956 767 3002 F)
798 2956 846 2991 ab
876 2955 984 2991 hoste
1017 2955 1191 3000 cognosci
1216 2955 1337 2990 ASF
1372 2955 1471 3000 quod
1501 2965 1548 2989 ne
1578 2954 1640 2988 uel
1669 2952 1796 2998 posset
1825 2950 1964 2986 auferri
1993 2949 2061 2985 ali-

358 3005 505 3050 quando
530 3005 638 3039 hoste
664 3002 839 3049 cognosci
860 3003 909 3038 M
931 3003 1028 3048 (post
1053 3003 1159 3037 hoste
1184 3013 1284 3046 supr.
1309 3013 1398 3038 vers.
1425 3002 1486 3036 uel
1511 3002 1595 3036 add.
1615 3002 1676 3046 m).
1712 2999 1758 3043 cf.
1779 2997 1877 3034 Serv.
1898 2997 1949 3033 ad
1967 2998 2059 3032 Aen.

358 3052 446 3087 VIII
470 3056 539 3087 664
558 3053 570 3099 Η
589 3056 635 3087 24
659 3050 883 3086 mamusium
906 3049 979 3085 AS
1009 3049 1193 3084 maurium
1221 3050 1269 3083 M
1293 3050 1398 3094 (corr.
1418 3049 1466 3093 m)
1487 3049 1499 3094 Η
1516 3048 1637 3082 multa
1660 3045 1805 3081 romani
1830 3042 1968 3080 similia
1987 3042 2028 3078 F
2048 3043 2061 3091 Η

357 3099 540 3147 fecerunt]
567 3099 669 3134 facta
695 3100 781 3133 sunt
804 3109 904 3144 supr.
924 3108 1010 3133 vers.
1031 3108 1066 3132 ‘m
1084 3097 1096 3143 Η
1115 3096 1190 3142 0111]
1218 3096 1282 3140 qui
1301 3096 1346 3130 H
1358 3097 1370 3142 Η
1389 3094 1657 3131 consecrabant
1674 3091 1807 3127 RLH
1819 3092 1832 3138 Η
1851 3094 1896 3126 25
1920 3091 2060 3136 pellem

359 3147 447 3182 libri
466 3150 612 3192 praeter
637 3146 691 3190 R,
717 3147 781 3191 qui
805 3145 947 3191 peltam
972 3145 1110 3180 exhibet
1141 3145 1180 3189 (t.
1208 3143 1346 3188 pellem
1371 3154 1471 3187 supr.
1496 3152 1584 3177 vers,
1610 3142 1654 3183 r).
1700 3140 1746 3183 cf.
1773 3138 1911 3174 Preller
1936 3138 2060 3174 Roem.

361 3195 517 3241 Mythol.
538 3205 578 3240 p.
605 3197 673 3230 317
701 3194 823 3228 adnot.
850 3196 872 3228 4
903 3196 937 3228 et
963 3191 1191 3237 Marquafrdt
1215 3191 1338 3226 Roem.
1363 3190 1593 3226 staatsverw.
1618 3187 1670 3223 III
1695 3198 1730 3232 p.
1756 3190 1826 3221 416
1853 3186 1976 3221 adnot.
2002 3188 2024 3221 8
2048 3184 2062 3232 Η

358 3241 473 3288 virgis
493 3253 559 3279 om.
572 3241 703 3277 RLH
718 3242 832 3287 (supr.
853 3250 940 3276 vers,
961 3240 1046 3276 add.
1067 3239 1106 3285 l.)
1137 3249 1210 3284 quo
1229 3238 1372 3285 peltam
1389 3236 1531 3272 feriunt
1549 3236 1692 3271 videtwr
1710 3233 1859 3270 Servius
1876 3233 2062 3279 scripsisse
