2092 3614
565 255 714 293 GOMM.
741 255 793 291 IN
818 254 962 292 VERG.
989 255 1099 291 AEN.
1125 255 1176 290 XI
1203 257 1403 291 361—378.
1750 252 1837 295 525

130 366 232 409 alibi
254 378 336 420 pro
367 367 658 421 coniunctione,
687 369 736 409 ut
765 365 835 421 <X
855 364 971 421 390>
1000 378 1082 408 vos
1112 365 1259 407 etiam
1286 356 1481 419 qemini.
1516 363 1692 418 ponitur
1715 363 1839 406 etiam

121 451 204 493 pro
245 437 482 480 ‘nondum’.·
524 437 737 491 Afranius
780 438 929 480 etiam
970 437 1237 491 quidquam
1280 437 1439 491 eyisti.
1502 435 1615 492 apud
1652 434 1839 478 maiores

131 508 293 552 ‘etiam'
320 509 629 552 consentientis
655 509 809 564 fuerat,
836 507 951 565 quod
976 511 1125 551 tamen
1144 508 1191 550 in
1209 507 1277 550 his
1298 508 1546 564 recentibus
1566 507 1731 550 idoneis
1751 521 1840 549 non

130 580 361 623 invenitur.
417 595 502 623 non
536 581 645 623 nulli
682 579 822 623 ‘etiam
853 579 912 623 tu'
936 593 1018 634 pro
1049 578 1165 634 ‘quin
1197 578 1255 621 tu'
1289 580 1470 622 tradunt.
1583 590 1655 622 vls
1686 578 1839 621 virtus.

210 662 211 665 ’
250 652 348 695 374.
398 669 441 695 SI
466 669 602 695 PATRI!
629 668 725 700 QVID
756 668 902 694 MARTIS
930 667 1060 694 HABES
1095 651 1142 693 id
1175 654 1235 693 est
1268 651 1307 693 si
1341 651 1443 704 quid
1478 651 1642 693 bellicae
1673 650 1840 692 virtutis
1865 657 1885 688 5

129 723 274 775 habes‚·
311 738 437 778 neque
467 725 575 766 enim
606 738 634 766 a
665 723 807 766 Marte
837 723 1037 766 oriundus
1067 725 1137 765 cst.
1182 736 1282 764 nam
1314 720 1478 776 ‘patrii'
1510 725 1549 764 ct
1577 736 1605 764 a
1627 724 1767 776 patre,
1804 724 1842 764 et

131 799 169 839 et
198 810 226 838 a
251 796 395 850 patria
416 798 552 850 potest
579 795 673 838 dici.

250 867 350 909 377.
399 878 482 909 mo
503 878 714 910 PECTORE
732 878 878 909 vooEs
902 870 951 909 ut
969 867 1042 921 qui
1059 866 1134 909 diu
1153 866 1335 920 tacuerit,
1360 866 1458 907 dum
1477 865 1597 907 audit
1613 865 1841 907 inimicum.

131 939 298 981 dicendo
328 942 466 981 autem
498 937 596 981 ‘imo
619 942 782 993 pectore
808 937 934 981 ‘voces’
960 952 1079 980 more
1105 952 1183 980 suo
1208 937 1406 979 habitum
1432 936 1602 979 futurae
1629 936 1841 978 orationis

132 1010 335 1054 ostendit.
1869 1015 1911 1047 10

251 1082 350 1125 378.
399 1093 555 1125 LARGA
593 1094 775 1133 QVIDEM
812 1093 993 1125 SEMPER
1029 1092 1219 1123 DRANOE
1257 1092 1353 1122 TIBI
1391 1091 1529 1123 coPIA
1566 1091 1714 1122 FANDI
1745 1092 1842 1123 TVM

133 1164 227 1196 CVM
259 1165 412 1195 BELLA
443 1165 599 1196 MANVS
632 1165 842 1196 POSGVNT
881 1156 983 1195 sunt
1018 1152 1157 1195 multa
1194 1167 1272 1195 sua
1302 1151 1345 1194 vi
1376 1151 1560 1207 optima,
1598 1167 1706 1207 quae
1738 1166 1842 1207 quo-

131 1224 250 1283 niam
288 1239 366 1279 per
404 1239 448 1266 se
484 1240 573 1267 non
607 1227 792 1281 possunt
822 1224 1079 1279 vituperari,
1118 1224 1171 1266 ab
1206 1222 1498 1266 accidentibus
1530 1223 1843 1279 vituperantur,

132 1298 182 1338 ut
218 1295 301 1338 hoc
339 1296 433 1338 loco
467 1297 672 1352 quoniam
705 1296 952 1352 eloquentia
982 1310 1059 1351 per
1091 1309 1136 1338 se
1168 1297 1234 1337 est
1266 1294 1449 1350 optima,
1488 1309 1583 1336 eam
1614 1295 1760 1350 culpat
1791 1310 1841 1337 ex

131 1369 343 1423 tempore,
382 1368 549 1410 dicens:
593 1370 695 1410 tunc
730 1367 946 1411 incumbis
985 1367 1275 1423 eloquentiae,
1313 1381 1410 1409 cum
1441 1381 1595 1409 manus
1627 1367 1743 1409 bella
1773 1367 1842 1409 de·
1872 1374 1914 1405 15

133 1441 332 1494 poscunt.
397 1443 436 1482 et
471 1441 675 1483 ostendere
709 1440 797 1482 vult
826 1453 986 1482 omnem
1016 1439 1137 1482 illam
1169 1439 1395 1482 orationem
1426 1438 1612 1481 Drancis
1641 1452 1725 1482 non
1755 1453 1845 1482 con-

133 1511 238 1563 sitio,
268 1512 340 1554 sed
369 1512 588 1555 timiditate
610 1512 836 1566 prolatam.
896 1525 996 1554 sanc
1026 1510 1220 1553 rhetorice
1250 1523 1520 1564 responsurus
1553 1510 1721 1553 Turnus
1753 1510 1847 1553 bene

134 1583 263 1638 coepit
291 1597 319 1625 a
348 1578 535 1626 Drance:
567 1587 663 1626 ante
692 1583 802 1626 enim
832 1596 874 1625 se
904 1582 1100 1637 defendit,
1132 1585 1228 1624 tunc
1257 1582 1305 1624 de
1335 1581 1436 1624 bello
1465 1583 1707 1625 sententiam
1738 1583 1846 1625 dicit.

134 1657 172 1697 et
189 1655 377 1708 primum
401 1655 473 1697 hoc
497 1655 617 1711 dicit,
642 1655 752 1709 quod
775 1655 962 1708 eloquens
987 1657 1026 1696 et
1048 1654 1243 1708 infirmus
1267 1654 1489 1696 sententias
1514 1654 1562 1696 de
1580 1654 1679 1697 bello
1698 1655 1849 1697 audeat

132 1726 253 1782 ferre,
284 1727 449 1769 dicendo
481 1725 616 1782 ‘larya
645 1727 808 1781 quidem
838 1739 994 1780 semper
1020 1724 1202 1768 Drance'
1235 1729 1274 1768 et
1302 1729 1443 1781 cetera,
1474 1729 1513 1768 et
1542 1725 1656 1768 ‘dum
1681 1726 1848 1769 distinet
1873 1733 1917 1764 20

134 1797 300 1841 hostem'
339 1801 377 1840 et
412 1799 584 1859 reliqua.
644 1798 740 1841 inde
762 1811 843 1852 pro
874 1811 916 1840 se
946 1798 1051 1852 ayit,
1080 1811 1158 1852 per
1189 1798 1534 1840 enumerationem
1564 1798 1774 1840 ostendens
1803 1798 1851 1839 id

133 1869 291 1923 falsum
315 1883 408 1924 esse,
437 1870 547 1924 quod
568 1870 732 1912 dicatur
755 1870 885 1912 victus
910 1868 958 1911 ‘I
959 1869 1060 1912 liaeo
1087 1869 1290 1912 tumidum
1314 1869 1385 1923 qui
1408 1870 1613 1924 sanquine
1634 1868 1846 1924 Thybrim'

136 1942 175 1983 e't
216 1944 356 1984 cetera.
416 1942 488 1984 sed
522 1941 714 1984 obicitur:
758 1942 804 1984 in
838 1942 1031 1996 futurum
1070 1953 1159 1994 spes
1196 1940 1316 1983 nulla
1354 1943 1422 1983 est.
1483 1943 1693 1983 execratur
1732 1954 1848 1982 omen

139 2012 282 2067 ‘capiti
312 2027 411 2055 cane
442 2013 545 2056 talia
576 2014 738 2056 demens
767 2011 1021 2068 Dardanio',
1051 2014 1090 2054 et
1118 2026 1166 2054 ex
1196 2012 1529 2054 adversariorum
1552 2026 1732 2066 persona
1762 2027 1849 2055 rem

138 2085 334 2127 adtenuat
369 2085 535 2128 dicendo
575 2084 776 2128 ‘extollere
810 2086 916 2128 vires
949 2085 1083 2139 yentis
1120 2084 1181 2126 bis
1217 2082 1372 2127 victae'.
1434 2084 1558 2126 etiam
1595 2084 1662 2126 illi
1697 2085 1758 2126 rei
1787 2098 1847 2126 re·
1873 2091 1918 2123 25

138 2261 168 2296 Τ
233 2214 628 2306 2ΗΑ113ὃ1ἒε]1ἓ.424
653 2227 689 2261 p.
713 2218 779 2250 186
804 2213 912 2250 Ribb.
934 2216 946 2261 ΙΙ
974 2214 1072 2259 apud
1098 2213 1257 2249 maiores
1284 2242 1291 2249 .
1313 2242 1321 2249 .
1343 2242 1350 2249 .
1377 2213 1582 2260 invenitur]
1609 2212 1654 2249 cf.
1681 2212 1774 2250 Don.
1801 2213 1849 2250 ad

170 2273 220 2298 er.
284 2273 324 2297 ec

237 2385 255 2416 1
283 2382 332 2417 ad
357 2393 469 2416 mma
493 2393 519 2418 s.
546 2393 578 2417 υ.
605 2382 668 2417 eta
694 2382 773 2428 (sic)
799 2382 871 2417 hoc
896 2382 979 2417 loco
1012 2392 1081 2426 pio
1114 2380 1374 2417 coniunctione
1399 2381 1442 2416 ut
1466 2392 1533 2416 uos
1560 2380 1675 2417 etiam
1700 2381 1849 2426 gemini

140 2428 293 2475 ponitur
318 2431 357 2464 et
381 2440 447 2474 pro
472 2441 497 2464 n
522 2431 566 2465 ut
590 2429 755 2465 afranius
782 2430 896 2465 etiam
922 2428 1122 2474 quicquam
1148 2429 1271 2474 egisti.
1308 2440 1383 2464 non
1407 2429 1502 2464 nulli
1528 2429 1639 2464 etiam
1665 2441 1732 2474 pro
1759 2429 1849 2474 quin

139 2478 181 2511 tu
205 2476 238 2510 T
253 2477 265 2522 ΙΙ
284 2481 304 2511 3
330 2475 489 2531 idoneis]
516 2476 730 2513 auctoribus
756 2478 839 2513 add.
861 2477 900 2511 D
919 2478 930 2523 ΙΙ
949 2480 971 2512 4
996 2487 1063 2522 pro
1084 2477 1215 2521 quinto
1234 2476 1275 2512 F
1290 2478 1302 2523 ΙΙ
1321 2489 1376 2512 vis
1402 2476 1539 2523 uirtus]
1566 2477 1634 2513 Vir
1658 2476 1776 2513 iustus
1796 2477 1855 2521 Η,

139 2535 206 2560 om.
232 2524 272 2558 F
288 2525 300 2570 ΙΙ
320 2527 341 2558 5
367 2536 398 2559 si
423 2524 548 2570 quid.
635 2524 709 2560 dici
734 2525 815 2560 hab.
840 2525 873 2559 T
889 2527 901 2570 ΙΙ
932 2529 952 2560 6
978 2524 1119 2560 habens
1146 2523 1214 2571 Fu
1233 2535 1352 2569 neque
1378 2524 1477 2559 enim
1503 2526 1562 2560 est
1586 2536 1618 2560 a.
1645 2525 1693 2560 M.
1720 2536 1753 2561 o.
1786 2525 1817 2561 Τ
1839 2525 1850 2571 ΙΙ

139 2572 259 2607 morte
285 2571 326 2606 F
349 2572 362 2617 ΙΙ
392 2571 522 2618 patrii]
549 2552 650 2617 patri
676 2572 716 2607 F
744 2573 756 2619 ΙΙ
788 2577 807 2607 7
834 2574 989 2618 possunt
1018 2571 1051 2606 T
1077 2573 1089 2617 ΙΙ
1120 2576 1141 2608 8
1168 2573 1218 2608 ad
1242 2583 1309 2607 ms
1335 2585 1397 2607 mo
1423 2586 1453 2607 1›.
1480 2586 1514 2608 v.
1541 2583 1567 2608 s.
1594 2584 1626 2607 v.
1654 2572 1761 2617 quasi
1786 2572 1851 2617 qui

141 2648 148 2655 .
171 2646 179 2654 .
202 2647 209 2653 .
236 2618 429 2654 inimicum
458 2620 491 2654 T
508 2621 519 2666 ΙΙ
548 2621 719 2655 tacuerat
747 2620 781 2655 T
796 2621 809 2665 ΙΙ
841 2623 861 2655 9
887 2630 990 2655 more
1016 2630 1082 2655 suo
1106 2623 1188 2664 post
1213 2619 1379 2655 ostendit
1403 2621 1484 2655 hab.
1511 2619 1632 2655 ASF
1646 2621 1659 2666 ΙΙ
1691 2624 1733 2655 11
1761 2633 1850 2655 nvnc

140 2666 283 2702 BHM
295 2667 307 2713 ΙΙ
334 2670 376 2701 12
404 2669 489 2702 sunt
512 2677 579 2703 om.
605 2667 642 2702 R
661 2669 673 2713 ΙΙ
692 2679 759 2703 sua
783 2668 841 2703 uis
866 2667 903 2703 R
941 2666 1072 2702 suauia,
1096 2667 1137 2701 F
1152 2668 1164 2713 ΙΙ
1191 2671 1234 2702 13
1260 2668 1473 2712 uituperare
1496 2678 1571 2703 non
1595 2669 1752 2713 possunt
1778 2667 1819 2702 F
1838 2667 1852 2714 ΙΙ

143 2718 188 2748 14
206 2715 265 2749 est
282 2724 349 2750 om.
364 2713 405 2748 F
419 2715 432 2760 ΙΙ
451 2715 549 2759 eam]
576 2714 690 2750 etiam
711 2715 757 2750 H
770 2716 783 2761 ΙΙ
803 2719 846 2751 15
871 2714 1114 2751 incumbesR
1143 2715 1361 2751 incumbens
1375 2715 1462 2750 ΗΓ
1478 2716 1489 2761 ΙΙ
1511 2719 1554 2750 16
1573 2715 1616 2750 in
1633 2726 1748 2760 mary.
1768 2726 1849 2760 sup.

141 2762 264 2806 Larga
301 2761 464 2806 quidem.
510 2762 703 2797 ostendere
734 2763 817 2798 uult
848 2763 1054 2798 orationem
1086 2761 1232 2798 draucis
1264 2773 1339 2798 non
1370 2761 1526 2798 consilio
1559 2763 1624 2798 sed
1647 2762 1851 2798 timiditate

140 2809 338 2854 prolatam.
390 2810 428 2843 et
458 2808 642 2844 rhetorice
675 2838 682 2844 .
711 2837 718 2844 .
746 2839 754 2846 .
787 2810 892 2855 quasi
923 2810 1038 2845 aliam
1069 2809 1277 2846 orationem
1307 2811 1462 2846 inchoat
1491 2821 1588 2845 nunc
1627 2810 1673 2845 ad
1705 2810 1743 2845 te
1778 2811 1812 2844 T
1841 2810 1851 2856 ΙΙ

144 2860 186 2892 17
213 2855 392 2902 prolatim
417 2868 504 2892 sane
532 2856 573 2891 F
605 2857 745 2901 prolati
772 2857 901 2892 insane
927 2858 961 2892 G
992 2858 1004 2903 ΙΙ
1034 2868 1297 2902 responsurum
1321 2858 1362 2893 F
1390 2859 1402 2903 ΙΙ
1433 2858 1578 2893 Turnus
1604 2868 1670 2894 om.
1701 2858 1734 2892 T
1762 2859 1774 2903 ΙΙ
1808 2861 1850 2893 18

142 2904 272 2939 drante
299 2904 366 2949 Fu
395 2905 482 2939 ante
509 2905 607 2938 enim
634 2915 672 2939 se
698 2903 895 2940 defendere
922 2904 1052 2940 debuit
1077 2906 1115 2940 et
1139 2907 1229 2940 tunc
1257 2905 1291 2940 d.
1317 2906 1352 2941 b.
1380 2917 1408 2941 s.
1434 2906 1529 2941 ferre
1559 2904 1593 2940 T
1613 2906 1625 2952 ΙΙ
1652 2906 1753 2941 bella
1778 2905 1818 2940 F
1840 2905 1852 2952 ΙΙ

144 2955 187 2986 19
214 2950 307 2986 dicit
329 2952 376 2986 T:
403 2951 495 2986 uicit
515 2951 556 2986 F
570 2953 582 2997 ΙΙ
602 2951 703 2996 quod
727 2951 893 2987 infirmus
920 2954 959 2987 et
983 2951 1162 2998 eloquens
1187 2952 1319 2988 timide
1346 2952 1485 2988 audeat
1509 2953 1554 2988 de
1580 2953 1681 2988 bello
1707 2955 1851 2989 senten-

105 3005 107 3007 '
142 2997 235 3033 tiam
260 2998 424 3043 proferre
451 2999 556 3044 larga
582 2999 752 3043 inquiens
778 2999 930 3044 quidem
959 2999 991 3034 T
1020 3001 1055 3047 ΙΙ
1062 2999 1228 3035 infirmas
1254 3000 1295 3035 F
1322 3002 1334 3045 ΙΙ
1367 3003 1412 3035 20
1439 3000 1602 3036 destinet
1626 3000 1745 3036 hostis
1771 3001 1812 3035 F
1840 3002 1849 3045 ΙΙ

143 3050 186 3080 21
215 3046 296 3091 agit
320 3057 387 3091 pro
415 3057 453 3082 se
483 3047 514 3081 Τ
531 3048 543 3093 ΙΙ
561 3046 600 3082 id
625 3057 692 3082 om.
717 3047 750 3081 T
767 3048 778 3093 ΙΙ
797 3051 842 3082 22
868 3046 996 3094 iliaco]
1021 3037 1131 3083 iliaco
1156 3048 1279 3092 inquit
1301 3047 1335 3082 T
1368 3046 1452 3082 illia
1477 3061 1496 3083 c
1525 3048 1558 3083 G
1577 3049 1588 3094 ΙΙ
1607 3048 1758 3093 tybrum
1778 3047 1819 3082 F
1840 3047 1852 3094 ΙΙ

143 3097 188 3128 23
215 3103 298 3138 spes
323 3093 464 3129 nulla
453 3106 491 3129 m
516 3094 683 3130 futurum
710 3095 768 3129 est
790 3095 822 3129 T
839 3095 850 3141 ΙΙ
870 3095 1088 3130 execratur.
1142 3093 1376 3140 ,Dardanio]
1404 3094 1507 3131 nulla
1530 3094 1554 3131 s.
1574 3095 1610 3138 b3
1638 3096 1723 3140 (leye
1747 3094 1852 3130 nulla

145 3139 290 3176 scilicet
308 3140 392 3183 tibi)
419 3141 535 3187 capiti
561 3153 652 3178 cane
671 3141 796 3186 inquit
814 3143 841 3177 t.
863 3142 898 3177 d.
919 3142 953 3177 d.
975 3141 1008 3176 T
1024 3143 1037 3189 ΙΙ
1054 3154 1166 3178 umen
1186 3143 1226 3177 F
1242 3144 1254 3187 ΙΙ
1273 3146 1317 3177 25
1338 3142 1510 3178 adtenuit
1527 3142 1568 3177 F
1597 3142 1774 3178 extenuat
1790 3142 1824 3176 T
1839 3141 1852 3189 ΙΙ

144 3188 203 3222 his
231 3187 264 3222 G
293 3188 307 3233 ΙΙ
337 3187 451 3224 etiam
476 3189 534 3224 illi
559 3189 615 3224 rei
640 3201 721 3234 cyo·
746 3188 859 3225 etiam
885 3189 949 3225 ille
974 3201 1061 3236 rege
1089 3190 1129 3225 F
1164 3190 1278 3225 etiam
1305 3191 1343 3224 et
1366 3189 1424 3224 illi
1448 3190 1549 3235 parti
1578 3190 1611 3223 Τ
1647 3189 1761 3224 etiam
1785 3189 1850 3225 ille

144 3246 270 3279 regem
295 3235 434 3272 Daniel
473 3236 587 3273 etiam
611 3237 676 3272 ille
703 3237 751 3273 ad
776 3248 854 3273 rem
882 3237 1090 3274 Masvicius
1113 3239 1126 3283 ΙΙ
1151 3237 1352 3283 respondet
1380 3237 1426 3273 T:
1452 3236 1646 3282 respondit
1671 3236 1712 3271 F
