2124 3600
289 1011 334 1044 10

289 1361 343 1401 15'

289 1726 335 1758 20

293 2081 337 2114 25

1862 210 1884 228 A

353 252 441 294 134
1126 254 1288 290 SERVII

354 362 415 405 sic
450 377 565 406 nunc
600 363 791 419 panicias
831 377 1020 418 mensas,
1063 362 1108 405 id
1146 365 1211 405 est
1251 363 1475 418 epularum
1516 365 1875 421 sustentaculum,
1920 365 2059 410 solum

353 434 536 478 vocavit.
1745 431 1750 435 ’

477 506 572 549 112.
622 517 777 549 FORTE
809 518 929 549 Anus
963 506 1157 549 abundat
1188 504 1356 548 ‘forte'.
2016 540 2020 547 .

477 577 572 620 115.
622 588 817 620 FATALIS
855 588 1020 620 GRVSTI
1061 576 1115 619 ad
1154 576 1380 632 negotium
1417 577 1609 632 respexit
1646 577 1835 634 Aeneae,
1879 579 1948 622 cui
1990 577 2062 622 hic

355 651 448 692 erat
472 648 571 690 finis
596 648 807 690 laborum.
858 647 1092 690 ‘crustum'
1120 650 1264 690 autem
1292 650 1335 690 et
1358 646 1559 691 ‘crusta’.
1603 650 1858 692 neutraliter
1883 650 2061 693 dicimus

356 720 407 762 de
437 720 506 762 his
539 734 647 775 quae
680 719 846 762 comedi
876 721 1076 775 possunt:
1116 718 1326 761 Horatius
1358 721 1414 761 ut
1444 720 1618 774 pueris
1652 720 1774 763 olim
1805 721 1926 764 dant
1955 737 2062 765 cru-

357 790 495 833 stula
525 790 703 833 blandi
742 790 996 845 doctores,
1033 789 1250 832 Iuvenalis
1282 789 1373 843 <IX
1406 790 1462 844 5>
1494 805 1587 833 nos
1621 792 1891 847 colaphum
1922 792 2062 836 incu-

350 862 515 904 timus
553 861 806 904 lambenti
846 862 1077 904 crustula
1115 876 1274 904 servo.
1336 861 1547 905 feminino
1587 865 1731 906 autem
1763 877 1919 919 genere
1950 864 2064 920 frag-

357 936 505 976 menta
554 932 754 988 dicimus,
804 948 915 988 quae
964 948 1154 976 comesse
1205 948 1291 976 non
1341 948 1588 989 possumus,
1638 936 1687 976 ut
1730 938 2066 978 concrescunt
2103 939 2106 941 ’

358 1005 567 1048 subitae
599 1004 830 1046 currenti
868 1004 919 1046 in
956 1004 1171 1046 flumine
1203 1006 1421 1048 crustae.
1543 995 1746 1056 QVADRIS
1779 1009 1854 1048 aut
1885 1006 2065 1049 mensis:

359 1079 403 1119 et
441 1078 508 1118 est
545 1074 863 1129 antonomasia,
905 1090 1007 1117 nam
1046 1090 1177 1130 supra
1209 1075 1400 1117 ‘orbem’
1432 1075 1555 1118 dixit:
1594 1080 1669 1118 aut
1701 1076 1918 1132 ‘quadris'
1951 1078 2065 1134 frag-

357 1147 515 1191 mentis
560 1146 814 1202 accipimus,
857 1148 907 1187 ut
949 1146 1166 1189 Iuvenalis
1211 1145 1278 1202 <V
1310 1147 1364 1201 2>
1410 1149 1464 1189 ut
1511 1147 1639 1189 bona
1684 1163 1875 1191 summa
1918 1151 2066 1204 putes

358 1219 530 1261 aliena
561 1217 735 1260 vivere
767 1217 970 1273 quadra.
1934 1208 1937 1211 ’

480 1290 576 1332 117.
625 1300 876 1332 ADLVDENS
921 1291 997 1330 aut
1040 1291 1166 1331 vacat
1207 1287 1317 1345 ‘adg
1362 1291 1405 1331 et
1447 1290 1668 1332 ludentem
1713 1290 1947 1347 significat:
1992 1294 2068 1334 aut

359 1363 472 1404 certe
504 1358 757 1402 ‘adludens’
791 1360 844 1402 ad
877 1359 1075 1416 responsi
1113 1360 1241 1402 fidem
1279 1361 1412 1403 verba
1451 1376 1723 1416 componens.
1843 1374 2068 1406 LABORVM

357 1444 505 1476 FINEM
543 1432 708 1474 scilicet
745 1431 1083 1474 maritimorum:
1124 1446 1228 1473 nam
1266 1431 1311 1473 in
1348 1434 1466 1474 terra
1497 1433 1633 1475 multa
1665 1447 1869 1488 passurus
1902 1436 1984 1490 est,
2020 1436 2070 1477 ut

360 1505 423 1546 ait
456 1503 617 1559 sibylla
650 1502 743 1558 <VI
776 1503 860 1557 84>
893 1502 978 1544 sed
1010 1505 1180 1545 terrae
1213 1502 1456 1559 graviora
1487 1507 1704 1548 manent.

481 1575 578 1617 118.
627 1586 906 1625 PRIMAMQVE
942 1586 1207 1625 LOQVENTIS
1240 1586 1299 1616 AB
1332 1585 1422 1616 ORE
1454 1586 1642 1617 ERIPvrr
1680 1587 1836 1618 PATER
1873 1577 1956 1620 hoc
1992 1581 2069 1634 est,

361 1647 499 1689 adhuc
537 1646 741 1701 loquente
773 1643 963 1688 Ascanio
998 1646 1161 1699 primus
1185 1649 1308 1699 pater
1344 1646 1558 1688 intellexit
1593 1646 1770 1702 famem,
1812 1663 1941 1703 quam
1977 1648 2071 1692 fata

360 1717 678 1773 praedixerant.
720 1771 725 1776 β

484 1789 579 1830 119.
629 1800 811 1831 NVMINE
836 1799 1024 1831 PRESSIT
1057 1789 1104 1831 id
1132 1792 1190 1831 est
1221 1788 1383 1830 oraculi
1414 1788 1498 1830 fide
1532 1789 1586 1830 ab
1612 1788 1779 1832 Heleno
1812 1792 1855 1832 et
1880 1789 2072 1833 Anchisa

361 1858 583 1915 praedicti.
634 1858 834 1914 ‘pressit'
867 1861 1010 1902 autem
1043 1874 1193 1902 vocem
1224 1859 1421 1913 Ascanii,
1459 1874 1543 1915 quo
1582 1863 1731 1915 posset
1768 1860 1862 1916 ipse
1894 1862 2072 1904 numina

362 1931 594 1986 deprecari.

486 2002 581 2044 120.
630 2013 767 2045 FATIS
811 2014 917 2044 MIHI
960 2014 1135 2045 DEBITA
1185 2003 1300 2045 bona
1343 2002 1608 2058 periphrasis
1653 2005 1740 2054 est,
1783 2017 1837 2045 ne
1882 2003 2072 2047 ‘fatalis'

365 2074 543 2129 diceret,
570 2073 685 2129 quod
710 2076 777 2116 est
802 2074 1008 2117 medium:
1041 2077 1085 2116 et
1110 2075 1155 2116 in
1181 2075 1380 2130 precibus
1405 2074 1516 2116 nihil
1543 2089 1635 2116 esse
1659 2073 1906 2130 ambiguum
1932 2075 2072 2118 debet.

486 2146 582 2187 121.
627 2156 656 2187 0
676 2157 776 2187 F1D1
795 2144 970 2188 Aeneae
997 2145 1173 2201 scilicet,
1198 2160 1285 2188 non
1304 2145 1472 2200 Troiae,
1492 2160 1619 2201 quam
1639 2145 1869 2200 nequivere
1891 2161 2073 2189 servare.

487 2216 583 2258 122.
626 2227 707 2258 HIC
727 2227 886 2259 DOMVS
913 2218 988 2258 aut
1012 2216 1190 2270 familia,
1214 2217 1264 2257 ut
1288 2215 1488 2270 <11185>
1515 2215 1576 2258 da
1600 2216 1860 2271 propriam
1887 2216 2072 2273 Thym-

364 2288 516 2329 braee
548 2287 765 2329 domum:
798 2290 873 2329 aut
898 2287 1002 2330 ordo
1030 2289 1114 2342 est,
1145 2287 1215 2329 hic
1241 2289 1307 2328 est
1337 2286 1496 2341 patria,
1527 2286 1597 2329 hic
1628 2286 1797 2342 domus3
1830 2290 1931 2330 ante
1958 2289 2072 2331 enim

300 2364 317 2382 ⁸
364 2358 511 2413 patria
542 2359 627 2412 est,
659 2357 725 2400 sic·
751 2357 916 2400 domus.

462 2479 483 2510 6
509 2474 701 2520 Horatius]
730 2475 797 2510 sat.
824 2474 841 2509 Ι
869 2479 900 2519 1,
926 2477 971 2510 25
1003 2476 1016 2521 ΙΙ
1046 2479 1067 2511 9
1094 2475 1353 2521 concrescunt]
1380 2485 1506 2520 georg.
1533 2475 1585 2510 III
1610 2479 1680 2511 360

366 2570 719 2615 metamorphoseon
745 2569 823 2614 (73)
856 2569 952 2604 dixit
991 2570 1085 2605 ‘neu
1116 2569 1220 2615 regio
1251 2570 1349 2605 foret
1378 2569 1457 2604 ulla
1489 2569 1564 2604 suis
1597 2569 1823 2606 animalibus
1854 2570 2076 2607 orbaastra

367 2618 499 2652 tenent
524 2617 687 2653 coeleste
714 2617 848 2652 solum'
877 2618 962 2653 add.
989 2617 1028 2651 D
1064 2618 1076 2664 ΙΙ
1117 2622 1132 2651 1
1161 2616 1324 2662 panitiae
1350 2617 1384 2651 L
1400 2618 1414 2663 ΙΙ
1440 2616 1558 2652 solum
1585 2627 1652 2652 om.
1679 2618 1723 2652 H
1743 2618 1755 2664 ss
1779 2621 1800 2652 5
1827 2616 1967 2654 laboris
1992 2619 2043 2654 M

366 2666 451 2708 fort.
472 2666 598 2700 autem
618 2666 676 2699 est
695 2666 733 2699 et
750 2666 762 2710 ΙΙ
782 2666 914 2699 neutro
936 2665 985 2699 M
1001 2665 1013 2709 ΙΙ
1033 2669 1054 2700 6
1080 2665 1226 2700 comedi
1250 2665 1420 2710 possunt]
1449 2663 1528 2699 esui
1554 2666 1640 2699 sunt
1659 2664 1700 2699 F
1714 2666 1726 2711 ΙΙ
1745 2665 1837 2700 dant
1862 2668 1989 2701 crustu
2008 2665 2050 2701 F
2064 2619 2074 2711 ii

369 2715 390 2747 8
415 2711 559 2747 labenti
584 2711 620 2746 L
639 2713 651 2758 ΙΙ
676 2715 696 2746 9
723 2711 898 2757 dicimus]
926 2711 1100 2747 dicuntur
1127 2713 1176 2746 M
1193 2713 1204 2758 ΙΙ
1229 2723 1324 2757 quae
1351 2723 1515 2747 comesse
1541 2723 1615 2746 non
1640 2712 1854 2759 possumus]
1882 2724 1976 2757 quae
2000 2724 2076 2748 non

369 2759 455 2793 sunt
480 2759 560 2794 esui
584 2758 657 2794 AS
665 2758 715 2793 M
745 2758 856 2803 (esuis
882 2759 919 2803 a)
958 2759 970 2804 ΙΙ
1008 2761 1251 2794 concrescunt
1275 2760 1329 2802 A,
1354 2759 1416 2794 sed
1440 2759 1509 2794 unt
1533 2760 1575 2794 in
1597 2770 1671 2794 ras.
1698 2771 1741 2803 a,
1777 2759 1982 2795 concrescit
2006 2761 2035 2796 S
2064 2759 2076 2807 ΙΙ

371 2809 414 2841 10
440 2818 642 2846 vanssmxs
662 2805 707 2840 Η
720 2806 732 2852 ΙΙ
754 2809 795 2840 11
818 2816 865 2840 an
884 2805 958 2840 AS
984 2807 1065 2850 (aut
1089 2808 1152 2851 as)
1178 2817 1201 2841 a
1219 2807 1253 2840 L
1286 2807 1367 2852 (aut
1392 2807 1417 2852 l)
1438 2807 1449 2852 ΙΙ
1469 2807 1668 2851 quadragis
1695 2807 1739 2841 H
1753 2807 1765 2853 Ιι
1786 2810 1828 2842 12
1849 2806 2076 2852 accipiamus

368 2853 408 2888 F
424 2854 436 2899 ΙΙ
455 2855 559 2898 potes
584 2853 621 2888 R
658 2854 780 2898 potest
806 2852 892 2887 HF
908 2853 919 2899 ΙΙ
950 2855 992 2887 16
1019 2863 1191 2897 passuros
1216 2854 1252 2888 R
1271 2855 1283 2900 ss
1302 2854 1358 2889 est
1382 2865 1447 2888 om.
1470 2853 1592 2888 SRH
1607 2854 1618 2900 ΙΙ
1640 2858 1683 2890 17
1708 2854 1806 2889 terre
1831 2853 1867 2889 R
1886 2855 1898 2901 ΙΙ
1923 2858 1968 2889 20
1993 2865 2076 2900 pre-

369 2900 516 2935 dixerat
540 2901 585 2935 H
604 2902 616 2947 ΙΙ
645 2905 687 2935 21
715 2899 826 2935 fidem
851 2899 891 2934 F
913 2900 925 2946 u
949 2900 1056 2934 eleno
1082 2899 1118 2934 A
1137 2901 1148 2946 Ιι
1173 2900 1325 2948 anchise
1352 2900 1392 2935 F
1413 2902 1425 2947 Ιι
1456 2904 1500 2935 22
1526 2901 1726 2947 praedicti]
1752 2902 1916 2946 presenti
1941 2901 1978 2936 R
2014 2902 2076 2937 uel

368 2947 600 2993 praesentati
625 2958 800 2992 superscr.
827 2958 847 2982 r
877 2948 889 2993 ss
926 2957 1056 2982 vocem
1081 2958 1147 2982 om.
1175 2948 1221 2982 H
1246 2949 1258 2994 ΙΙ
1295 2947 1414 2993 possit
1439 2948 1512 2983 AS
1541 2949 1553 2995 ΙΙ
1590 2948 1685 2994 ipse]
1712 2959 1779 2984 om.
1806 2948 1864 2992 H,
1890 2959 1970 2984 esse
1996 2949 2047 2983 M
2064 2949 2077 2995 ΙΙ

369 2998 417 3030 24
441 2994 573 3029 ΜΕΒΙΤΑ
591 2994 628 3029 R
653 2995 748 3038 (mm
771 3006 903 3029 namu
921 2994 994 3076 ἠὲ
1007 2993 1105 3029 bona
1130 2994 1336 3039 periphrasi
1362 3006 1450 3030 usus
1478 2997 1534 3030 est
1553 2995 1594 3029 F
1609 2996 1620 3041 ss
1640 2995 1749 3030 frasis
1769 2994 1798 3029 S
1823 2995 2026 3040 (perifrasis
2045 2997 2076 3042 s)

371 3042 381 3089 Η
407 3045 453 3078 25
479 3042 518 3077 et
542 3051 608 3076 om.
637 3041 678 3076 F
698 3043 709 3088 ΙΙ
734 3041 828 3076 nihil
853 3053 919 3077 om.
1013 3041 1025 3087 ΙΙ
1049 3041 1266 3086 ambiguum
1293 3053 1372 3077 esse
1399 3042 1512 3078 debet
1536 3042 1582 3076 H
1616 3053 1696 3076 esse
1721 3042 1833 3077 debet
1858 3042 2076 3088 ambiguum

372 3125 422 3159 M
449 3125 472 3171 u>
492 3126 538 3159 26
561 3123 722 3170 scilieet]
750 3123 895 3160 scilicet
919 3125 957 3160 et
981 3123 1059 3159 AL
1095 3123 1338 3169 intellegatur
1363 3123 1404 3158 F
1430 3125 1442 3170 ιι
1473 3097 1692 3167 nequiuerat
1716 3123 1764 3159 F.
1783 3124 1795 3169 ιι
1833 3127 1877 3159 27
1903 3136 1973 3159 nm
1999 3124 2045 3159 H

371 3172 434 3218 da]
461 3183 485 3208 a
509 3171 555 3207 H
567 3171 580 3218 ΙΙ
604 3170 757 3217 propria
781 3171 817 3206 R
835 3173 848 3218 ΙΙ
866 3171 1023 3207 timbree
1049 3171 1182 3206 ΑΕΗ
1211 3171 1406 3216 tymbreae
1431 3171 1466 3205 L
1502 3171 1671 3215 tymbrec
1700 3171 1749 3205 M
1783 3171 1977 3215 tymbrace
2003 3171 2045 3206 F

373 3222 418 3258 28
444 3220 501 3255 est
518 3222 605 3264 post
629 3218 720 3253 ordo
746 3229 812 3255 om.
838 3219 883 3253 H
897 3220 909 3264 ΙΙ
934 3220 992 3254 est
1012 3222 1097 3264 post
1119 3218 1183 3254 hic
1207 3229 1274 3255 om.
1301 3219 1349 3253 M
1366 3219 1378 3265 ΙΙ
1404 3222 1448 3254 29
1476 3220 1532 3254 est
1550 3221 1636 3263 post
1659 3217 1783 3264 patria
1808 3229 1875 3254 om.
1901 3219 1937 3254 L
1959 3219 1973 3267 fl
2004 3124 2077 3269 sici
