2124 3600
278 1020 317 1051 10

276 1377 316 1408 15

273 1737 318 1767 ‘20

342 258 397 300 70
1112 258 1272 298 SERVII

459 366 557 408 451.
607 378 823 410 ERRABAT
856 368 1115 424 vagabatur,
1152 372 1199 411 ut
1234 369 1370 411 mille
1407 383 1536 412 meae
1566 369 1754 414 Siculis
1784 376 1958 415 errant
1984 374 2046 416 in

340 438 584 481 montibus
621 453 787 493 aynae.
851 442 894 481 et
930 439 1037 481 bene
1076 440 1252 495 adlusit,
1293 440 1394 495 quia
1433 442 1476 482 et
1515 444 1734 484 amaverat
1764 445 1808 485 et
1839 457 1884 485 se
1915 443 2045 486 inter-

340 512 520 562 emerat,
552 511 600 551 ut
630 510 752 566 quasi
785 511 995 553 incertum
1030 514 1161 566 esset,
1197 526 1321 566 quem
1355 511 1561 554 circulum
1593 516 1741 568 posset
1771 516 1927 558 tenere.

460 581 556 624 453.
609 593 852 625 OBSOVRAM
885 583 1044 625 recenti
1076 584 1232 638 morte,
1264 585 1314 624 ut
1345 583 1528 625 diximus
1562 599 1692 640 supra
1725 585 1880 641 (340).

460 652 559 696 456.
609 666 802 697 INFELIX
835 667 952 697 DIDO
992 654 1149 696 veniali
1183 655 1337 697 utitur:
1378 658 1421 697 et
1459 658 1635 698 excusat
1673 671 1717 699 se
1755 672 1831 713 per
1862 659 2046 701 necessi-

341 726 494 780 tatem,
537 740 590 767 ne
634 726 788 769 mortis
834 739 963 769 causa
1006 726 1138 768 fuisse
1183 726 1388 769 videatur.
1510 740 1659 771 VERVS
1700 740 1804 771 MIHI
1844 742 2046 773 NVNTIVS

326 793 450 838 οκατὰ
477 793 527 839 τὸ
554 794 846 852 σιωπώμενον
873 798 1209 854 intellegendum
1244 798 1357 853 quod
1384 799 1688 858 sit-nuntiatus
1710 799 1890 843 Didonis
1917 801 2045 843 inter-

342 869 440 910 itus.
499 868 570 910 alii
604 868 657 910 ad
689 869 833 926 ignem
866 869 1060 912 referunt
1093 869 1230 912 visum
1265 869 1335 924 <V
1367 870 1442 925 3>t
1476 871 1552 912 alii
1585 871 1637 913 ad
1669 871 1944 928 Mercurium,
1976 874 2048 928 qui

343 939 404 981 ait
437 938 528 994 <IV
561 939 676 995 564>
709 943 850 983 certa
889 941 1027 984 mori.
1091 934 1244 983 sed'in
1282 944 1434 984 neutro
1475 942 1512 983 ei
1551 942 1679 985 etiam
1722 944 1874 986 mortis
1913 958 2048 1000 genus

343 1013 409 1053 est
442 1011 755 1067 significatum,
787 1014 831 1054 et
861 1012 931 1054 hic
965 1012 1068 1055 dicit
1101 1012 1314 1068 ‘ferroque
1347 1016 1539 1056 extrema
1571 1014 1790 1057 secutam’.
1841 1030 1942 1057 sane
1975 1016 2049 1071 qui

342 1082 516 1125 nuntiat
561 1097 716 1138 genere
760 1085 930 1126 tantum
971 1084 1128 1126 dicitur
1164 1085 1421 1141 masculino,
1466 1086 1581 1141 quod
1626 1088 1769 1129 autem
1813 1087 2052 1139 nuntiatur,

345 1155 444 1197 licet
475 1156 627 1196 neutro
661 1154 845 1208 dicatur,
881 1157 1026 1197 tamen
1059 1155 1276 1198 invenitur
1309 1157 1438 1199 etiam
1471 1157 1719 1200 masculino.

462 1225 561 1268 458.
613 1237 811 1270 FVNERIS
843 1239 937 1269 ΗΕν
971 1240 1065 1271 T1B1
1100 1239 1246 1271 CAVSA
1280 1240 1358 1271 Fvl
1398 1244 1446 1271 ac
1486 1228 1522 1271 si
1560 1229 1736 1284 diceret,
1778 1230 1851 1285 qui
1883 1230 2050 1272 fueram

344 1300 444 1340 ante
475 1297 722 1353 voluptatis.

462 1369 560 1413 459.
612 1382 653 1413 SI
681 1382 774 1421 QVA
801 1381 935 1413 mons
963 1382 1179 1413 TELLVRE
1207 1382 1291 1413 SVB
1319 1382 1400 1412 IMA
1426 1383 1511 1414 EST
1548 1371 1617 1413 ubi
1650 1372 1864 1426 promissa
1891 1373 2052 1415 exitum

343 1456 429 1484 non
469 1441 643 1484 habent.
707 1442 896 1497 respexit
936 1443 1079 1483 autem
1121 1441 1173 1483 ad
1211 1440 1450 1497 Orpheum,
1496 1442 1568 1498 qui
1612 1445 1828 1498 receptam
1868 1444 2054 1499 perdidit

344 1514 584 1570 coniugem.

463 1586 562 1628 461.
614 1597 738 1636 QVAE
778 1595 902 1627 NVNC
941 1596 1030 1627 HAS
1070 1596 1147 1626 mn
1181 1596 1269 1626 PER
1300 1596 1484 1627 VMBRAS
1537 1588 1864 1641 argumentatur
1909 1602 1957 1629 ex
2003 1602 2052 1629 eo

346 1658 459 1713 quod
486 1661 552 1699 est
572 1656 732 1699 inferos
755 1656 897 1698 subire
919 1656 1179 1711 compulsus,
1204 1655 1386 1698 invitum
1413 1670 1457 1697 se
1485 1656 1709 1712 reliquisse
1731 1656 2049 1714 Carthaginem.

464 1729 562 1771 462.
614 1740 762 1771 SENTA
801 1741 904 1771 SITV
947 1728 1152 1784 squalida.
1209 1730 1251 1769 et
1289 1729 1355 1769 est
1391 1728 1623 1771 translatio
1662 1744 1686 1771 a
1723 1731 1840 1772 terra
1878 1730 2054 1786 inculta,

344 1802 392 1843 in
421 1814 504 1854 qua
534 1804 662 1843 sentes
693 1803 928 1842 nascuntur.
994 1800 1103 1842 situs
1143 1802 1286 1841 autem
1328 1799 1502 1866 propri-e
1541 1801 1607 1841 est
1645 1800 1804 1856 lanugo
1844 1802 2053 1856 quaedam

295 1926 296 1929 Ἴ
346 1888 395 1914 ex
428 1886 577 1915 umore
609 1874 836 1927 procreata
870 1873 912 1914 et
942 1871 992 1913 fit
1022 1871 1066 1913 in
1097 1871 1204 1913 locis
1238 1871 1327 1912 sole
1360 1870 1617 1913 carentibus.

276 2094 319 2125 25

278 2450 323 2481 30

464 1944 562 1986 463.
612 1954 704 1986 NEC
738 1954 956 1985 CREDERE
990 1955 1119 1993 QVIVI
1153 1942 1576 1997 argumentationem
1609 1943 1809 1998 tetendit,
1842 1959 1890 1986 ac
1923 1944 1959 1986 si
1991 1944 2050 1986 di-

347 2017 480 2058 ceret:
513 2015 550 2057 si
582 2014 877 2071 credidissem,
909 2014 1018 2058 forte
1052 2014 1182 2056 etiam
1215 2014 1391 2056 deorum
1424 2014 1541 2055 iussa
1573 2016 1902 2058 contemnerem.

466 2087 564 2129 465.
617 2098 741 2130 SISTE
774 2098 971 2130 GRADVM
1003 2086 1218 2129 discedere
1252 2100 1345 2128 eam
1379 2085 1504 2127 datur
1534 2085 1738 2141 intellegi.

466 2159 565 2201 466.
615 2170 880 2202 ΕΧῚἭΕΜνΜ
911 2169 1035 2200 FATo
1069 2169 1196 2208 QVOD
1229 2169 1288 2199 TE
1322 2168 1578 2207 ADLOQvon
1609 2168 1703 2199 Hoc
1733 2168 1816 2199 EST
1849 2160 1924 2200 aut
1955 2158 2056 2214 quia

347 2230 452 2272 deus
491 2230 660 2272 futurus
701 2232 784 2272 est:
827 2231 919 2285 aut,
959 2229 1072 2284 quod
1105 2228 1258 2270 melius
1292 2229 1375 2282 est,
1414 2228 1514 2282 quia
1545 2230 1645 2283 post
1679 2230 1857 2271 mortem
1891 2229 2064 2271 tenebit-

348 2301 530 2342 alterum
566 2300 788 2355 circulum,
820 2299 923 2342 viris
955 2299 1143 2341 fortibus
1176 2298 1357 2353 scilicet,
1390 2314 1478 2340 non
1509 2299 1756 2341 amantibus
1789 2299 1947 2342 datum.

467 2372 566 2412 467.
617 2382 771 2413 TORVA
803 2385 882 2426 pro
913 2369 1089 2422 ‘torve',
1121 2370 1165 2411 id
1198 2372 1264 2411 est
1294 2369 1557 2412 terribiliter.

467 2441 566 2484 468.
616 2453 818 2484 LENJBAT
851 2456 929 2498 pro
964 2440 1196 2485 ‘leniebatz
1253 2443 1296 2483 et
1327 2441 1502 2496 antique
1535 2441 1662 2496 dixit,
1701 2443 1749 2483 ut
1781 2441 1916 2496 <VIII
1940 2442 2055 2497 436>

349 2513 575 2569 squamis
621 2529 845 2569 auroque
889 2513 1133 2569 polibant
1175 2527 1255 2567 pro
1295 2511 1573 2568 ‘poliebanffi
1636 2512 1819 2555 maiores
1860 2513 1972 2555 enim
2010 2513 2056 2555 in

445 2634 463 2665 1
489 2629 608 2675 mille]
636 2631 714 2666 buc.
743 2630 777 2664 ΙΙ
803 2635 845 2665 21
879 2631 892 2676 ΙΙ
930 2634 973 2665 10
1000 2641 1087 2665 sane
1115 2630 1179 2675 qui
1205 2658 1212 2665 .
1236 2659 1243 2666 .
1266 2659 1271 2665 .
1300 2628 1521 2675 masculino]
1549 2628 1593 2663 cf.
1623 2628 1706 2665 lsid.
1735 2640 1786 2664 or.
1813 2629 1846 2665 X
1875 2633 1940 2666 189

348 2736 650 2781 metempsicosin
675 2735 753 2771 FO
785 2736 1060 2771 metemsicosin
1087 2738 1135 2771 M
1170 2737 1182 2781 ΙΙ
1219 2741 1240 2771 2
1267 2736 1355 2781 quia
1379 2737 1573 2771 amauerat
1599 2735 1639 2770 F
1678 2735 1742 2780 qui
1767 2738 1960 2771 amauerat
1982 2735 2018 2771 G
2043 2734 2056 2782 ΙΙ

349 2788 370 2818 5
398 2784 533 2818 ueniali
564 2782 684 2818 utitur
716 2784 817 2817 statu
844 2784 893 2817 M
927 2785 939 2828 ΙΙ
977 2788 997 2818 9
1024 2784 1057 2818 61
1090 2784 1205 2819 etiam
1231 2783 1383 2818 ARM:
1411 2782 1446 2818 ei
1472 2782 1568 2818 ciam
1595 2784 1623 2818 aS'
1660 2782 1735 2818 diei
1761 2782 1874 2818 etiam
1899 2783 1945 2817 H
1978 2784 2056 2818 eius

349 2831 462 2866 etiam
484 2830 525 2865 F
559 2830 668 2865 etiam
694 2829 725 2864 Ο
752 2830 831 2864 61116
858 2831 893 2865 61
918 2831 1032 2865 etiam
1058 2833 1164 2875 vulqo
1183 2832 1236 2876 ss„
1216 2843 1330 2865 oenus
1356 2830 1487 2865 mortis
1510 2831 1555 2865 M
1573 2831 1586 2875 ΙΙ
1604 2842 1720 2875 genus
1747 2841 1811 2864 om.
1834 2830 1872 2865 H
1891 2830 1904 2875 ΙΙ
1925 2834 1967 2866 10
1993 2831 2055 2865 hic

350 2878 453 2913 libri:
479 2877 566 2912 hinc
591 2878 698 2922 vulyo
717 2878 729 2923 ΙΙ
749 2877 875 2912 secuta
901 2879 972 2911 AaS
989 2878 1001 2922 ΙΙ
1033 2882 1074 2912 12
1102 2878 1263 2924 dicatur]
1291 2878 1390 2923 apud
1416 2877 1603 2912 Catullum
1631 2881 1701 2921 (63,
1724 2878 1781 2921 75)
1807 2878 1892 2912 add.
1918 2877 2055 2913 habri-

349 2926 428 2961 cius
451 2926 463 2971 ΙΙ
489 2924 620 2970 etiam]
648 2926 686 2959 et
712 2923 790 2959 FO
814 2926 826 2969 ΙΙ
861 2928 902 2959 14
928 2926 1015 2959 ante
1043 2936 1155 2960 causa
1179 2924 1395 2970 uoluptatis,
1412 2925 1613 2960 Fabricius
1643 2925 1655 2969 ΙΙ
1688 2928 1731 2959 16
1757 2924 1836 2970 qui]
1863 2936 1958 2969 quae
1983 2924 2025 2959 F
2044 2923 2057 2971 Η

352 2976 394 3007 19
422 2972 621 3017 conpulsus
647 2971 769 3007 AFO'
783 2974 795 3017 ΙΙ
815 2976 860 3007 20
886 2972 1079 3016 squalidae
1107 2971 1138 3006 Ο
1153 2973 1165 3017 Η
1186 2973 1327 3008 inculta
1353 2971 1460 3016 situs]
1487 2971 1620 3007 insitus
1648 2972 1749 3007 culta
1773 2972 1832 3016 011
1856 2975 1900 3006 22
1927 2982 2055 3007 umore

352 3042 404 3079 F.
430 3043 585 3078 humore
611 3043 742 3088 reliqui
772 3043 784 3088 ΙΙ
815 3042 858 3078 fit
883 3044 1005 3078 autem
1032 3041 1071 3077 in
1098 3041 1189 3077 locis
1217 3042 1427 3077 carentibus
1453 3043 1529 3078 sole
1558 3043 1607 3077 M
1634 3043 1646 3086 ΙΙ
1683 3046 1727 3077 23
1753 3021 1914 3076 tletendit
1939 3041 1973 3075 A
2001 3044 2053 3086 (te

351 3092 484 3134 eadem,
510 3093 551 3126 ut
575 3090 734 3134 videtur,
759 3102 891 3126 manus
917 3089 1075 3135 addidit)
1099 3090 1112 3134 ΙΙ
1142 3093 1187 3123 24
1212 3089 1291 3124 fore
1319 3088 1350 3124 G
1371 3090 1383 3134 ΙΙ
1408 3092 1708 3134 contempnerem
1734 3089 1773 3122 F
1793 3089 1806 3133 ΙΙ
1838 3090 1880 3123 25
1908 3087 2052 3123 discere

351 3138 425 3175 AS
447 3117 650 3183 (discedere
677 3140 736 3180 as)
775 3138 952 3172 decedere
979 3137 1011 3173 Ο
1045 3137 1168 3172 desine
1196 3135 1273 3171 FG
1292 3136 1304 3180 ΙΙ
1329 3147 1385 3170 6ι
1398 3136 1443 3170 H
1456 3136 1469 3181 ΙΙ
1497 3140 1541 3171 27
1569 3137 1624 3171 est
1648 3135 1780 3170 melius
1808 3136 1857 3169 M
1873 3136 1885 3180 ΙΙ
1904 3137 1959 3171 est
1984 3147 2050 3171 om.

352 3186 397 3220 H
418 3186 431 3231 ΙΙ
461 3186 545 3230 post
569 3185 743 3230 mortem]
771 3186 918 3230 postem
945 3185 984 3220 F
1011 3186 1023 3231 ΙΙ
1054 3188 1098 3219 30
1124 3183 1181 3230 ut]
1210 3184 1247 3218 et
1271 3182 1344 3218 AS
1368 3183 1424 3228 (ut
1448 3193 1548 3228 supr
1575 3194 1663 3218 vers.
1690 3183 1772 3218 add
1802 3184 1839 3227 a)
1870 3183 1882 3229 ΙΙ
1913 3186 1955 3218 31
1983 3194 2051 3228 pro

351 3232 545 3278 poliebant
569 3243 634 3267 om.
662 3231 877 3268 ASMFO
