2092 3614
299 241 386 283 248
1075 238 1236 275 SERVII

298 349 595 406 parricidium:
628 351 703 391 aut
733 351 850 392 certe
882 349 1157 392 oraculorum
1187 348 1446 391 necessitate
1478 348 1741 403 conpulsum.
1862 360 2004 391 PELA-

233 419 235 421 ’
299 433 443 472 GIQVE
475 416 697 463 E‘XTREMA
728 422 771 464 id
800 424 859 463 est
887 424 963 462 aut
991 435 1068 475 per
1100 421 1291 461 extrema
1320 419 1463 475 pelagi
1496 421 1658 462 actum:
1699 422 1791 475 aut,
1823 422 1871 462 ut
1902 419 2006 462 dicit

299 492 515 547 Donatus,
558 506 635 547 per
674 492 855 547 pelagus
897 494 1088 549 extrema
1129 493 1395 546 sequentem,
1439 493 1488 533 ut
1529 489 1717 546 ‘pelagi'
1757 490 2007 533 adverbium

301 564 369 606 sit.
490 580 655 611 mucro
663 581 711 606 VE
739 563 940 616 mmmm]
968 576 1046 616 pro
1078 561 1146 604 ‘in
1169 561 1350 617 pelaqo’,
1381 566 1457 604 aut
1478 563 1620 616 pelayi
1641 563 1842 616 pericula.
2033 600 2041 607 ‚

253 643 274 674 5
419 636 517 678 334.
567 646 786 678 FORTVNA
812 626 1107 677 OMNIPorENS
1134 645 1192 675 ET
1218 644 1561 676 INELVOTABILE
1588 645 1747 677 FATVM
1775 634 2008 676 secundum

301 707 459 749 stoicos
491 708 659 749 locutus
692 709 775 760 est,
813 706 885 761 qui
915 706 1036 747 nasci
1067 707 1110 746 et
1142 705 1252 747 mori
1282 705 1386 747 fatis
1419 705 1543 759 dant,
1577 704 1718 747 media
1749 704 1894 747 omnia
1925 704 2008 747 for·

299 781 446 820 tunae:
479 792 579 819 nam
608 777 722 819 vitae
755 777 967 819 humanae
999 777 1163 818 incerta
1194 779 1296 818 sunt
1326 777 1483 819 omnia.
1534 776 1644 818 unde
1672 780 1715 818 et
1738 776 1930 831 miscuit,
1961 778 2010 818 ut

300 849 423 904 quasi
453 849 630 904 plenum
663 848 908 890 ostenderet
938 839 1114 903 dogma:
1146 862 1247 889 nam
1273 847 1383 889 nihil
1413 850 1503 889 tam
1529 846 1794 889 contrarium
1820 849 1886 888 est
1916 846 2009 889 fato

301 935 428 976 quam
467 934 612 974 casus3
651 919 725 961 sed
763 918 998 961 secundum
1032 919 1193 960 stoicos
1226 918 1344 960 dixit.
1406 919 1484 960 alii
1516 918 1707 972 ‘fortuna
1738 917 2011 972 omnipotens'

235 999 276 1030 1ο
296 995 465 1046 propter
493 992 640 1045 fuyam
669 993 708 1032 et
736 990 925 1044 exilium,
957 989 1229 1032 ‘ineluctabile
1251 989 1410 1042 fatum'
1443 990 1610 1044 idcirco,
1640 993 1688 1045 ut
1715 1004 1757 1032 se
1786 990 1945 1032 sceleris
1976 992 2013 1031 et

294 1063 521 1117 parricidii
551 1062 724 1104 crimine
747 1065 959 1115 puryaret.

419 1133 519 1176 335.
568 1144 722 1175 EGERE
756 1134 1012 1188 coegerunt,
1043 1134 1092 1174 ut
1123 1132 1246 1187 quasi
1278 1133 1480 1174 ostendat
1511 1133 1706 1175 invitum.

421 1205 519 1247 336.
569 1214 834 1247 GARMENTIS
863 1214 1086 1245 NYMPHAE
1113 1214 1294 1246 MONITA
1326 1203 1478 1246 matris
1512 1204 1622 1259 eius,
1652 1218 1756 1258 quae
1782 1203 2015 1246 Nicostrate

301 1278 411 1320 dicta
447 1280 522 1331 est,
557 1277 627 1318 sed
661 1277 749 1318 ideo
782 1275 1014 1319 Carmentis
1050 1275 1258 1329 appellata
1290 1290 1317 1317 a
1346 1276 1450 1331 suis,
1491 1276 1599 1329 quod
1633 1276 1886 1318 divinatione
1921 1275 2015 1328 fata

233 1356 275 1387 15
302 1351 483 1390 caneret:
521 1361 622 1389 nam
653 1348 822 1401 antique
851 1350 962 1389 vates
991 1349 1214 1389 carmentes
1244 1346 1497 1401 dicebantur,
1528 1348 1636 1389 unde
1665 1348 1790 1389 etiam
1822 1347 2015 1389 librarios

302 1420 375 1473 qui
416 1433 556 1461 eorum
598 1419 707 1461 dicta
742 1418 1056 1472 perscriberent,
1105 1419 1399 1460 carmentarios
1442 1422 1709 1472 nuncupatos.
1772 1418 1850 1461 alii
1891 1418 2016 1460 huius

303 1492 464 1533 comites
496 1490 736 1532 Porrimam
766 1493 804 1532 et
833 1489 1087 1532 Postvertam
1119 1490 1305 1541 tradunt,
1343 1490 1443 1543 quia
1473 1490 1631 1532 vatibus
1662 1493 1700 1531 et
1721 1491 1949 1544 praeterita
1979 1492 2016 1531 et

301 1563 450 1616 futura
491 1565 589 1604 sunt
629 1564 740 1603 nota.
800 1561 878 1603 alii
921 1561 1044 1603 etiam
1092 1559 1300 1602 Tiburtem
1342 1561 1505 1603 dictam.
1569 1559 1826 1615 ‘nymphae’
1872 1562 2015 1602 autem

305 1634 486 1676 maritae
519 1633 641 1675 dicit:
676 1646 778 1681 nam
810 1645 964 1687 graece
997 1646 1157 1686 sponsa
1188 1629 1343 1687 νύμφη
1376 1632 1542 1674 dicitur.
1603 1631 1708 1674 haec
1746 1635 1890 1674 autem
1928 1646 2017 1674 non

235 1713 281 1744 20
307 1718 406 1747 vere
437 1703 630 1759 nympha
660 1703 762 1758 fuit,
793 1703 866 1744 sed
898 1702 1184 1745 vaticinatrix.
1241 1703 1318 1744 alii
1347 1702 1571 1757 nympham
1602 1704 1689 1745 ideo
1720 1704 1889 1758 dictam,
1920 1718 2016 1757 quo-

306 1777 424 1818 niam
449 1777 520 1829 qui
543 1788 608 1817 res
632 1775 846 1816 Arcadum
867 1775 1138 1828 scripserunt,
1171 1774 1342 1816 tradunt
1370 1788 1440 1816 sex
1462 1775 1643 1827 feminas
1672 1775 1729 1817 ibi
1755 1775 1884 1828 fuisse
1914 1789 2018 1829 quae

307 1846 510 1901 nymphae
539 1849 796 1900 vocarentur,
827 1846 874 1887 in
899 1846 991 1899 quis
1015 1848 1053 1886 et
1078 1843 1355 1887 Carmentem:
1380 1847 1554 1900 proprio
1579 1860 1671 1901 erqo
1695 1846 1902 1902 vocabulo,
1932 1859 2017 1888 non

307 1918 477 1972 epitheto
500 1918 656 1972 poetico
687 1931 787 1959 usus
818 1920 886 1959 est.
1007 1927 1192 1959 AVCTOR
1224 1916 1389 1959 scilicet
1421 1917 1705 1960 oraculorum.

429 1989 527 2031 337.
576 2000 828 2031 MONS'BRAT
860 2000 920 2030 ET
959 1999 1087 2030 ARAM
1126 1991 1202 2030 aut
1237 2003 1366 2043 quam
1405 1988 1609 2031 Euander
1645 1989 1773 2031 matri
1809 1989 1912 2031 fecit
1949 2003 2018 2031 ex-

239 2075 284 2106 25
310 2061 490 2103 tinctae:
527 2063 602 2102 aut
631 2059 796 2102 ‘aram'
821 2074 901 2114 pro
932 2063 1212 2102 monumento:
1249 2063 1325 2101 aut
1353 2060 1441 2103 ideo
1472 2074 1611 2112 aram,
1642 2061 1743 2114 quia
1773 2060 1832 2102 ibi
1860 2061 2020 2115 sepulta

310 2135 368 2175 est
396 2135 435 2175 et
454 2135 551 2186 post
574 2145 775 2174 eoecessum
799 2132 874 2174 dea
899 2132 1063 2174 credita.
1113 2133 1179 2173 est
1204 2134 1349 2173 autem
1375 2132 1497 2174 iuxta
1520 2133 1713 2187 portam,
1744 2147 1853 2187 quae
1878 2132 2018 2187 primo
2082 2154 2084 2157 ·

334 2319 354 2353 f
385 2271 656 2354 10ᾶο000011οῗ
682 2272 819 2354 ῗΐιο1οοε
844 2284 874 2308 0.
902 2283 936 2316 q.
964 2272 1008 2318 s.]
1035 2270 1080 2307 cf.
1107 2270 1193 2307 Isid.
1219 2271 1295 2307 diff.
1322 2273 1421 2307 verb.
1447 2276 1515 2307 219
1534 2273 1547 2317 ΙΙ
1568 2276 1610 2307 13
1636 2282 1732 2317 (1030
1758 2300 1766 2308 .
1789 2302 1796 2308 .
1819 2302 1826 2308 .
1854 2272 2018 2318 caneret]

313 2332 333 2355 0
350 2347 358 2355 .
405 2331 436 2354 ei
465 2347 471 2355 .
500 2330 551 2354 or.
645 2346 654 2363 ,

410 2455 428 2485 1
455 2450 697 2496 patricidium
715 2450 756 2486 F
772 2451 784 2497 ΙΙ
803 2455 824 2486 2
849 2450 976 2496 pelagi
1002 2451 1127 2485 actum
1152 2460 1219 2484 om.
1240 2448 1323 2483 LH
1341 2450 1439 2494 (add.
1462 2450 1500 2494 l).
1527 2450 1569 2484 in
1588 2449 1722 2484 Hamb.
1746 2453 1830 2494 post
1855 2450 2022 2485 extrema

313 2499 446 2543 Zeyitur
471 2498 542 2533 11οο
568 2509 719 2542 nomen,
746 2499 842 2543 quod
866 2509 910 2533 esc
934 2498 1068 2533 scholio
1093 2498 1143 2532 ad
1167 2508 1197 2532 v.
1220 2500 1288 2532 332
1315 2507 1434 2532 errore
1458 2497 1648 2541 repetitum
1672 2500 1723 2532 est
1741 2497 1753 2543 ΙΙ
1771 2498 1813 2532 ut
1838 2495 1931 2532 dicit
1948 2495 2021 2532 Do-

313 2545 438 2591 natus]
471 2546 519 2581 ut
538 2545 668 2580 dicunt
692 2511 846 2590 quildam
873 2545 913 2580 F
940 2546 953 2592 11
989 2549 1010 2580 3
1037 2545 1219 2590 extrema]
1248 2555 1292 2579 ex
1316 2544 1443 2589 pelagi
1468 2544 1554 2578 LH
1576 2545 1682 2589 (corr.
1710 2545 1736 2589 l)
1766 2545 1779 2589 ΙΙ
1816 2544 1872 2590 ut]
1894 2542 1961 2591 [ssu
1987 2544 2022 2579 L

315 2594 380 2628 aut
406 2593 463 2628 M.
496 2593 538 2627 in
563 2593 696 2627 Hamb.
723 2594 820 2628 inter
851 2593 1067 2637 sequentem
1101 2596 1134 2627 et
1163 2592 1206 2626 ut
1230 2595 1307 2627 octo
1337 2592 1411 2635 fere
1443 2592 1648 2627 litterarum
1672 2593 1833 2636 spatium
1857 2592 2022 2627 relictum

315 2651 386 2676 csse
409 2650 533 2675 moneo
551 2641 563 2686 11
582 2643 604 2674 4
630 2640 694 2691 sit]
721 2641 779 2674 est
803 2640 903 2675 HM
926 2643 959 2676 et
981 2640 1028 2683 L,
1053 2644 1095 2675 ut
1118 2640 1280 2681 videtur;
1306 2650 1394 2674 nam
1419 2639 1468 2674 sit
1491 2640 1534 2674 in
1558 2650 1631 2674 ras.
1653 2640 1664 2674 l
1683 2640 1695 2686 ΙΙ
1714 2643 1735 2674 6
1762 2638 1870 2685 dant]
1896 2639 2023 2675 dicant

316 2688 352 2723 R
370 2688 383 2733 ΙΙ
403 2692 422 2723 7
451 2688 488 2722 et
512 2690 597 2722 ante
621 2685 773 2721 miscuit
797 2698 862 2722 om.
883 2687 923 2722 F
938 2688 951 2734 ΙΙ
969 2668 1028 2733 ut]
1054 2689 1093 2722 et
1116 2686 1205 2721 LH
1218 2687 1231 2731 ΙΙ
1250 2689 1271 2721 8
1297 2687 1494 2722 ostendere
1513 2686 1602 2721 LH
1615 2687 1628 2733 ΙΙ
1647 2690 1666 2721 9
1693 2687 1743 2722 ad
1767 2698 2022 2722 mameranus

315 2749 347 2770 r.
368 2736 409 2770 in
427 2745 542 2779 margJ.
567 2733 820 2778 insuperabile
846 2735 888 2769 ut
913 2747 950 2770 se
975 2733 1168 2779 parricidii
1188 2732 1342 2769 crimine
1367 2735 1545 2779 purgaret
1567 2734 1651 2769 ideo
1672 2733 1766 2768 dicit
1782 2733 2022 2770 ineluctabile

315 2783 433 2818 fatum
464 2782 497 2816 T
519 2783 532 2828 ΙΙ
564 2785 607 2817 10
634 2781 807 2816 excilium
833 2781 873 2816 F
888 2783 900 2826 ΙΙ
928 2782 1069 2816 factum
1095 2781 1138 2816 F
1157 2782 1169 2828 ΙΙ
1202 2785 1243 2816 11
1271 2781 1443 2826 paricidii
1467 2781 1508 2816 F
1529 2782 1552 2828 11
1574 2785 1617 2816 13
1644 2781 1740 2827 eius]
1768 2780 1923 2816 euandri
1948 2780 1990 2815 F
2009 2780 2021 2826 ΙΙ

316 2831 365 2865 ad
389 2841 420 2864 v.
449 2833 518 2864 336
543 2830 586 2864 in
609 2839 723 2874 mary.
755 2829 850 2864 haec
883 2828 1083 2863 carmentis
1113 2829 1263 2873 proprio
1295 2829 1445 2864 nomine
1476 2828 1680 2864 nicostrata
1710 2828 1812 2863 dicta
1843 2829 1900 2862 est
1930 2830 1968 2863 et
1997 2839 2021 2863 3

317 2877 392 2912 suis
419 2876 619 2911 carmentis
646 2876 839 2912 dicebatur
863 2876 962 2920 quod
989 2875 1220 2911 diuinatione
1246 2875 1346 2912 facta
1371 2877 1522 2911 caneret
1540 2877 1630 2921 quia
1649 2875 1767 2911 omnis
1791 2876 1897 2910 uates
1922 2875 2020 2920 apud

316 2925 462 2959 ueteres
495 2925 703 2958 carmentes
738 2923 957 2959 dicebantur
988 2924 1026 2958 et
1050 2922 1222 2958 librarios
1253 2922 1316 2968 qui
1349 2934 1474 2958 eorum
1506 2923 1608 2958 dicta
1637 2922 1910 2968 perscriberent
1941 2932 2020 2956 car-

318 2970 519 3006 mentarios
542 2971 810 3016 nuncupabant
830 2970 864 3005 T
878 2971 891 3017 ΙΙ
909 2970 1020 3016 (1030]
1049 2970 1113 3014 qui
1131 2970 1171 3004 F
1187 2971 1199 3016 ΙΙ
1220 2974 1264 3005 14
1283 2971 1448 3015 apellata
1468 2970 1502 3006 G
1519 2972 1531 3017 ΙΙ
1550 2970 1652 3005 facta
1670 2969 1719 3011 F
1741 2979 1833 3004 corr.
1853 2968 1992 3004 Daniel
2009 2969 2021 3015 Η

321 3022 364 3054 16
384 3019 617 3063 nuncupatos
636 3018 686 3062 F,
712 3019 784 3065 leqc
802 3018 1067 3063 nuncupabant
1083 3018 1138 3052 vel
1157 3019 1389 3063 nuncupatos
1415 3028 1496 3053 esse
1522 3017 1652 3052 dieunt
1669 3017 1681 3063 ΙΙ
1703 3020 1744 3051 17
1763 3016 1966 3061 porrimam
1987 3016 2021 3052 G

317 3076 532 3111 porramam
557 3065 598 3099 F
632 3066 678 3109 cf.
715 3066 817 3101 Ovid.
850 3066 925 3109 fast
953 3065 971 3100 I
1004 3068 1083 3100 633.
1127 3064 1245 3099 Varro
1277 3076 1337 3110 ap.
1364 3064 1454 3100 Gen.
1480 3063 1565 3099 XVI
1593 3069 1636 3099 16
1671 3064 1846 3099 Prorsam
1875 3068 1980 3099 vocat
2009 3064 2021 3110 11

318 3114 515 3159 posuetam
540 3112 580 3147 F
614 3112 832 3149 Postvotam
858 3113 997 3148 Daniel
1033 3112 1267 3147 Postvortam
1297 3112 1504 3147 Masvicius
1527 3113 1540 3157 ΙΙ
1570 3115 1614 3146 22
1641 3111 1746 3156 queis
1770 3110 1908 3146 Daniel
1933 3112 1944 3157 ΙΙ
1977 3115 2022 3146 24

321 3160 487 3196 extincta
510 3159 548 3195 R
570 3160 584 3206 11
614 3163 659 3195 25
691 3162 934 3196 munumento
960 3158 1000 3195 F
1020 3160 1033 3206 11
1062 3158 1150 3203 (1013
1175 3158 1229 3193 ibi
1255 3159 1419 3194 extincta
1442 3160 1481 3194 et
1506 3123 1665 3203 sepultaq
1677 3159 1733 3193 est
1758 3159 1966 3194 Maemcius
1990 3162 2023 3194 et

319 3208 563 3244 Burmannus
587 3208 600 3254 ΙΙ
630 3210 675 3242 26
701 3209 759 3242 est
784 3209 927 3255 autem]
954 3207 1047 3244 11300
1071 3217 1135 3242 313
1154 3205 1195 3241 Ι
