2092 3614
553 248 703 284 OOMM.
731 248 783 283 IN
809 246 952 283 VERG.
979 246 1089 282 AEN.
1117 247 1151 282 X
1175 250 1375 283 326—341.
1726 244 1813 286 429

106 356 227 413 dera,
259 372 387 413 quam
414 373 440 400 a
465 357 590 400 bellis
615 357 909 412 prohibuisse:
939 370 1042 398 nam
1070 358 1113 398 et
1139 356 1266 411 paulo
1293 358 1394 411 post
1417 358 1509 398 tam
1533 355 1653 411 Iuno,
1686 369 1814 411 quam

105 428 287 471 Iuturna
318 429 444 471 bellis
475 429 728 472 intererunt.

224 501 323 543 332.
373 512 592 543 ΑΟΗΑΤΕΝ
624 500 771 543 omnia
801 500 977 542 nomina
1009 514 1117 556 quae
1148 500 1194 541 in
1227 499 1323 542 ‘tes'
1358 502 1530 554 exeunt,
1568 498 1815 542 vocativum

105 571 151 614 in
183 570 240 613 ‘a'
273 571 472 627 mittunt,
505 573 552 613 ut
584 570 789 613 ‘Achates
825 570 1021 626 Achata',
1053 569 1332 626 ‘Thymoetes
1364 569 1640 626 Thymoeta'.

225 643 323 686 333.
374 653 587 686 SVGGERE
615 654 735 684 TELA
761 654 865 684 MIHI
898 642 1003 685 ordo
1035 644 1118 684 est:
1151 656 1334 698 suggere
1359 643 1448 684 tela
1474 642 1599 696 mihi,
1631 656 1739 697 quae
1771 642 1815 683 in

107 714 268 770 campis
295 713 438 757 Iliacis
464 714 509 755 in
530 712 793 756 Graecorum
820 715 977 755 stetere
1005 713 1275 768 corporibus:
1305 713 1476 755 nullum
1502 713 1616 755 enim
1642 713 1816 755 dextera

107 800 204 828 mea
234 786 280 828 in
307 785 491 827 Rutulos
518 784 609 827 sine
636 799 765 827 causa
796 785 1058 828 iaculabitur
1087 784 1224 826 telum
1258 799 1424 839 eorum,
1456 799 1563 840 quae
1594 784 1683 827 iam
1716 786 1816 826 sunt

107 857 235 900 caede
267 856 460 899 hostium
492 856 786 911 comprobata.
829 857 902 911 qni
925 870 1017 899 vero
1050 855 1334 910 ‘steteruntque
1358 857 1404 898 in
1429 870 1594 910 corpore
1616 854 1814 899 Grainm'

104 942 176 982 per
206 929 545 983 coniunctionem,
575 942 659 971 non
686 942 760 982 per
782 941 1011 981 pronomen
1042 928 1194 982 leynnt,
1224 927 1270 970 hi
1298 941 1383 970 non
1401 926 1519 988 “que’
1550 928 1621 970 sed
1647 925 1814 969 ‘antem’

105 999 285 1042 debuisse
327 999 410 1042 dici
445 1003 617 1054 putant,
659 1003 698 1042 et
732 1002 933 1042 mutatam
973 1013 1000 1041 a
1033 1002 1152 1053 poeta
1188 999 1522 1042 coniunctionem.
1583 999 1661 1040 alii
1700 997 1816 1052 ‘qne'

106 1071 428 1114 coniwnotionem
464 1085 544 1125 pro
583 1070 734 1113 ‘enim'
772 1074 952 1126 ponunt,
996 1070 1308 1126 ut<V1151>
1345 1071 1609 1124 primaque
1651 1070 1819 1112 oriens

105 1145 273 1197 erepta
303 1144 505 1185 inventa
535 1146 617 1185 est.

226 1215 324 1257 336.
374 1226 774 1257 TRANSVERBERAT
809 1215 979 1257 scindit.

225 1286 325 1329 338.
376 1303 473 1329 Ηνιο
496 1303 649 1329 FRATER
680 1302 799 1329 svfflr
828 1286 937 1328 ‘huic'
966 1285 1096 1328 subit'
1128 1287 1174 1328 iol
1202 1289 1262 1328 est
1284 1299 1414 1340 prope
1443 1286 1562 1328 venit.

226 1357 324 1400 339.
373 1368 605 1400 TRAIEOTO
638 1369 774 1400 MISSA
813 1368 1029 1400 LACERTO
1072 1371 1180 1413 quae
1218 1357 1359 1399 fuerat
1396 1357 1529 1399 missa
1566 1358 1682 1398 retro
1721 1357 1818 1399 acto

105 1428 280 1471 lacerto.
694 1422 721 1434 ”
988 1429 989 1432 ’
1131 1426 1135 1427 ’
1590 1414 1603 1422 .

227 1500 326 1542 340.
376 1511 607 1543 PRo'rles
639 1500 817 1556 iugiter,
850 1501 1064 1544 continue.
1157 1512 1379 1543 TENOREM
1406 1500 1605 1543 currendi
1630 1499 1819 1554 modum,

107 1572 152 1614 id
181 1574 239 1614 est
268 1572 404 1614 eodem
434 1572 587 1626 impetu
615 1572 759 1624 fertux.

227 1642 327 1685 341.
376 1654 655 1686 MORIBVNDA
686 1642 887 1686 morienti
922 1643 1088 1685 similis.
1145 1643 1256 1698 quod
1290 1644 1352 1685 ita
1385 1657 1479 1686 esse
1512 1642 1643 1685 etiam
1678 1640 1819 1684 Sallu-

111 1714 219 1756 stius
252 1714 507 1770 comprobat
538 1717 582 1756 et
613 1714 823 1769 ostendit,
861 1714 935 1770 qui
968 1715 1030 1757 ait
1062 1716 1208 1769 quasi
1246 1714 1560 1757 vitabundus
1598 1728 1686 1769 per
1716 1715 1820 1756 tra-

107 1786 258 1829 mites
290 1788 340 1828 et
371 1786 607 1828 saltuosa
637 1786 752 1827 loca
784 1786 1065 1828 exercitum
1100 1786 1330 1829 ductare:
1362 1801 1464 1829 nam
1489 1785 1703 1842 Iugurtha
1734 1799 1820 1828 non

107 1857 276 1900 vitabat
315 1857 527 1913 legatum,
568 1856 644 1898 sed
682 1871 727 1899 se
765 1871 862 1899 eum
901 1857 1037 1900 vitare
1077 1857 1323 1900 simulabat.
1383 1872 1485 1900 nam
1524 1857 1627 1913 quia
1662 1871 1820 1899 nomen

109 1930 193 1985 est,
234 1929 330 1972 ideo
368 1928 586 1984 significat
623 1927 970 1983 similitudinem,
1013 1943 1100 1971 non
1138 1928 1398 1984 passionem.
1461 1928 1574 1984 quod
1613 1929 1650 1970 si
1687 1927 1818 1984 parti·

108 2000 321 2056 cipialiter
358 2000 589 2055 diceretur,
631 2014 656 2042 a
686 1999 860 2055 passivo
902 1999 1085 2042 veniret:
1125 2000 1271 2042 omnia
1308 2000 1423 2042 enim
1456 2015 1481 2042 a
1511 2000 1686 2055 passivo
1724 2014 1821 2055 par-

107 2071 259 2127 ticipia
296 2071 342 2113 in
378 2070 501 2113 ‘dus'
535 2073 702 2113 exeunt.
810 2080 1092 2114 MO'RIBVNDA
1130 2071 1283 2114 similis
1323 2071 1542 2114 morienti:
1579 2086 1668 2113 non
1705 2071 1819 2113 enim

109 2142 439 2198 participialiter
471 2142 632 2197 aliquid
664 2142 899 2198 significat,
941 2142 1015 2185 sed
1053 2142 1241 2185 nominis
1279 2143 1414 2185 habet
1446 2142 1820 2199 significationem.

110 2213 296 2256 nominis
347 2215 492 2256 autem
536 2214 796 2270 significatio
843 2214 1173 2256 similitudinem
1223 2213 1376 2270 habet,
1424 2229 1514 2257 non
1562 2213 1819 2268 passionem.

110 2285 280 2340 quando
313 2284 407 2327 dico
443 2283 691 2330 ‘moriturus
718 2284 812 2341 est',
843 2299 942 2327 vere
975 2285 1211 2328 moriturus
1244 2287 1328 2338 est3
1359 2284 1642 2328 moribundus
1675 2286 1820 2327 autem

207 2429 250 2460 19
281 2425 455 2461 morienti
481 2425 614 2461 similis
641 2437 671 2462 e.
700 2438 732 2471 q.
764 2426 809 2473 s.]
845 2426 889 2462 cf.
917 2425 1011 2463 Gell.
1037 2425 1088 2461 XI
1116 2430 1176 2471 15;
1211 2426 1332 2462 Diom.
1365 2438 1400 2472 p.
1428 2430 1515 2470 402,
1541 2430 1587 2462 30
1611 2426 1673 2469 K.;
1706 2425 1825 2466 Prisc„

110 2472 160 2508 IV
187 2476 232 2508 35
259 2472 289 2516 (Ι
313 2485 348 2518 p.
378 2477 456 2517 137,
484 2478 528 2509 16
554 2473 632 2517 Η.>ς
666 2473 765 2509 Serv.
799 2485 931 2510 comm.
963 2474 1001 2509 in
1026 2473 1119 2510 Don.
1146 2487 1181 2520 p.
1208 2477 1289 2518 441,
1319 2478 1362 2510 18
1388 2474 1442 2510 K·
1469 2474 1553 2510 lsid.
1580 2484 1630 2510 or.
1658 2473 1690 2508 X
1718 2477 1782 2509 181
1810 2473 1821 2519 Η

112 2519 329 2567 Sallustius]
355 2520 434 2566 Iug.
462 2525 518 2565 38,
546 2525 564 2556 1

209 2654 226 2685 1
255 2651 294 2686 et
318 2661 384 2685 om.
412 2650 484 2685 AS
512 2651 525 2695 ΙΙ
561 2654 583 2685 4
609 2651 742 2687 achate
768 2651 802 2686 L
828 2652 977 2697 (achata
1003 2652 1028 2698 l)
1056 2653 1068 2698 ΙΙ
1106 2657 1126 2688 6
1151 2663 1236 2688 mea
1262 2653 1415 2688 dextera
1442 2654 1489 2687 M
1517 2654 1528 2699 ΙΙ
1567 2657 1586 2689 7
1612 2652 1651 2687 in
1676 2652 1821 2688 rutulos

112 2698 258 2733 (lentare
280 2698 360 2742 (sic)
387 2708 469 2732 mea
489 2698 529 2732 F
545 2699 556 2745 ΙΙ
582 2697 661 2734 sine
688 2699 818 2745 causa]
846 2700 925 2734 sine
951 2698 989 2734 in
1017 2703 1104 2734 eassl
1125 2700 1172 2735 F.
1211 2700 1396 2736 incassum
1422 2701 1464 2735 in
1488 2701 1682 2745 archetypo
1705 2711 1822 2744 supra

112 2745 191 2781 sine
218 2755 332 2780 causa
356 2745 582 2790 adscriptum
607 2746 721 2789 fuisse
745 2747 889 2782 videtur
916 2750 927 2790 ΙΙ
959 2750 981 2782 8
1007 2749 1191 2783 steterunt
1216 2759 1312 2793 quae
1339 2747 1387 2792 F,
1413 2759 1503 2784 corr.
1531 2748 1672 2783 Daniel
1694 2748 1707 2792 ΙΙ
1737 2757 1820 2792 gra-

112 2805 197 2827 uum
225 2792 266 2827 F
281 2794 293 2837 ΙΙ
319 2796 339 2827 9
365 2792 593 2828 iunctionem
620 2792 668 2835 F,
694 2804 785 2829 corr.
812 2793 952 2829 Daniel
969 2794 982 2839 ΙΙ
1000 2805 1074 2829 non
1101 2794 1202 2841 ‘que’
1233 2795 1298 2830 sed
1327 2795 1483 2831 ‘autem’
1512 2792 1732 2831 Ribbeckins
1757 2795 1821 2830 acl-

112 2844 186 2875 not.
213 2841 293 2876 erit.
321 2841 371 2875 ad
395 2841 428 2875 h.
454 2851 504 2875 v.:
536 2850 657 2885 neque
690 2840 754 2875 sed
786 2841 859 2876 aud
892 2842 973 2885 (aut
999 2841 1047 2886 G)
1074 2841 1113 2876 F
1153 2854 1273 2887 neque
1307 2842 1359 2878 sic
1391 2843 1493 2878 haud.
1519 2843 1657 2879 Daniel
1699 2852 1820 2887 neque

113 2886 166 2923 sic
192 2887 408 2924 Masvicius.
443 2888 561 2933 possis
586 2891 619 2922 et
643 2899 717 2923 non
746 2888 846 2932 ‘que’
876 2887 941 2923 sed
969 2888 1040 2925 ‘ut’
1061 2889 1074 2934 ΙΙ
1108 2893 1151 2924 10
1178 2889 1260 2925 deci
1286 2890 1353 2935 Fss
1371 2891 1421 2926 ad
1446 2902 1712 2930 smrnmnmvr.
1737 2902 1760 2925 1.
1789 2902 1819 2924 c.

113 2947 147 2970 o.
173 2946 200 2970 s.
226 2946 258 2970 v.
286 2934 438 2979 quidam
463 2933 655 2980 accipiunt
679 2946 749 2979 que
777 2934 1075 2972 coniunctionem
1107 2949 1173 2982 pro
1207 2937 1306 2972 enim
1331 2937 1494 2983 positam
1524 2939 1556 2972 Τ
1590 2940 1603 2983 ΙΙ
1641 2941 1681 2972 11
1709 2936 1822 2986 ⁴pima

114 2992 209 3026 quae
235 2982 274 3016 F
289 2984 301 3027 ΙΙ
323 2986 366 3017 14
392 2983 441 3018 ad
467 2995 567 3018 sva
593 2994 626 3016 A.
652 2993 678 3018 ε.
706 2994 737 3017 v.
765 2982 933 3018 succedit
959 2983 1037 3019 siue
1064 2984 1150 3019 huic
1174 2996 1290 3030 prope
1316 2985 1423 3020 uenit
1451 2985 1484 3019 T
1500 2987 1512 3031 fl
1531 2984 1636 3020 venit
1659 2995 1725 3020 om.
1748 2984 1789 3019 F
1810 2985 1821 3029 ΙΙ

117 3033 159 3063 15
184 3028 307 3064 fuerat
332 3029 445 3066 missa
470 3041 535 3066 om.
560 3031 605 3065 M
625 3031 637 3076 ΙΙ
658 3034 700 3065 17
727 3030 776 3065 ad
799 3042 962 3065 TENOBEM
985 3041 1003 3066 8
1033 3042 1065 3067 v.
1090 3031 1129 3067 id
1156 3033 1213 3067 est
1237 3032 1390 3067 modum
1415 3033 1486 3068 hoc
1512 3034 1570 3068 est
1595 3032 1727 3067 eodem
1752 3031 1820 3066 im-

114 3077 203 3120 petu
227 3076 346 3112 fertur
374 3077 406 3111 T
423 3078 434 3123 ΙΙ
457 3081 498 3112 19
526 3078 624 3123 quod
649 3077 720 3124 ita]
747 3077 811 3122 qui
836 3076 890 3112 ait
916 3077 955 3112 F
970 3079 982 3125 ΙΙ
1001 3082 1046 3114 20
1073 3079 1298 3124 comprobatv
1318 3081 1355 3114 et
1373 3079 1431 3115 H:
1459 3080 1705 3125 comprobans
1731 3078 1821 3120 RL,

115 3134 180 3158 om.
207 3124 337 3169 reliqui
354 3125 367 3170 ΙΙ
385 3136 451 3170 per
476 3125 643 3160 saltuosa
668 3124 751 3160 loca
776 3124 815 3160 et
839 3125 1008 3161 tramites
1034 3126 1234 3162 Sallustius
1253 3127 1265 3172 ΙΙ
1287 3130 1334 3162 21
1363 3126 1546 3173 saltuosa]
1575 3126 1723 3162 occulta
1747 3125 1788 3160 F
1809 3125 1821 3172 Η

115 3173 159 3222 2?
186 3181 271 3205 eum
290 3170 408 3206 RFl:
434 3183 519 3207 cum
543 3173 676 3217 reliqui
694 3173 705 3217 ΙΙ
724 3176 768 3206 23
796 3172 893 3216 quod
920 3172 966 3219 si]
992 3184 1078 3209 nam
1105 3174 1136 3208 si
1158 3173 1196 3208 F
1212 3175 1224 3219 ΙΙ
1243 3177 1289 3208 24
1314 3173 1531 3220 participia]
1559 3173 1623 3219 pia
1648 3173 1683 3207 R
1721 3172 1820 3218 prin·

115 3217 214 3262 clpia
239 3217 278 3252 F
303 3219 315 3264 1}
346 3222 390 3254 25
417 3231 619 3254 Moumvmm
647 3246 654 3253 .
677 3247 684 3255 .
706 3247 713 3255 .
741 3219 849 3265 quasi
875 3219 1100 3256 vitabundus
1125 3232 1191 3256 om.
1213 3221 1253 3256 F

1846 1007 1888 1038 10

1848 1363 1890 1395 15

1846 1722 1891 1754 20

1846 2078 1890 2110 25
