2092 3614
336 257 421 298 172
1035 248 1037 250 ’
1108 257 1269 294 suuvn

334 391 388 397 —
416 366 626 410 Horatius
659 368 914 410 matutine
946 369 1113 423 pater,
1146 382 1233 409 seu
1259 367 1381 409 Iane
1413 367 1666 410 libentius
1698 368 1844 411 audis
1882 393 1929 398 —
1966 368 2043 411 alii

334 438 436 480 anni
468 438 623 495 totius,
655 454 781 495 quem
814 441 859 482 in
892 442 1097 495 quattuor
1128 440 1328 494 te‘mpora
1360 441 1532 482 constat
1564 454 1655 482 esse
1688 439 1888 482 divisum.
1937 440 2041 483 anni

334 512 477 552 autem
510 524 604 553 esse
636 510 762 554 deum
793 511 870 554 illa
900 527 969 554 res
1000 511 1174 566 probat,
1214 511 1326 566 quod
1359 511 1414 553 ab
1447 525 1496 553 eo
1529 511 1670 567 prima
1699 526 1802 567 pars
1835 512 1937 554 anni
1968 527 2042 555 no·

332 581 542 625 minatur:
573 597 676 625 nam
708 583 762 625 ab
795 583 900 626 Iano
931 582 1160 625 Ianuarius
1192 582 1331 625 dictus
1364 584 1441 625 est.

286 661 307 692 5
452 654 550 697 608.
600 666 856 698 RELIGIONE
885 666 1060 698 SACRAE
1094 653 1361 709 tremendae,
1393 654 1676 697 execrabiles:
1706 669 1808 697 nam
1840 656 1884 696 et
1915 655 2043 710 paulo

334 728 434 781 post
465 726 655 769 dicturus
688 729 754 769 est
785 726 930 782 (617)
962 727 1248 781 tristesque
1281 725 1547 768 recludere
1579 728 1770 781 portas.

453 797 552 840 609.
602 810 742 840 FERRI
766 810 955 841 ROBORA
980 798 1088 840 bene
1114 797 1280 839 addidit
1306 797 1472 840 ‘ferri'z
1504 813 1606 840 nam
1633 812 1758 840 omne
1790 798 1904 855 quod
1934 798 2044 841 forte

333 870 417 923 est,
448 869 580 911 robur
610 884 825 912 vocamus.

453 941 552 983 610.
602 958 725 985 mvvs
753 942 924 996 quidam
948 941 1106 983 Ianum
1130 940 1304 984 Eanum
1333 941 1477 983 dicunt
1505 941 1557 983 ab
1581 942 1732 992 eund0,·
1764 955 1931 996 eumque
1962 955 2045 985 esse

264 1019 307 1050 10
333 1011 539 1063 Martem;
581 1015 620 1054 et
656 1013 766 1066 quod
799 1014 915 1067 apud
947 1012 1160 1055 Romanos
1192 1013 1428 1066 plurimum
1459 1015 1609 1068 potest,
1649 1013 1736 1055 ideo
1768 1014 1958 1068 primurn
1998 1013 2045 1055 in

330 1084 588 1126 veneratione
611 1084 835 1126 nominari.
884 1084 963 1126 alii
986 1084 1144 1126 Ianum
1168 1086 1304 1126 aerem
1335 1084 1523 1135 credunt‚·
1555 1086 1593 1125 et
1621 1084 1721 1138 quia
1751 1084 1858 1127 vocis
1883 1084 2043 1139 yenitor

329 1155 543 1210 habeatur,
567 1156 735 1198 -idcireo
773 1156 972 1199 mandari
1002 1156 1040 1198 ei
1068 1168 1209 1210 preces
1239 1158 1402 1198 nostras
1432 1156 1490 1198 ad
1517 1156 1610 1199 deos
1632 1156 1910 1210 perferendas.
1964 1156 2043 1198 alii

331 1225 490 1269 Ianum
514 1228 716 1270 mundum
741 1227 967 1282 accipiunt,
993 1227 1110 1269 cuius
1135 1226 1277 1269 caulae
1301 1226 1389 1269 ideo
1415 1227 1460 1269 in
1479 1241 1583 1281 pace
1607 1227 1769 1270 clausae
1791 1230 1906 1282 sunt,
1936 1228 2046 1281 quod

329 1299 509 1340 mundus
551 1299 732 1352 undique
766 1298 934 1341 clausus
970 1301 1046 1353 est,
1090 1297 1184 1340 belli
1225 1300 1398 1352 tempore
1437 1299 1698 1354 aperiuntur,
1741 1299 1799 1341 ad
1832 1299 2042 1342 auxilium

263 1375 306 1406 15
329 1370 548 1423 petendum
572 1373 619 1412 ut
645 1373 826 1424 pateant.
875 1384 977 1413 nam
1001 1370 1122 1424 quasi
1146 1370 1299 1412 mundo
1324 1371 1360 1412 ei
1384 1370 1490 1413 duas
1517 1370 1646 1424 facies
1669 1372 1880 1426 dederunt,
1911 1372 2041 1414 orien-

330 1442 384 1483 tis
413 1444 453 1483 et
480 1441 714 1497 occidentis,
751 1443 859 1496 quod
895 1442 982 1484 iam
1017 1455 1148 1496 supra
1177 1442 1333 1484 dictum
1363 1444 1442 1484 est:
1480 1442 1558 1484 alii
1593 1446 1787 1497 quattuor
1822 1444 2042 1486 seeundum

329 1515 522 1566 quattuor
550 1516 694 1567 partes
730 1514 886 1556 mundi.
947 1513 1026 1555 alii
1058 1511 1293 1556 Clusivium
1333 1514 1492 1565 dicunt,
1532 1514 1609 1556 alii
1645 1514 1899 1566 Patulcium,
1936 1516 2045 1569 quod

324 1585 607 1638 patendarum
631 1588 856 1639 portarum
885 1584 1031 1627 habeat
1057 1587 1303 1638 potestatem.
1353 1585 1461 1627 idem
1492 1585 1700 1629 Iunonius
1707 1599 1721 1637 ‚·
1753 1586 1848 1629 inde
1872 1585 2042 1640 pulchre

329 1655 440 1698 Iuno
464 1657 803 1711 portasaperire
833 1656 1046 1699 inducitur
1077 1655 1236 1711 (620).
1286 1648 1392 1698 idein
1425 1656 1644 1709 Quirinus,
1675 1657 1783 1700 unde
1814 1657 2041 1704 trabeatum

259 1733 305 1763 20
331 1727 534 1770 consulem
565 1728 726 1782 aperire
748 1731 896 1782 portas
925 1728 1082 1781 dieunt,
1113 1741 1157 1770 eo
1188 1727 1330 1769 habitu
1360 1741 1439 1782 quo
1472 1727 1674 1781 Quirinus
1701 1728 1796 1781 fuit.

450 1798 548 1842 612.
598 1810 698 1842 IPSE
743 1810 985 1849 QVIRINALI
1030 1809 1213 1840 TRABEA
1257 1796 1487 1841 Suetonius
1530 1799 1576 1841 in
1625 1799 1739 1843 libro
1785 1798 1836 1841 de
1886 1813 2039 1856 genere

330 1869 513 1912 vestium
547 1869 651 1912 dicit
681 1869 767 1911 tria
799 1883 959 1926 genera
993 1884 1085 1911 esse
1111 1869 1378 1911 trabearum:
1409 1884 1544 1911 unum
1569 1870 1635 1912 dis
1662 1873 1894 1926 sacratum,
1926 1871 2041 1926 quod

330 1943 398 1983 est
433 1942 604 1983 tantum
642 1940 693 1982 de
725 1956 932 1997 purpura3
975 1940 1094 1983 aliud
1131 1954 1299 1996 regum,
1337 1941 1451 1997 quod
1489 1943 1555 1984 est
1590 1956 1870 1998 purpureum,
1907 1942 2040 1984 habet

330 2015 477 2054 tamen
510 2012 658 2054 album
691 2012 870 2068 aliquid3
901 2012 1078 2054 tertium
1111 2012 1315 2068 augurale
1347 2013 1398 2055 de
1431 2028 1621 2068 purpura
1654 2016 1697 2056 et
1729 2027 1868 2056 cocco.
1923 2013 2039 2064 ‘Qui-

259 2088 305 2120 25
330 2082 475 2126 rinali'
507 2097 611 2139 ergo
643 2084 794 2139 regali.
898 2095 1164 2135 CINGTVQVE
1191 2095 1367 2126 GABINO
1395 2083 1605 2126 ‘Gabinus
1631 2083 1812 2128 cinctus'
1838 2086 1904 2127 est
1934 2086 2040 2141 toga

428 2216 446 2247 1
473 2212 667 2258 Horatius]
694 2214 762 2249 sat.
788 2213 822 2248 11
849 2217 882 2256 6,
909 2217 954 2249 20
985 2214 997 2259 ΙΙ
1030 2217 1050 2249 7
1075 2224 1163 2248 nam
1188 2240 1196 2248 .
1217 2239 1225 2247 .
1248 2240 1255 2248 .
1282 2213 1474 2258 vocamus]
1503 2212 1548 2250 cf.
1575 2212 1662 2248 Isid.
1689 2224 1740 2249 or.
1767 2212 1870 2248 XVII
1897 2217 1929 2257 7,
1956 2216 1999 2249 41
2027 2213 2039 2261 ΙΙ

330 2264 374 2295 21
404 2259 617 2306 Suetonius]
651 2273 685 2305 p
712 2265 782 2297 266
808 2261 1023 2296 Reiffersch.
1063 2260 1108 2297 cf.
1135 2259 1222 2295 Isid.
1249 2271 1300 2296 or.
1328 2260 1413 2295 XIX
1440 2264 1496 2305 24,
1523 2264 1544 2296 8
1581 2262 1594 2306 ΙΙ
1629 2263 1674 2296 25
1700 2260 1864 2296 Gabinus
1897 2240 2038 2296 cinctus

330 2318 361 2343 e.
388 2319 422 2352 q
449 2308 495 2354 s.]
523 2307 567 2343 cf.
595 2307 678 2343 Isid.
707 2320 758 2344 or.
784 2308 870 2344 xlx
895 2312 954 2352 24,
983 2313 1002 2344 7

428 2429 445 2460 1
473 2436 560 2461 saeu
584 2426 670 2462 iane
695 2426 732 2462 R
768 2427 943 2463 saeuiane
970 2427 998 2463 S
1016 2429 1027 2474 ΙΙ
1047 2432 1067 2463 2
1094 2427 1223 2474 quem]
1250 2438 1345 2472 quae
1370 2426 1413 2462 H
1429 2428 1441 2473 ΙΙ
1461 2427 1653 2473 quattuor]
1678 2426 1751 2462 .III.
1775 2427 1823 2461 M
1839 2427 1851 2473 ΙΙ
1871 2431 1892 2462 3
1918 2426 2037 2462 nomi—

329 2474 421 2508 nata
445 2475 502 2508 est
526 2473 563 2508 R
595 2475 606 2520 ΙΙ
637 2478 660 2509 4
685 2486 770 2510 nam
799 2503 807 2511 .
830 2504 837 2511 .
860 2503 867 2510 .
895 2475 1016 2511 dictus
1042 2476 1099 2511 est
1123 2486 1189 2510 om.
1216 2475 1303 2510 LH
1323 2475 1423 2519 (add.
1451 2475 1477 2519 l)
1505 2474 1517 2520 ΙΙ
1548 2474 1670 2510 dictus
1695 2474 1768 2519 est]
1796 2473 1933 2510 dicitur
1957 2474 1998 2509 F
2025 2473 2037 2521 ΙΙ

330 2524 351 2555 5
378 2533 575 2556 nummus
602 2521 643 2556 F
658 2523 670 2568 ΙΙ
696 2526 714 2557 7
742 2521 830 2557 ferri
854 2521 1000 2558 addidit
1020 2523 1119 2558 HM
1136 2524 1147 2569 ΙΙ
1176 2526 1197 2558 8
1223 2521 1437 2557 uocaturius
1462 2521 1497 2555 L
1523 2523 1714 2564 (uocamus
1740 2523 1768 2567 l)
1787 2523 1798 2567 ΙΙ
1818 2526 1838 2556 9
1863 2522 2038 2557 scholium

331 2568 380 2603 ad
409 2579 442 2603 v.
470 2572 539 2603 610
565 2568 704 2604 Daniel
729 2581 746 2604 e
775 2570 981 2605 Turonensi
1011 2571 1135 2606 edidit.
1180 2571 1226 2613 cf.
1255 2570 1421 2605 Macrob
1449 2569 1525 2604 Sat.
1554 2570 1568 2604 1
1596 2575 1615 2605 9
1653 2571 1664 2615 ΙΙ
1704 2573 1745 2604 17
1779 2567 1974 2604 clusiuium
2006 2569 2039 2604 T

332 2613 497 2650 Clusium
523 2615 737 2652 Masvicius.
766 2617 823 2660 cf.
853 2617 957 2652 Ovid.
982 2619 1068 2661 fast.
1095 2617 1111 2651 I
1139 2621 1205 2653 130
1242 2618 1254 2663 [Ι
1293 2621 1335 2652 18
1368 2616 1521 2661 pulcrhe
1551 2617 1583 2651 T
1617 2618 1629 2663 ΙΙ
1666 2621 1710 2652 20
1737 2615 1936 2661 quiririnus
1965 2616 2000 2651 T
2025 2616 2038 2663 ΙΙ

332 2667 376 2698 21
403 2663 557 2709 rmum]
593 2664 660 2698 aut
690 2663 810 2708 regali
841 2666 907 2699 aut
937 2676 1011 2709 qua
1036 2676 1122 2700 usus
1148 2666 1206 2700 est
1230 2664 1409 2700 Romulus
1434 2663 1621 2710 intellige:
1654 2663 1831 2699 Horatius
1860 2663 2036 2699 trabeati

332 2710 414 2745 iura
441 2709 600 2752 Quirini’
629 2711 713 2745 add.
740 2711 894 2746 Daniel.
920 2723 1012 2756 quae
1035 2713 1132 2747 unde
1154 2713 1270 2757 petita
1294 2713 1370 2747 sint
1393 2712 1523 2746 nescio.
1568 2715 1720 2747 ceterum
1748 2711 1920 2746 ‘trabeati
1945 2722 2036 2746 cura

330 2759 409 2803 (sic)
433 2758 598 2811 Quirini'
629 2758 753 2793 Ovidii
776 2762 874 2801 sunt,
898 2759 983 2801 fast.
1004 2760 1019 2793 I
1039 2763 1082 2795 37
1103 2761 1115 2805 ΙΙ
1140 2758 1309 2795 eutonius
1330 2759 1375 2793 H
1388 2760 1400 2805 l}
1428 2762 1472 2793 22
1498 2758 1588 2805 tria]
1613 2758 1754 2805 trissssta
1780 2758 1820 2793 F
1835 2759 1847 2804 11
1866 2769 1947 2793 esse
1972 2769 2035 2803 ge-

330 2816 420 2840 nera
445 2805 515 2851 ΗΙΙ
535 2803 606 2840 diis
633 2804 795 2851 RLMfl
821 2809 865 2840 23
888 2806 985 2850 quod
1013 2808 1070 2841 est
1094 2819 1320 2852 purpureum
1347 2834 1354 2841 .
1378 2834 1385 2841 .
1408 2834 1415 2841 .
1442 2805 1599 2852 aliquid]
1627 2806 1726 2850 quod
1751 2805 1867 2840 habet
1891 2804 2035 2849 aliquid

331 2851 458 2887 album
485 2852 602 2888 mixta
627 2864 792 2898 purpura
817 2853 846 2888 S
882 2853 982 2896 quod
1008 2853 1150 2897 aliquid
1176 2855 1302 2889 album
1329 2853 1485 2888 mixtum
1512 2864 1672 2898 purpure
1699 2853 1740 2888 F
1764 2854 1775 2898 ΙΙ
1804 2856 1850 2887 24
1875 2852 2034 2898 aliquid]

332 2898 450 2934 mixta.
474 2911 636 2945 purpura
660 2901 745 2936 add.
774 2900 822 2935 M
838 2900 851 2944 ΙΙ
869 2900 995 2934 aurale
1020 2900 1066 2934 H
1079 2903 1092 2945 ΙΙ
1111 2902 1237 2947 cocco]
1266 2901 1422 2936 mixtum
1448 2902 1533 2936 add.
1560 2900 1760 2936 Fabricius
1778 2902 1790 2946 11
1815 2903 1860 2935 25
1886 2901 1935 2935 aa
1959 2913 2036 2935 nsi-2

331 2958 513 2987 Qvumum
547 2958 683 2982 TnAnsA
715 2948 801 2983 haec
831 2949 873 2983 in
907 2947 1111 2982 Turonensi
1142 2949 1314 2993 adcripta
1342 2953 1428 2984 sunt
1461 2947 1589 2983 Pieter
1625 2948 1725 2992 quod
1763 2947 1905 2982 seruius
1943 2946 2037 2982 dicit

331 2993 484 3038 quidam
511 2993 640 3029 dicunt
663 3006 742 3030 esse
768 2994 841 3030 tria
865 3006 1003 3040 genera
1027 2995 1242 3030 trabeaium
1268 2995 1409 3040 regiam
1436 2994 1657 3040 quirinalem
1689 2994 1881 3030 trosulam.
1932 2994 2037 3039 regia

332 3042 389 3076 est
412 3042 495 3076 tota
521 3041 566 3075 de
591 3042 671 3077 sola
702 3054 866 3087 purpura.
897 3052 971 3087 qua
1001 3042 1057 3077 uti
1090 3041 1179 3077 solis
1211 3042 1361 3086 regibus
1392 3042 1533 3077 licebat
1564 3042 1624 3076 uel
1656 3040 1957 3076 adulescentibus
1987 3041 2033 3076 de

332 3088 446 3133 stirpe
472 3088 602 3133 regali.
642 3088 844 3131 Quirinalis
871 3091 928 3125 est
953 3088 1140 3124 concinior
1166 3090 1204 3124 et
1228 3088 1356 3142 preliis
1375 3089 1499 3134 aptior
1518 3100 1592 3123 non
1611 3100 1633 3122 a
1652 3087 1797 3123 romulo
1818 3090 1859 3122 ut
1880 3088 2034 3133 quidam

330 3136 485 3171 tradunt
510 3135 576 3171 sed.
601 3148 624 3171 a
648 3139 767 3172 marte
793 3136 985 3182 appellata
1008 3147 1117 3181 quem
1144 3136 1329 3180 quirinum
1355 3136 1543 3170 uocabant
1572 3137 1724 3180 propter
1751 3134 1910 3170 hastam.
1964 3136 2033 3171 hac

331 3194 415 3217 cum
447 3182 588 3218 bellum
620 3184 869 3228 susciperetur
899 3184 1010 3219 duces
1044 3183 1114 3218 uel·
1134 3182 1376 3228 imperatores
1408 3181 1679 3218 amiciebantur
1710 3193 1791 3218 curn
1826 3182 1903 3235 iani
1934 3182 2033 3218 fores

332 3231 573 3275 aperirentur.
624 3229 780 3266 Trosula
816 3242 913 3276 quac
950 3242 1113 3277 purpura.
1150 3242 1332 3275 coccoque
1367 3231 1539 3276 pretexta
1573 3229 1765 3265 conficitur
1801 3228 1860 3265 cui
1894 3230 2033 3266 idcirco
