2092 3614
540 285 690 322 COMM.
716 285 769 320 1N
796 284 938 321 VERG.
967 285 1076 321 AEN.
1102 285 1171 320 ΧΠ
1198 290 1395 323 617—646.
1733 286 1818 328 629

234 393 331 435 636.
382 411 438 437 AN
465 411 631 437 FRATRIS
660 411 800 437 mseru-
827 412 964 438 term
989 394 1143 437 humile
1173 399 1231 438 est
1259 396 1297 438 si
1327 409 1377 438 ex
1395 409 1576 449 per-soria
1599 396 1736 438 Turni
1759 410 1824 438 ac-

114 465 266 518 cipias:
303 478 395 519 erqo
428 464 604 508 ‘miseri'
643 467 700 508 acl
734 467 924 508 animum
961 467 1115 509 sororis
1145 467 1402 520 referendum
1433 470 1500 510 est.
1562 471 1600 509 et
1629 468 1738 521 quod
1766 468 1830 510 ait

116 535 201 578 ‘sed
222 537 314 590 quis
334 535 534 592 Olympo',
560 537 704 579 intulit
728 536 800 579 ‘au
823 541 870 579 ul
887 537 1067 592 videms',
1095 538 1423 582 subaudiendum
1443 538 1549 594 eeryo
1569 542 1642 581 tua
1660 537 1827 593 sponte&

235 608 334 651 637.
384 619 484 650 NAM
516 619 630 658 QVID
662 619 758 651 AGO
791 611 1094 663 argumentum
1128 624 1153 651 a
1182 611 1440 652 necessario.
1562 627 1639 652 IAM
1664 624 1748 652 nou
1773 613 1833 652 est

117 679 319 734 temporis,
351 682 427 722 aut
455 680 534 721 erit
562 679 799 722 absurdum.
1853 689 1873 720 5

238 751 336 794 638.
386 763 450 793 ΜΕ
475 762 596 794 VOCE
623 763 877 794 VOGANTEM
910 752 1031 807 atqui
1064 752 1145 795 hoe
1178 767 1389 808 nusquam
1418 753 1621 809 legimus3
1654 753 1730 795 sed
1756 755 1830 794 aut

116 819 226 864 κατὰ
259 819 309 864 τὸ
344 819 637 877 σιωπώμενον
669 822 975 879 intellegimus,
1009 826 1085 866 aut
1116 825 1270 876 mortis
1299 827 1365 866 est
1391 839 1518 867 omen
1545 824 1690 866 audire
1717 825 1830 880 quod

116 907 204 935 non
238 893 405 949 dieitur,
437 894 579 936 videre
612 895 725 950 quod
757 895 934 937 minime
964 895 1173 938 occurrit:
1206 896 1266 938 sio
1292 896 1338 937 in
1364 898 1519 951 quarto
1546 896 1688 951 <460>
1714 896 1831 938 hinc

119 964 354 1006 exaudiri
386 966 606 1021 gemitus
639 968 687 1008 et
719 967 876 1009 verba
906 967 1149 1009 vocantis
1182 966 1296 1010 visa
1326 967 1438 1011 viri.

239 1036 334 1079 639.
370 1048 578 1079 SVPERAT
599 1037 716 1093 vivit,
735 1037 1036 1093 ut<111339>
1060 1041 1336 1093 superatne
1358 1041 1407 1081 et
1427 1039 1658 1081 vescitur
1678 1038 1829 1081 aura‘?
1859 1048 1902 1078 10

236 1107 335 1150 641.
384 1121 446 1151 NE
478 1120 698 1152 Nosruvm
723 1120 939 1152 DEDEcvs
965 1121 1114 1152 VEENS
1141 1121 1398 1153 ASPIOERET
1429 1111 1488 1153 sic
1518 1113 1575 1153 est
1604 1110 1686 1166 hoc,
1720 1125 1768 1152 ac
1795 1110 1830 1152 si

119 1178 290 1234 diceret,
322 1179 506 1222 fortasse
533 1180 708 1236 viveret,
739 1180 825 1223 nisi
852 1181 947 1223 ideo
974 1181 1183 1223 voluisset
1209 1182 1474 1237 occumbere,
1506 1196 1559 1222 ne
1585 1195 1664 1223 nos
1691 1181 1830 1223 victos

119 1250 295 1293 videret.
356 1254 404 1293 eb
429 1254 488 1294 est
521 1252 642 1305 quale
677 1252 724 1294 iu
760 1269 814 1295 xz.
849 1251 995 1307 <416>
1028 1252 1115 1295 ille
1145 1253 1268 1295 mihi
1298 1257 1411 1295 aute
1441 1253 1571 1295 alios
1599 1254 1830 1306 fortuna-

118 1324 287 1375 tusque
319 1322 542 1365 laborum
573 1324 891 1378 eyreyiusque
921 1324 1100 1375 animi,
1131 1324 1232 1378 qui,
1263 1339 1320 1367 ue
1350 1325 1469 1378 quid
1499 1324 1596 1366 tale
1625 1325 1831 1379 videret,

111 1393 380 1448 procubuit
402 1395 624 1437 morieris.
659 1394 836 1448 ‘infelix'
857 1398 994 1437 aulem
1012 1396 1059 1437 irc
1077 1395 1149 1438 hoe
1168 1396 1277 1448 bello,
1299 1399 1441 1438 eontra
1459 1396 1567 1438 illud
1585 1390 1699 1451 <VII
1716 1395 1829 1450 745>
1858 1405 1901 1436 15

116 1465 363 1520 iusiyuem
391 1466 531 1518 famu
561 1469 606 1508 et
631 1466 867 1519 felicibus
898 1467 1063 1509 armis.
1108 1470 1147 1509 et
1176 1471 1235 1510 est
1263 1471 1552 1522 aryumeutum
1580 1468 1631 1509 ab
1656 1467 1831 1510 honesto.

235 1537 333 1579 642.
385 1548 554 1579 TEvom
591 1548 863 1580 POTIVNTVR
902 1549 1115 1581 CORPORE
1149 1550 1208 1580 ET
1240 1550 1380 1582 ARMIS
1418 1539 1462 1581 id
1500 1542 1567 1581 est
1605 1539 1736 1581 etiam
1770 1554 1831 1581 se-

117 1607 292 1663 pultura
325 1611 462 1650 caret:
499 1623 601 1650 nain
633 1613 682 1650 ut
713 1610 758 1651 in
790 1609 981 1652 Homero
1014 1610 1216 1667 legimus,
1247 1611 1298 1653 de
1330 1611 1522 1654 virorum
1553 1611 1732 1653 fortium
1765 1626 1830 1653 ca·
1872 1612 1883 1622 ‘

117 1680 345 1723 daveribus
379 1683 473 1722 erat
504 1680 616 1722 inter
648 1680 796 1723 hostes
829 1682 992 1736 grande
1025 1683 1254 1725 certamen.

235 1751 333 1793 644.
383 1763 573 1793 DEXTRA
610 1764 702 1795 NEC
740 1764 941 1796 DRANms
980 1765 1123 1796 DICTA
1161 1766 1414 1797 REFELLAM
1458 1755 1501 1796 id
1546 1757 1611 1797 est
1649 1754 1828 1797 virtute:
1855 1764 1900 1795 20

117 1837 216 1865 nam
249 1837 326 1877 pro
360 1823 422 1865 rei
454 1822 594 1865 officio
627 1823 768 1878 ipsam
801 1839 892 1867 rem
925 1825 1085 1881 posuit,
1117 1825 1337 1868 dexteram
1368 1841 1446 1882 pro
1474 1827 1645 1882 virtute,
1676 1826 1750 1868 hoe
1773 1830 1832 1869 est

114 1894 278 1948 fort-iter
306 1894 504 1947 faciendo.

236 1966 333 2008 645.
386 1983 552 2009 TVRNVM
580 1966 811 2010 FVGIENTEM
841 1966 1092 2023 ἐμφατικῶς
1125 1968 1326 2010 Turnum.

237 2037 333 2081 646.
384 2048 535 2088 VSQVE
570 2050 757 2081 ADEONE
790 2050 906 2082 mom
938 2050 1147 2082 MISERVM
1180 2051 1266 2082 EST
1298 2039 1456 2081 tacitae
1488 2040 1729 2095 quaestioni
1761 2055 1827 2083 oc-

118 2109 264 2151 currit.
320 2112 359 2151 εἰ
388 2110 559 2163 quidam
587 2109 660 2152 hoe
684 2111 849 2153 verbum
873 2111 1171 2165 reprehendunt
1195 2111 1335 2165 eusque
1358 2110 1546 2163 adeoue';
1578 2113 1724 2154 melius
1747 2113 1829 2155 diei
1853 2121 1898 2152 25

117 2179 258 2234 ‘usque
294 2179 377 2223 eo’:
415 2181 604 2224 Lucilius
638 2183 808 2236 septimo
844 2196 994 2236 usque
1025 2184 1142 2225 adeo
1173 2184 1336 2225 studio
1368 2186 1513 2237 atque
1544 2184 1653 2226 odio
1684 2184 1829 2226 illius

115 2252 301 2305 efferor
339 2253 431 2294 ira.
491 2253 661 2306 quidam
697 2254 757 2295 sie
793 2255 1001 2308 accipiunt
1031 2253 1172 2308 ‘usque
1202 2255 1351 2296 adeone
1381 2255 1488 2296 mori
1518 2255 1713 2297 miserum
1743 2254 1829 2310 est',

115 2326 163 2364 ut
191 2337 276 2366 riou
307 2324 430 2378 quasi
461 2318 688 2378 confirmet,
718 2326 789 2367 sed
818 2325 939 2378 quasi
969 2325 1201 2379 interroget,
1233 2339 1359 2379 quare
1389 2326 1466 2368 cleu
1495 2326 1555 2368 sie
1585 2327 1633 2368 de
1662 2326 1734 2368 illo
1767 2327 1827 2368 la—

116 2395 226 2436 boret
251 2398 300 2437 ut
328 2396 449 2447 vivat,
481 2410 572 2439 cum
603 2393 736 2439 satius
765 2397 822 2439 sit
850 2396 1010 2438 honeste
1040 2397 1160 2449 mori,
1191 2411 1316 2451 quam
1349 2398 1522 2451 turpiter
1547 2398 1685 2441 vivere.
1736 2412 1827 2453 eryo

212 2502 257 2535 25
284 2499 449 2536 Lucilius
475 2502 652 2549 septimo]
678 2501 742 2538 lib.
770 2502 821 2538 IV
848 2515 880 2538 v.
907 2506 952 2537 24
978 2514 1013 2547 p.
1040 2506 1085 2537 23
1111 2502 1237 2538 Muell.

213 2599 230 2629 1
258 2596 309 2630 acl
333 2607 378 2631 AN
405 2610 436 2632 r.
463 2610 499 2631 M.
525 2607 553 2632 s.
579 2608 610 2632 v.
638 2597 758 2633 oratio
785 2599 842 2633 est
866 2596 1158 2633 misericordiam
1192 2609 1448 2642 commouens,
1479 2599 1521 2633 iu
1544 2609 1659 2645 marq.
1686 2599 1827 2634 humile

117 2643 175 2677 est
195 2670 202 2678 .
227 2671 233 2677 .
256 2669 263 2676 .
285 2643 343 2677 est
366 2643 618 2688 referendum,
645 2646 694 2680 ad
718 2657 868 2681 vam-:s
893 2656 920 2680 s.
940 2656 972 2680 v.
999 2645 1060 2682 hic
1085 2645 1383 2681 subaudiendum
1410 2647 1467 2681 est
1492 2657 1580 2690 ergo
1606 2649 1672 2681 tua
1696 2647 1826 2682 uolun-

114 2691 193 2724 tate
223 2689 255 2723 Τ
278 2691 290 2736 ΙΙ
321 2693 341 2724 3
368 2690 506 2736 olyppo
533 2690 574 2726 F
595 2693 607 2738 ΙΙ
639 2696 659 2726 6
685 2703 888 2738 numquam
913 2692 949 2727 R
975 2693 986 2739 ΙΙ
1019 2696 1038 2728 7
1065 2690 1325 2739 σιωπώμενον]
1359 2693 1398 2728 id
1423 2695 1481 2728 est
1506 2693 1709 2728 secundum
1733 2695 1825 2729 taci—

115 2738 196 2771 tum
223 2737 307 2772 add.
335 2736 375 2771 F
396 2738 408 2783 ΙΙ
439 2749 575 2773 nomen
601 2739 641 2773 F
664 2740 675 2785 ΙΙ
706 2740 850 2786 audire]
879 2751 917 2774 se
945 2751 967 2775 a
992 2740 1138 2776 mortuo
1164 2741 1291 2776 uocari
1317 2741 1383 2775 aut
1407 2739 1535 2775 audire
1562 2751 1580 2775 e
1604 2742 1825 2785 coniectura,

114 2788 157 2819 ut
181 2785 337 2828 videtur,
363 2786 448 2820 add.
464 2786 602 2822 Daniel
620 2787 631 2833 ΙΙ
651 2790 671 2821 8
698 2798 811 2832 quam
830 2786 984 2822 minime
1005 2787 1044 2821 F
1060 2788 1072 2834 ΙΙ
1091 2791 1112 2823 9
1132 2789 1295 2833 gemitur
1315 2787 1363 2831 F,
1389 2790 1428 2823 et
1448 2815 1455 2821 .
1477 2817 1484 2824 .
1507 2815 1514 2822 .
1535 2787 1604 2822 viri
1631 2789 1797 2824 omittens
1815 2791 1825 2834 {1

117 2835 161 2866 10
186 2832 293 2868 schol.
320 2833 369 2867 ad
393 2844 426 2868 v.
454 2836 521 2868 639
548 2844 614 2870 om.
641 2833 682 2868 F
715 2836 727 2880 ΙΙ
764 2835 870 2881 aura]
900 2847 932 2871 a.
961 2835 1045 2870 add.
1072 2836 1174 2879 AH,
1207 2847 1261 2871 ae.
1289 2837 1373 2870 add.
1398 2836 1454 2870 M.
1494 2836 1538 2879 cf.
1565 2837 1656 2870 Aeu.
1685 2836 1699 2870 I
1721 2839 1789 2871 546
1814 2837 1825 2882 [Ι

117 2882 160 2914 12
187 2879 344 2915 fortasse
370 2879 556 2916 inueniret
580 2892 626 2916 ne
651 2881 736 2917 ideo
763 2881 804 2917 F
818 2884 831 2927 ΙΙ
863 2886 906 2917 13
932 2881 1239 2928 forturantusque
1266 2883 1306 2917 F
1331 2884 1342 2928 ΙΙ
1376 2887 1418 2918 16
1446 2884 1494 2918 ad
1520 2893 1664 2918 occlnrr
1688 2896 1711 2918 1.
1738 2894 1766 2919 s.
1791 2894 1823 2920 v.

115 2927 983 3021 ῗῆἵῗέθὲἓῗέἓιὲξῃῗωὲἒὲοἔὲὲῗηῗέἓωῗὲἒ
996 2929 1442 3014 ἔξΗοὲἷιῆῗέῗῒὲἕὲέὲιῗ
1459 2930 1826 3024 ἓὲἓρῖὲῖΐῖιῖῗῃῗὲῗὲ

116 3022 163 3066 (υ.
189 3024 274 3067 643)
300 3022 446 3057 seilicet
470 2986 623 3067 uilem-is,
651 3024 700 3059 ad
724 2988 905 3060 nnnvrxPPs.
931 3035 963 3060 v.
989 3035 1056 3069 pro
1083 3025 1188 3060 deest
1217 3025 1250 3059 Τ
1264 3027 1275 3068 Η
1301 3028 1343 3059 21
1372 3006 1564 3060 dexteram
1588 3025 1732 3060 scilicet
1756 3036 1823 3070 pro

115 3081 149 3104 v.
176 3069 215 3103 F
231 3070 244 3114 ΙΙ
261 3070 311 3105 ad
334 3082 476 3105 ‘rvanu
501 3084 532 3105 F.
559 3081 586 3106 s.
606 3082 638 3106 v.
666 3070 846 3106 enfaticos
873 3071 968 3107 dixit
991 3074 1142 3107 turnum
1169 3072 1277 3117 quasi
1302 3072 1340 3106 in
1366 3070 1516 3107 nomine
1543 3074 1730 3107 constaret
1760 3073 1793 3106 Τ
1812 3073 1824 3120 ΙΙ

116 3119 160 3150 26
186 3127 304 3161 usque
331 3128 375 3152 eo
396 3117 450 3152 F:
478 3128 594 3163 usque
620 3118 713 3153 adeo
733 3119 872 3154 Daniel
890 3119 903 3165 ΙΙ
921 3118 1097 3165 septimo]
1126 3121 1260 3163 quarto
1284 3120 1486 3155 Muellerus
1504 3121 1515 3165 ΙΙ
1534 3123 1578 3155 27
1600 3120 1732 3155 efferor
1751 3120 1823 3165 ira]

115 3163 278 3199 efferor-is
305 3163 345 3198 F
377 3165 390 3211 ss
425 3166 476 3201 ad
506 3176 537 3201 v.
565 3169 634 3200 646
666 3166 708 3201 iu
732 3177 845 3211 mary.
880 3166 1031 3211 quidam
1065 3166 1118 3202 sio
1147 3166 1338 3211 accipiunt
1362 3193 1371 3202 .
1394 3194 1401 3201 .
1424 3195 1431 3203 .
1457 3166 1585 3202 uiuere
1613 3167 1646 3201 Τ
1680 3169 1692 3213 ΙΙ
1729 3167 1823 3202 mori

114 3210 292 3294 nliliselrugn
319 3213 466 3294 εἶθ-ἕνη.
498 3213 530 3247 Τ
564 3214 576 3258 ΙΙ
613 3215 658 3248 28
683 3224 798 3258 quare
825 3241 862 3249 ..
884 3240 892 3249 .
919 3213 1080 3260 laboret]
1114 3225 1179 3249 cur
1210 3214 1280 3249 dea
1310 3212 1363 3248 sic
1394 3214 1540 3250 laboret
1570 3226 1637 3259 pro
1663 3214 1728 3249 illo
1759 3214 1793 3248 T
1812 3215 1823 3262 14

115 3270 128 3292 1
160 3269 182 3293 a
224 3270 244 3294 a
274 3269 338 3294 ora

1465 3320 1538 3355 41*
