2092 3614
478 274 630 311 COMM.
654 273 707 310 IN
735 272 876 310 VERG.
901 272 1013 309 AEN.
1040 272 1130 309 V111
1155 276 1356 309 374—383.
1672 270 1757 313 257

167 386 265 434 378.
315 401 451 428 [wass
459 402 565 428 VMVE
596 401 692 429 Tros
726 384 825 427 ordo
861 386 941 427 est:
977 385 1110 425 tuosve
1148 382 1303 425 labores
1338 382 1547 426 ineassum
1583 395 1761 425 exercere

45 457 168 500 volui.

166 528 266 571 379.
314 540 480 570 PRIAM1
506 539 727 570 DEBEREM
751 524 961 570 PL‘VRIMA
986 536 1126 568 NATIS
1159 525 1318 568 scimus
1349 525 1462 580 quod
1488 525 1635 567 Paridi
1666 528 1760 567 tan-

46 602 140 642 tum
171 600 334 654 debuit,
370 600 446 641 sed
475 599 557 642 hoc
582 599 699 642 velat
725 599 909 641 aliarum
936 597 1348 640 commemoratione
1374 611 1676 654 personarum,
1707 612 1762 639 ne

47 686 99 714 ex
129 672 247 726 turpi
273 686 403 714 causa
427 671 575 713 Paridi
601 670 801 714 debuisse
826 670 1035 712 videatur.
1083 670 1210 713 simul
1235 672 1290 725 et,
1319 672 1368 711 ut
1388 669 1556 723 quidam
1581 670 1761 724 tradunt,
1787 676 1808 707 5

39 743 367 797 pulchritudinis
403 756 502 785 suae
540 742 770 785 Vulcanum
807 742 1014 798 admonet,
1053 741 1127 784 hoe
1163 744 1221 783 est
1258 739 1437 793 ‘formae
1466 741 1618 783 iudicio
1650 740 1764 783 Iovis

48 815 257 869 coniuyem
287 812 398 856 vici’.

168 886 266 929 380.
317 897 499 927 AENEAE
529 896 786 928 FLEVISSEM
818 897 962 928 SAEPE
995 897 1218 928 LABOREM
1256 885 1364 927 bene
1402 887 1504 940 post
1540 884 1765 940 Pergama,

50 961 152 1013 post
180 957 410 1012 Troianos,
443 959 543 1014 post
568 956 730 999 Priami
754 957 915 999 liberos
942 971 1040 999 cum
1067 957 1344 999 excusatione
1370 956 1420 998 fit
1445 956 1616 999 Aeneae
1652 971 1763 999 com-

51 1030 325 1085 memoratio3
360 1028 465 1071 dicit
492 1029 605 1071 enim
631 1043 677 1070 se
704 1029 794 1070 eius
822 1028 1079 1071 infelicitate
1105 1030 1384 1071 commotam:
1415 1031 1464 1070 ut
1487 1029 1596 1071 illud
1617 1042 1765 1072 causas
1793 1036 1835 1066 10

48 1101 211 1153 habeat,
246 1101 319 1143 hoc
348 1101 610 1143 miseratione
640 1101 845 1143 consistat.

171 1173 271 1215 381.
321 1173 441 1225 NVNC]
474 1173 520 1214 id
543 1175 602 1214 est
631 1171 757 1214 enunc
781 1170 900 1214 vero'.
950 1175 989 1214 et
1010 1172 1312 1226 subdistinyue:
1343 1186 1454 1214 nune
1478 1176 1625 1227 autem,
1651 1172 1765 1215 Iovis

49 1245 233 1300 imperio.
354 1255 479 1286 IOVIS
517 1255 712 1286 IMPERIO
750 1257 802 1285 ne
841 1243 1060 1300 videretur
1097 1243 1326 1299 inpudens,
1371 1244 1408 1285 si
1452 1244 1594 1286 aliena
1630 1258 1766 1299 regna

51 1316 312 1371 deposceret.
363 1317 407 1356 et
436 1314 519 1357 hoc
550 1315 736 1356 latenter
767 1314 907 1357 dicere
940 1314 1126 1357 videtur:
1158 1315 1254 1358 fave
1279 1314 1381 1357 huic
1407 1315 1475 1357 cui
1501 1316 1632 1358 etiam
1658 1314 1765 1371 Jup-

50 1387 161 1443 piter
192 1387 321 1430 favet.
1793 1394 1836 1425 15

170 1459 270 1502 382.
318 1470 479 1501 EADEM
511 1473 620 1514 quae
646 1460 748 1500 tunc
775 1458 940 1500 scilicet
965 1458 1083 1513 silui,
1114 1472 1218 1513 quae
1241 1458 1349 1501 nihil
1371 1459 1489 1512 petii.
1587 1474 1770 1502 SANCTVM

49 1548 150 1576 mm
176 1547 317 1574 NVMEN
345 1531 383 1572 si
415 1529 643 1573 ‘sanctum'
676 1529 917 1584 simpliciter
947 1530 1193 1584 accipiatur,
1226 1530 1306 1572 leve
1335 1532 1400 1571 est.
1459 1528 1641 1571 ‘numen'
1674 1543 1766 1584 erqo

56 1600 272 1644 ‘sanetum’
305 1605 352 1643 ut
383 1600 499 1656 ‘leyes
529 1599 708 1644 sanctas'
741 1601 934 1652 dicimus,
966 1601 1013 1643 id
1040 1603 1099 1643 est
1127 1601 1291 1655 sirmas,
1323 1615 1351 1643 a
1381 1602 1610 1643 sanciendo.

171 1674 269 1716 383.
319 1685 448 1715 ARMA
478 1684 606 1716 ROGO
643 1672 713 1715 hic
751 1672 1123 1729 distinguendum,
1161 1675 1211 1714 ut
1242 1672 1310 1714 cui
1341 1675 1481 1728 petat,
1518 1687 1606 1715 non
1639 1672 1765 1727 dicat,

53 1744 127 1786 sed
159 1744 378 1799 relinquat
409 1743 625 1800 intellegi,
655 1758 706 1786 ne
733 1744 847 1797 foede
877 1745 992 1798 apud
1013 1745 1214 1786 maritum
1238 1747 1276 1787 et
1300 1758 1482 1787 amorem
1506 1758 1628 1787 susum
1659 1745 1767 1786 eirea
1792 1752 1838 1783 20

52 1816 262 1859 Anchisen
286 1818 478 1857 memoret
501 1818 539 1856 et
561 1819 789 1870 susceptum
814 1816 862 1858 de
885 1816 1086 1858 adulterio
1116 1815 1264 1870 filium.
1366 1827 1602 1858 GENETRIX
1628 1828 1766 1859 NA'ro.

54 1899 113 1930 ΤΕ
146 1899 275 1929 EILIA
307 1899 419 1928 NERI
449 1886 522 1928 hoe
551 1890 627 1938 est,
663 1887 766 1930 soles
803 1886 877 1929 hoe
906 1890 1120 1941 praestare
1149 1887 1362 1930 matribus.
1424 1891 1462 1929 et
1490 1888 1590 1930 dicit
1619 1887 1766 1929 Theti·

52 1959 167 2014 dem,
199 1973 308 2014 quae
335 1958 495 2000 Achilli
522 1973 643 2000 arma
667 1958 915 2014 inpetravit.
967 1961 1010 2000 et
1041 1958 1168 2000 bonis
1201 1958 1336 2002 utitur
1369 1958 1766 2013 comparationibus

55 2030 233 2073 dicendo
267 2029 380 2072 ‘filia
410 2029 551 2085 Neri',
593 2045 689 2072 cum
721 2030 817 2085 ipsa
848 2029 966 2073 Iovis
1000 2031 1057 2072 sit
1087 2030 1196 2084 filia,
1228 2029 1333 2072 item
1367 2029 1495 2072 ‘uxor
1527 2029 1767 2085 Tithonia',

54 2117 151 2145 cum
185 2102 241 2144 sit
271 2101 368 2157 ipsa
393 2101 593 2143 Vulcani.
644 2100 791 2144 ‘Neri’
826 2103 971 2143 autem
1004 2115 1082 2157 pro
1110 2100 1302 2143 ‘Nerei’2
1334 2101 1480 2143 omnia
1511 2101 1626 2143 enim
1658 2115 1767 2157 quae
1792 2110 1837 2140 25

53 2174 100 2216 in
137 2172 257 2215 eus'
295 2175 453 2215 exeunt
493 2173 620 2215 hodie
662 2171 776 2228 apud
817 2172 1002 2215 maiores
1043 2172 1089 2214 in
1129 2171 1216 2214 es'
1257 2172 1450 2227 exibant,
1493 2174 1542 2213 ut
1579 2171 1766 2214 ‘Nereus

54 2244 208 2300 Neres,
240 2244 411 2300 Tydeus
443 2244 621 2300 Tydes',
659 2247 703 2286 et
740 2244 987 2300 genetivum
1020 2243 1066 2286 in
1099 2243 1177 2286 ‘is'
1210 2205 1461 2299 mittebant,
1495 2243 1650 2299 ‘Tydis
1682 2243 1767 2286 Ne-

54 2315 148 2359 ris'.
210 2316 282 2358 sed
315 2316 418 2371 quia
457 2315 754 2377 plerumque‘
765 2315 805 2358 s'
839 2329 968 2370 supra
1004 2315 1050 2358 in
1083 2315 1303 2358 latinitate
1335 2315 1593 2372 detrahitur,
1630 2330 1766 2358 rema-

154 2449 172 2480 1
206 2444 370 2481 exerceri
397 2445 604 2480 Masvicius
634 2445 646 2490 ΙΙ
682 2447 704 2478 4
738 2444 803 2479 sed
828 2444 900 2480 hoc
925 2444 1028 2480 velat
1054 2474 1061 2481 .
1083 2472 1090 2479 .
1114 2472 1121 2480 .
1148 2455 1409 2491 personarum·
1417 2444 1566 2489 scripsi.
1599 2444 1664 2480 sed
1696 2445 1767 2480 hoc

57 2493 119 2528 uel
145 2493 193 2528 ad
218 2492 375 2528 aliarum
402 2491 755 2528 commemoratione
779 2503 1023 2537 personarum
1039 2492 1140 2536 LH,
1165 2493 1396 2528 consentiwnt
1419 2493 1553 2537 reliqui
1578 2493 1666 2527 libri
1686 2492 1767 2527 Ser-

55 2541 177 2584 viani,
206 2541 285 2576 nisi
311 2541 407 2585 quod
432 2539 480 2575 ad
506 2550 572 2575 om.
599 2539 672 2575 AS
680 2539 730 2574 M
762 2540 823 2575 vel
854 2550 920 2575 om.
947 2539 993 2575 R.
1033 2540 1098 2576 sed
1130 2540 1201 2576 hoc
1225 2539 1419 2575 honestius
1444 2540 1507 2575 uel
1532 2540 1581 2575 ad
1605 2538 1766 2575 aliarum

58 2587 410 2628 commemoratione
441 2598 682 2633 personarum
710 2585 820 2622 aduci
851 2587 1012 2632 (traduci
1038 2587 1086 2632 G)
1117 2588 1244 2641 potest
1270 2586 1317 2623 F.
1363 2587 1514 2640 traduci
1539 2588 1664 2632 potest
1685 2591 1767 2632 post

58 2646 367 2727 {gffisssszssssffl'fi
387 2646 516 2729 5²²3sz
533 2635 631 2718 tide
644 2646 701 2727 'ie
709 2634 1101 2727 ''102252253'12‘3-12'1'21?
1109 2635 1402 2727 offlzflfffflt.
1418 2635 1452 2728 53*
1469 2634 1767 2728 ῃΗιέᾱᾶῗιοὲῗέὃῖ

58 2731 152 2765 haec
179 2741 251 2764 non
273 2730 422 2765 tantum
438 2729 515 2765 uim
536 2729 694 2775 rogandi
720 2729 862 2764 habent
881 2729 945 2764 sed
966 2730 1079 2765 etiam
1098 2729 1327 2775 impetrandi
1351 2741 1459 2765 uerso
1485 2732 1611 2765 tamen
1638 2729 1767 2766 ordine

59 2778 148 2822 quia
179 2778 298 2823 primo
331 2788 443 2812 arma
465 2776 566 2822 petit
591 2777 724 2812 deinde
750 2776 906 2811 adiuuat
929 2778 1100 2823 exemplo
1126 2777 1283 2813 dicendo
1308 2777 1387 2813 filia
1411 2777 1513 2813 nerei
1539 2779 1578 2812 et
1602 2779 1672 2822 riq.
1702 2777 1734 2811 T
1758 2777 1767 2823 Η

60 2837 154 2861 xovxs
180 2837 324 2860 musmo
350 2824 387 2859 id
414 2826 563 2860 est..
589 2824 748 2869 imperio
773 2835 820 2859 ne
845 2824 1036 2860 uideretur
1061 2836 1088 2861 e.
1109 2836 1141 2871 q.
1161 2835 1189 2860 s.
1209 2825 1250 2859 F
1266 2826 1278 2872 n
1297 2827 1335 2860 et
1359 2835 1426 2860 om.
1447 2825 1481 2860 G
1500 2826 1511 2871 ΙΙ
1534 2829 1576 2860 14
1602 2825 1766 2869 videtur]

59 2873 248 2908 uideretur
272 2872 306 2907 L
325 2873 338 2917 u
358 2876 402 2907 16
428 2883 524 2917 quae
548 2882 615 2908 om.
636 2871 687 2906 M
699 2874 711 2916 ΙΙ
730 2870 876 2907 scilicet
898 2873 988 2908 tunc
1011 2872 1046 2907 L
1064 2874 1076 2919 ΙΙ
1094 2872 1174 2918 peti
1201 2872 1241 2907 F
1256 2874 1268 2919 ΙΙ
1286 2873 1337 2908 ad
1363 2884 1523 2908 smowvu
1547 2884 1584 2908 Μ.
1608 2887 1639 2908 N.
1666 2883 1767 2917 supr.

59 2931 148 2956 vers.
177 2921 209 2955 si
235 2921 404 2955 sanctum
431 2918 652 2965 simpliciter
671 2917 899 2964 accipiamus
924 2919 1008 2956 leue
1028 2921 1096 2955 est.
1136 2930 1225 2966 ergo
1246 2920 1415 2955 sanctum
1435 2922 1478 2954 ut
1496 2920 1599 2965 leges
1620 2922 1768 2955 sanctas

60 2967 100 3002 id
125 2969 182 3003 est
205 2967 331 3002 firmas
358 2966 516 3003 dicimus
543 2978 566 3002 a
591 2966 800 3003 sanciendo.
836 2977 924 3012 ergo
945 2969 1116 3003 sanctum
1143 2967 1326 3003 sancitum
1351 2966 1529 3012 intellege
1552 2967 1585 3001 T
1601 2968 1613 3012 ΙΙ
1636 2971 1677 3002 19
1703 2977 1767 3011 pe-

60 3013 109 3049 tit
133 3014 207 3050 AS
217 3016 264 3049 M
287 3016 299 3061 11
330 3018 374 3049 22
401 3027 507 3050 nsum
531 3013 660 3049 ARF
681 3015 694 3059 ΙΙ
721 3014 771 3049 ad
794 3026 835 3048 trs
860 3027 892 3049 r.
919 3027 951 3051 u.
977 3026 1078 3061 supr.
1103 3026 1191 3051 vers.
1219 3013 1334 3050 etiam
1358 3014 1431 3049 hoc
1457 3013 1553 3049 soles
1577 3016 1768 3060 praestare

62 3062 243 3097 matribus
270 3063 411 3107 quanto
437 3061 558 3108 magis
583 3061 677 3097 mihi
705 3061 738 3095 T
764 3062 777 3107 ΙΙ
806 3061 922 3097 thetis
948 3063 1036 3098 libri
1060 3062 1250 3105 Serviani,
1275 3062 1353 3097 filia
1376 3061 1480 3097 nerei
1505 3063 1589 3098 add.
1616 3062 1731 3096 Αὕτη
1755 3060 1768 3106 Η

63 3112 109 3143 24
133 3109 235 3144 nerei
259 3109 388 3144 ARF
403 3110 415 3156 ss
433 3109 598 3146 thitonia
621 3108 753 3144 ALH
757 3109 797 3143 F
812 3109 824 3155 ΙΙ
843 3112 888 3145 25
914 3110 1015 3146 nerei
1041 3110 1082 3145 F
1097 3111 1110 3156 ΙΙ
1129 3114 1174 3145 26
1201 3109 1278 3144 eius
1302 3108 1377 3144 As
1402 3110 1481 3154 (eus
1507 3111 1566 3153 as)
1586 3110 1597 3156 ΙΙ
1617 3108 1767 3188 exibaRnt

62 3155 121 3208 ut]
150 3156 345 3192 exibantur
370 3157 410 3191 F
424 3158 437 3201 ΙΙ
455 3157 630 3193 exiebant
653 3156 747 3191 LM
763 3157 775 3203 ΙΙ
799 3159 844 3191 27
871 3156 1020 3202 Tydeus
1048 3187 1054 3193 .
1077 3156 1250 3193 ..Neris
1276 3166 1341 3191 om.
1363 3155 1451 3190 LH
1467 3156 1566 3201 (add.
1587 3157 1613 3200 l)
1633 3157 1644 3202 ΙΙ
1663 3154 1749 3189 isR

64 3201 117 3236 eis
139 3202 309 3238 ASMF
342 3204 377 3240 ei
403 3205 445 3250 ln
463 3204 602 3240 thideis
629 3204 749 3240 nereis
775 3203 849 3239 AS
884 3204 1020 3240 tidaeis
1045 3203 1167 3240 nereis
1187 3203 1223 3237 R
1261 3203 1382 3249 tydeis
1407 3203 1529 3239 nereis
1551 3203 1598 3237 M
1606 3204 1618 3237 l
1655 3200 1767 3236 tideis

63 3249 182 3284 nereis
210 3249 325 3296 Fn‘
311 3251 361 3284 s'
390 3262 563 3296 suprema
587 3250 634 3287 F.
656 3250 854 3286 Schoezliue

135 3314 266 3340 Sorviic
269 3322 356 3341 0.mm
374 3315 443 3341 v0.1
461 3316 502 3341 11.
523 3317 568 3341 ia
550 3323 601 3342 aas
604 3316 654 3342 ..1
1439 3312 1481 3344 17
