2092 3614
513 274 665 311 coMM.
692 275 743 310 IN
770 274 912 311 VERG.
940 274 1050 310 AEN.
1077 267 1166 310 vm
1193 257 1391 311 ρκ’-275.
1706 272 1792 313 235
1828 267 1839 279 ⁶

79 384 326 438 epulationis
361 398 527 428 sacrum
557 384 712 427 Potitio
749 385 983 439 tradidisse,
1023 398 1051 426 a
1087 397 1166 438 quo
1202 383 1413 426 videbatur
1449 386 1721 434 consecratus,
1758 385 1797 424 et

80 455 254 498 Potitios
292 457 392 511 diei,
435 458 544 510 quod
581 471 720 499 eorum
759 459 902 499 auctor
940 456 1072 510 epulis
1109 455 1240 498 saeris
1274 455 1434 508 potitus
1473 456 1544 505 sit,
1585 454 1795 504 Pinario-3,

79 527 189 580 quod
217 528 296 581 eis,
332 520 440 571 sieut
467 529 620 570 dietum
652 532 725 580 est,
761 528 895 581 fames
925 528 1143 582 epularum
1172 539 1389 569 sacrarum
1426 526 1583 568 indicta
1612 526 1686 568 sit:
1724 525 1797 567 hoe

79 598 189 640 enim
220 599 279 641 eis
308 599 507 642 Hercules
536 600 690 642 dixisse
719 601 872 642 dieitur
903 595 1030 654 ὑμεῖς
1063 595 1112 640 δὲ
1143 596 1385 640 πεινάσετε.

199 669 298 712 271.
348 681 470 713 LVOO
497 671 710 725 templum
737 671 852 712 enim
877 670 1069 712 nondum
1094 669 1307 711 habuerat
1329 667 1549 723 Hercules,
1577 668 1649 709 sed
1676 683 1795 710 aram
1821 675 1842 705 5

80 740 401 796 tantummodo,
436 744 485 783 ut,
516 741 703 783 diximus
736 757 866 797 supra
898 740 1058 796 <179>.
1177 751 1365 782 MAXIMA
1395 739 1551 795 ingens
1584 740 1698 781 enim
1731 742 1797 781 est

62 807 158 854 'ara
189 811 408 868 Herculis,
442 813 554 854 sieut
584 813 777 855 videmus
809 813 1020 868 hodieque
1046 815 1141 867 post
1170 812 1324 854 ianuas
1353 812 1453 854 eirei
1483 812 1670 854 maximi.
1719 812 1798 854 alii

81 884 310 925 maximam
346 884 433 926 ideo
469 885 629 936 dieunt,
672 885 771 938 quia
808 885 880 927 illo
919 888 1093 939 tempore
1129 884 1316 926 omnibus
1351 886 1442 925 erat
1477 883 1627 925 honore
1658 883 1798 937 potior

80 969 205 1008 quam
235 955 315 998 sibi
339 955 556 1011 Hercules,
579 958 803 1009 postquam
832 970 873 999 se
903 970 930 997 a
958 959 1090 998 matre
1116 955 1314 997 Euandri
1337 955 1452 997 Iovis
1482 955 1619 1008 filium
1649 967 1731 996 esse
1761 957 1799 996 et

80 1027 355 1068 immortalem
382 1027 577 1079 futurum
607 1028 806 1081 eoqnovit,
836 1028 992 1070 statuit.
1826 1032 1869 1063 10

200 1098 300 1140 272.
349 1115 444 1141 ERIT
473 1114 576 1146 QVAE
605 1115 762 1141 Marma
798 1099 982 1153 repetitio
1025 1098 1136 1141 verbi
1171 1099 1229 1141 ad
1263 1098 1455 1140 honorem
1493 1100 1532 1139 et
1560 1099 1799 1151 potestatem

75 1169 265 1224 pertinet.

201 1241 300 1282 273.
350 1258 397 1284 nv
426 1257 590 1284 MVNERE
616 1254 702 1283 non
732 1243 819 1283 tam
850 1239 919 1282 ‘in
949 1240 1115 1295 officio’,
1145 1254 1271 1295 quam
1303 1239 1373 1282 ‘in
1400 1238 1570 1282 honore’
1601 1239 1667 1281 hie
1697 1239 1799 1281 aeci-

74 1312 285 1366 piendum.

200 1384 300 1426 274.
348 1394 550 1427 Pone-uri:
590 1394 793 1426 Dssxrms
832 1383 1036 1438 praebete
1074 1383 1257 1426 invicem
1296 1383 1464 1438 pocula.
1528 1385 1571 1425 et
1611 1385 1678 1425 est
1708 1381 1797 1425 Ho-
1827 1388 1870 1420 15

82 1455 201 1497 meri.
334 1472 498 1498 PORGITE
527 1456 711 1507 Demus]
754 1455 801 1496 id
835 1457 893 1497 est
924 1453 1161 1508 ‘propinate
1190 1458 1333 1496 mutuo
1343 1453 1367 1497 ⁹.
1429 1469 1487 1496 an
1517 1455 1673 1497 divisae
1702 1457 1801 1496 sunt

74 1540 293 1582 personae,
327 1529 375 1568 ut
404 1525 567 1579 ‘einyite
594 1526 744 1578 fronde
773 1524 924 1568 eomas'
956 1527 1014 1568 ad
1042 1527 1232 1568 convivas
1262 1526 1483 1580 referatur,
1515 1525 1676 1580 ‘pocula
1699 1539 1798 1580 por-

78 1597 182 1653 9ite'
214 1599 272 1640 ad
299 1598 523 1640 ministros.

203 1669 302 1712 275.
352 1680 716 1720 COMMVNEMQVE
750 1680 933 1711 voeA'rE
965 1681 1098 1712 DEVM
1131 1671 1206 1712 aut
1238 1669 1339 1725 quia
1369 1668 1560 1724 Argivus
1593 1670 1659 1710 est
1690 1667 1799 1710 Her-

83 1741 197 1783 eules
240 1743 282 1783 eia
320 1755 452 1796 supra
489 1739 598 1782 dixit
635 1739 806 1782 Aeneas
844 1743 935 1782 tam
975 1740 1162 1783 Graecos
1204 1755 1334 1796 quam
1372 1739 1584 1782 Troianos
1622 1739 1672 1781 de
1711 1754 1797 1782 uno
1825 1746 1870 1777 20

84 1813 310 1869 sanguinis
351 1812 471 1855 fonte
512 1812 787 1855 descendere:
830 1814 905 1854 aut
942 1827 1214 1855 communem
1253 1811 1380 1854 deum
1419 1811 1526 1853 dixit
1563 1812 1671 1853 inter
1706 1812 1800 1853 deos

83 1888 204 1939 atque
233 1884 437 1928 homines:
475 1884 583 1926 unde
612 1884 770 1926 medius
798 1884 926 1938 fidius
956 1884 1111 1927 dietus:
1142 1887 1218 1927 aut
1246 1883 1470 1938 utriusque
1501 1884 1680 1925 naturae
1712 1897 1798 1924 me-

84 1957 221 2011 dium,
262 1956 307 1998 id
340 1957 406 1998 est
436 1955 549 1997 inter
566 1954 894 1997 mortalitatem
924 1956 968 1996 et
999 1954 1284 1997 divinitatem.
1341 1956 1443 1997 sunt
1474 1954 1589 1996 enim
1619 1953 1800 1995 numina

85 2028 232 2084 aliqua
275 2029 446 2070 tantum
490 2026 714 2081 caelestia,
761 2025 908 2081 aliqua
952 2028 1124 2068 tantum
1162 2026 1405 2080 terrestria,
1450 2025 1596 2080 aliqua
1640 2024 1798 2067 media:

85 2114 194 2155 quos
220 2099 323 2142 deos
350 2097 557 2154 Apuleius
587 2097 871 2140 medioximos
897 2099 1038 2153 vocat,
1071 2097 1153 2140 hoc
1186 2100 1252 2140 esi:
1285 2097 1358 2153 qui
1383 2111 1434 2138 ex
1460 2095 1708 2138 hominibus
1737 2096 1798 2138 dii
1823 2103 1869 2135 25

85 2171 204 2213 fiunt.
267 2169 341 2212 alii
382 2183 655 2211 communem
697 2168 823 2210 deum
863 2168 960 2210 ideo
1003 2168 1165 2210 dictum
1209 2169 1377 2223 volunt,
1422 2168 1523 2223 quia
1567 2167 1798 2209 seeundum

86 2241 375 2298 pontificalem
406 2240 541 2283 ritum
573 2240 687 2282 idem
720 2242 786 2282 est
816 2239 1042 2292 Hercules,
1077 2240 1151 2295 qui
1183 2242 1226 2282 et
1250 2239 1387 2283 Mars:
1418 2254 1519 2281 nam
1554 2240 1598 2281 et
1629 2238 1799 2280 stellam

86 2312 306 2356 Chaldaeis
330 2312 555 2355 dicentibus
579 2326 710 2354 unam
742 2310 903 2353 habere
929 2310 1147 2366 dicuntur,
1178 2312 1222 2353 et
1245 2310 1446 2354 novimus
1466 2310 1651 2353 Martem
1686 2324 1797 2353 eom-

185 2480 228 2512 21
264 2478 331 2512 aut
355 2487 590 2513 communem
616 2476 726 2512 deum
753 2474 849 2511 dixit
875 2487 904 2512 e.
932 2488 965 2521 q.
994 2476 1038 2522 s.]
1071 2475 1117 2513 of.
1144 2475 1332 2522 mythogr.
1360 2475 1413 2511 III
1441 2479 1495 2521 13,
1522 2478 1543 2511 8
1580 2475 1593 2521 ΙΙ
1630 2477 1675 2510 25
1701 2474 1802 2519 Apu-

89 2525 200 2572 leius]
227 2525 272 2560 de
298 2524 423 2570 dogm.
449 2524 545 2561 Plat.
572 2524 588 2558 Ι
617 2527 658 2559 11

187 2683 205 2714 1
232 2678 345 2724 potiti
371 2678 420 2722 F,
446 2689 536 2714 corr.
563 2678 703 2714 Daniel
728 2679 739 2724 ΙΙ
771 2677 995 2713 uidebantur
1021 2678 1054 2713 G
1079 2679 1091 2724 ΙΙ
1122 2682 1142 2712 2
1169 2676 1327 2723 potitius
1353 2676 1402 2721 F,
1428 2677 1570 2713 eorreaei
1593 2677 1606 2721 ΙΙ
1638 2675 1803 2722 pinarius

92 2726 141 2770 F,
166 2728 309 2762 eorrea‘i
327 2727 338 2772 11
358 2730 379 2761 3
405 2726 458 2761 eis
485 2753 492 2761 .
517 2754 524 2761 .
546 2754 553 2760 .
579 2725 651 2761 hoo
676 2737 743 2761 om.
765 2725 799 2761 G
817 2727 829 2772 u
848 2729 870 2760 4
895 2722 1003 2771 ὑμεῖς
1029 2723 1071 2761 δὲ
1098 2723 1296 2760 πεινάσετε
1324 2736 1390 2760 om.
1412 2724 1446 2760 G
1465 2726 1476 2770 ΙΙ
1497 2735 1704 2759 ηειιωεείηιι
1731 2723 1771 2758 F
1793 2723 1804 2768 Η

93 2779 113 2810 7
139 2774 251 2809 hodie
277 2774 310 2808 L
336 2773 537 2819 (hodieque
563 2774 588 2817 l)
607 2774 619 2819 ΙΙ
645 2777 665 2808 8
692 2784 756 2808 era
782 2773 823 2808 F
838 2774 850 2819 {l
877 2777 920 2808 10
946 2773 1143 2808 mortalem
1169 2773 1218 2816 F,
1244 2784 1335 2809 corr.
1364 2772 1604 2808 Commelinus
1631 2774 1643 2815 ΙΙ
1671 2776 1713 2806 13
1740 2784 1803 2806 Μν-

94 2834 186 2857 umm
212 2820 280 2866 Fu
308 2822 357 2857 ad
382 2828 418 2856 m
444 2834 478 2855 Μ.
505 2831 605 2865 supr.
632 2831 720 2856 vers.
746 2820 785 2856 in
812 2820 936 2855 officio
963 2822 1028 2855 aut
1052 2820 1091 2855 in
1116 2821 1256 2856 honore
1286 2820 1319 2854 T
1333 2821 1344 2866 ΙΙ
1373 2821 1410 2855 in
1436 2820 1525 2854 hore
1552 2819 1592 2854 F
1614 2820 1626 2865 ΙΙ
1660 2822 1702 2854 15
1728 2818 1802 2853 Ho-

94 2865 759 2961 {ff}xf⁰3³⁷z>⁹32d⁰³3522t532523“22
784 2866 985 2951 mitta
1003 2866 1091 2962 ,ῗῖἶὲ
1110 2862 1805 2960 '‘3320‘553122‘55235'imisit-{ig

95 2966 245 3008 mutuo,
271 2965 313 2999 in
336 2975 450 3009 mary.
478 2964 524 2999 ab
549 2963 627 2998 alia
651 2974 766 2998 manu
790 2962 941 2998 Diuisae
974 2963 1061 2998 sunt
1090 2963 1161 2998 hoc
1192 2963 1273 2998 loco
1306 2972 1496 3008 personae.
1548 2962 1595 2997 ad
1628 2961 1804 2996 conuiuas

97 3008 261 3056 pertinet
285 3010 425 3056 cingite
446 3021 571 3046 comas
590 3010 639 3045 ad
657 3009 847 3046 ministros
873 3010 1020 3056 porgite
1046 3011 1180 3056 poeula
1202 3010 1235 3045 T
1251 3011 1264 3055 ΙΙ
1282 3015 1387 3045 muto
1407 3009 1448 3044 F
1463 3010 1474 3055 ΙΙ
1496 3013 1538 3046 17
1559 3008 1717 3054 seingite
1738 3007 1777 3041 F
1792 3007 1803 3052 Η

99 3058 292 3094 conuiuias
319 3058 360 3093 F
387 3059 399 3104 ΙΙ
435 3058 571 3104 poeula
595 3057 745 3103 porrige
772 3057 813 3092 F
838 3059 850 3103 ΙΙ
887 3061 930 3092 21
967 3057 1064 3093 inter
1096 3058 1185 3093 deos
1213 3086 1220 3094 .
1247 3085 1254 3094 .
1285 3085 1292 3092 .
1319 3058 1384 3092 aut
1414 3057 1528 3093 edidit
1553 3056 1760 3101 Stephanus
1794 3054 1805 3098 ΙΙ

101 3109 146 3140 22
171 3105 315 3141 medius
340 3106 450 3141 fidius
480 3105 514 3140 G
550 3105 702 3140 mediufi
727 3104 836 3140 fidius
863 3104 911 3141 F.
937 3106 982 3149 ef.
1010 3105 1234 3141 Sehoemann
1259 3115 1379 3149 opusc.
1406 3104 1423 3138 I
1442 3115 1482 3150 p.
1504 3108 1549 3139 30
1569 3105 1580 3149 ΙΙ
1608 3104 1803 3153 inmaturae
1826 3123 1831 3127 -

102 3151 146 3186 H
159 3153 172 3198 ΙΙ
190 3153 333 3188 medius
354 3152 394 3188 F
409 3154 421 3199 ΙΙ
439 3156 485 3188 25
513 3153 700 3198 sepuleius
726 3152 772 3188 H
785 3154 798 3199 ΙΙ
816 3151 1070 3198 medioxymos
1089 3152 1129 3187 F
1144 3154 1157 3197 ΙΙ
1176 3151 1255 3197 qui]
1282 3151 1372 3197 quia
1390 3151 1435 3186 H
1449 3154 1462 3197 fl
1480 3151 1623 3186 defiunh
1642 3149 1713 3183 AS
1738 3147 1804 3192 (chi

99 3198 197 3233 fiuni:
220 3211 245 3234 a
281 3200 457 3235 deficiunt
479 3202 511 3245 s)
531 3201 606 3246 1127
632 3200 801 3236 hercules
827 3202 885 3236 est
903 3199 938 3235 L
957 3201 969 3246 u
988 3201 1027 3236 et
1051 3204 1135 3236 ante
1160 3199 1309 3235 stellam
1334 3210 1400 3236 om.
1417 3200 1466 3234 M
1483 3200 1495 3245 ΙΙ
1514 3202 1559 3234 28
1586 3195 1707 3232 oaldei
1731 3195 1772 3230 F
1793 3194 1806 3241 ιζ

99 3245 272 3281 nouimus
296 3249 530 3292 martemque
557 3248 606 3282 M
612 3248 625 3282 l
