2092 3614
135 0 225 21 .”ἶ’“’”“.

0 114 26 132 ΙΙ.

1466 147 1551 234 ,ἢ

523 251 675 289 ΟΟΜΜ.
700 252 753 288 IN
779 252 925 289 VERG.
951 252 1062 288 AEN.
1089 253 1178 288 VIII
1202 257 1403 291 478—-506,
1553 250 1555 257 ‘
1717 255 1801 298 271

83 362 264 417 primere
294 361 581 415 indiynitatcm
611 362 690 414 rei,
727 362 848 416 quasi
884 362 1072 405 commoti
1101 364 1325 406 avertimus
1355 365 1597 416 orationem,
1634 367 1683 407 ut
1712 364 1805 420 <VI

33 430 37 434 ’
94 432 210 488 529>
241 433 292 475 di
323 433 451 475 talia
483 432 647 475 Grais.

208 503 308 547 485.
358 521 515 547 Momm
548 521 645 551 evm
670 522 797 547 ETIAM
816 506 925 559 quod
945 519 1074 560 supra
1099 506 1254 548 dictum
1278 509 1357 548 est:
1388 507 1497 560 quod
1514 506 1652 550 Cicero
1678 508 1805 551 etiam

89 576 134 617 in
165 574 391 618 Hortensio
422 576 470 618 de
503 576 648 618 Tuscis
678 577 794 619 dimit.

207 647 306 690 487.
357 659 595 690 TORMENTI
621 659 770 690 Gnnvs
803 649 1060 691 exclamatio
1087 651 1153 691 est
1177 649 1345 692 inventi
1368 651 1587 707 supplicii,
1618 655 1657 693 et
1679 653 1804 694 etiam
1829 658 1850 691 5

88 719 305 761 detestatio.
420 730 555 761 SANIE
589 719 808 770 TABOQ'VE
843 720 983 762 sanies
1016 721 1176 763 mortui
1209 723 1284 764 est.
1335 720 1470 764 ‘tabo'
1504 722 1690 765 viventis
1723 724 1802 765 sci-

88 789 191 832 licet
224 790 456 846 sanguinis.

206 862 306 904 489.
355 879 409 904 Ar
435 879 551 904 Fnssz
574 876 666 904 cum
697 866 827 905 essent
852 863 969 919 fessi,
1004 864 1169 907 tandem
1199 865 1515 909 circumsistunt.

205 933 306 975 493.
357 944 636 976 OONFVGERE
676 934 973 991 confugiebat:
1016 938 1059 977 et
1096 938 1144 978 ut
1177 935 1362 979 diximus
1395 937 1466 991 <II
1500 937 1632 994 132>‚
1670 938 1802 981 histo-

89 1003 204 1046 ricus
238 1005 365 1047 stilus
398 1007 474 1047 est.
566 1017 838 1048 DEFENDIER
869 1006 1056 1063 defendi,
1088 1008 1130 1050 id
1164 1010 1230 1050 est
1262 1007 1586 1052 defendebatur.
1637 1012 1680 1051 et
1711 1025 1803 1052 ver·
1830 1017 1873 1048 10

88 1075 144 1117 tit
173 1075 422 1132 historiam3
459 1092 580 1132 nam,
619 1080 667 1119 ut
704 1078 887 1121 diximus
921 1078 1011 1133 <IV
1044 1079 1179 1135 620),
1204 1079 1387 1122 ‘Turnus
1425 1081 1567 1136 magis
1605 1081 1803 1138 confugit

89 1146 141 1189 ad
173 1146 444 1191 Mezentium.

207 1219 307 1261 495.
355 1237 409 1262 AD
437 1237 672 1263 svepmcwm
704 1221 814 1272 bene,
852 1235 936 1263 non
972 1223 1029 1264 ad
1063 1222 1222 1270 bellum.
1343 1235 1603 1266 PRAESENTI
1641 1235 1801 1266 MARTE
1839 1216 1844 1220 ’

63 1290 181 1332 sine
213 1290 358 1346 aliqua
389 1291 610 1335 dilatione.

206 1361 305 1404 496.
356 1379 423 1405 ms
453 1380 526 1405 EGO
559 1380 764 1416 TE1AENEA
798 1381 1005 1407 DVCTOREM
1038 1366 1159 1418 quasi
1189 1367 1348 1420 qrande
1377 1367 1681 1410 incrementum.
1829 1375 1873 1419 15

87 1445 255 1476 ADDAM
294 1435 369 1475 aut
407 1433 537 1490 dab03
579 1437 654 1476 aut
689 1449 735 1476 re
772 1449 874 1477 vera
913 1435 1067 1477 addam
1105 1437 1369 1480 habentibus
1401 1437 1684 1482 Tarchonem.

88 1523 179 1549 roro
209 1522 317 1553 NAMQ
326 1522 374 1549 vn
401 1523 508 1548 FREM
516 1524 591 1550 VNT
622 1507 684 1549 vel
712 1508 943 1561 praeterita
978 1511 1149 1559 narrat‚·
1190 1509 1252 1551 vel
1282 1509 1513 1552 coniectura
1550 1513 1624 1562 est,
1661 1513 1803 1552 utrum

87 1578 213 1620 velint
240 1578 312 1632 qui
341 1581 508 1621 cessant.
1249 1570 1253 1573 ⁷

205 1649 303 1692 498.
353 1661 635 1693 LONGAEVVS
668 1662 882 1694 ARVSPEX
922 1654 1177 1707 argumento
1217 1654 1373 1696 aetatis
1407 1653 1502 1696 vult
1533 1653 1708 1696 doctum
1739 1655 1801 1696 vi-

89 1720 190 1764 deri.
242 1721 488 1775 quibusdam
519 1737 619 1765 sane
649 1724 849 1777 displicet,
881 1725 991 1777 quod
1018 1725 1224 1781 aruspicis
1253 1739 1400 1768 nomen
1431 1723 1553 1782 (non)
1587 1727 1804 1782 addiderit,
1830 1734 1876 1766 20

87 1792 205 1834 euius
238 1795 412 1834 aetatem
443 1795 803 1848 auctoritatemque
832 1794 1027 1849 desiynat.

207 1863 306 1906 500.
355 1881 452 1907 nos
489 1882 610 1908 VETER
620 1882 673 1908 VM
700 1865 962 1909 Ennianum.

205 1934 303 1976 502.
356 1951 607 1978 SVBIVNGERE
635 1936 912 1991 coniunqendo
943 1936 1195 1992 subiunqerc.

207 2005 306 2049 503.
357 2017 543 2049 ΟΡΤΑΤΕ
575 2019 724 2050 DVGES
763 2007 877 2050 votis
911 2007 1093 2051 scilicet:
1130 2009 1191 2051 vel
1221 2013 1324 2052 certe
1354 2014 1555 2064 eapectate
1583 2011 1646 2054 vel
1677 2011 1802 2066 legite.

206 2077 304 2120 504.
354 2089 447 2120 Hoc
479 2089 612 2121 Acms
646 2091 800 2122 OAMPo
834 2079 957 2135 quasi
990 2079 1077 2123 iam
1109 2080 1154 2122 in
1184 2081 1346 2123 bellum
1378 2082 1533 2137 parati.
1826 2092 1871 2124 25

205 2148 304 2192 505.
354 2160 592 2200 REGNIQVE
619 2161 844 2193 CORONAM
874 2150 1063 2207 insigne,
1095 2166 1184 2194 non
1215 2167 1259 2194 re
1286 2167 1388 2196 vera
1413 2168 1638 2209 coronam,
1670 2168 1800 2209 quain

78 2220 218 2263 Tusci
249 2234 372 2276 reges
405 2235 640 2276 numquam
673 2222 929 2265 habuerunt.
993 2236 1096 2279 ergo
1131 2224 1297 2279 species
1330 2226 1397 2267 est
1428 2239 1507 2279 pro
1541 2238 1712 2280 genere.

205 2292 302 2335 506.
352 2304 644 2344 MANDATQVE
683 2305 894 2336 INSIGNIA
933 2296 1008 2336 aut
1046 2294 1184 2337 mittit
1221 2295 1429 2351 insignia,
1469 2296 1512 2338 id
1551 2299 1618 2339 est
1656 2296 1803 2339 omnia

89 2366 343 2407 ornamenta
378 2364 562 2428 regalia,
601 2367 677 2406 aut
713 2379 758 2407 re
797 2379 900 2408 vera
938 2364 1137 2409 ‘mandat
1174 2366 1398 2423 insignia',
1443 2367 1487 2409 id
1525 2370 1592 2411 est
1631 2383 1802 2425 magna,

183 2498 204 2530 6
236 2493 357 2529 sanies
479 2492 687 2540 sanguinis]
722 2493 768 2530 cf.
795 2493 882 2530 [sid.
909 2506 960 2530 or.
988 2494 1039 2530 IV
1065 2499 1097 2539 8,
1124 2499 1169 2531 22
1204 2497 1243 2532 et
1267 2495 1343 2533 diff.
1369 2496 1471 2533 verb.
1499 2500 1570 2532 234
1607 2499 1618 2544 ΙΙ
1655 2502 1700 2533 22
1728 2498 1800 2533 En-

88 2541 258 2588 nianum]
285 2541 331 2577 cf.
359 2552 442 2577 ann.
470 2553 503 2578 v.
531 2544 600 2577 309
626 2540 735 2577 Vahl.

184 2663 204 2694 2
231 2659 351 2705 grecis
372 2659 406 2695 G
423 2661 436 2706 ΙΙ
462 2663 482 2695 5
509 2660 731 2695 exclamatio
753 2688 783 2697 ..
801 2687 808 2695 .
829 2660 1031 2697 detestatio
1050 2662 1131 2698 hab.
1150 2661 1184 2696 T
1197 2662 1209 2709 ΙΙ
1229 2663 1344 2698 etiam
1369 2674 1435 2700 om.
1456 2663 1504 2699 F.
1533 2665 1572 2700 et
1596 2665 1799 2702 detestatio

89 2707 204 2743 edidit
224 2707 431 2752 Stephanus
449 2708 462 2752 ΙΙ
481 2711 501 2742 8
522 2708 572 2742 ad
590 2719 731 2743 unnim
749 2718 850 2753 supr.
870 2719 958 2744 vers.
979 2708 1080 2744 istud
1106 2709 1260 2746 tandem
1286 2711 1334 2746 ad
1360 2711 1496 2748 armati
1521 2712 1801 2749 circumsistunt

89 2754 247 2790 refertur
275 2754 309 2788 Τ
325 2756 336 2800 ΙΙ
356 2754 631 2790 circumsistant
655 2755 695 2789 F
711 2756 723 2801 ΙΙ
753 2759 796 2790 10
822 2755 971 2791 defendi
995 2766 1061 2792 om.
1083 2756 1124 2791 F
1138 2758 1150 2804 ΙΙ
1170 2758 1307 2794 euertit
1331 2759 1374 2804 ΖΙΙ
1395 2762 1439 2794 14
1465 2759 1699 2796 dubitatione
1726 2761 1767 2796 F

92 2805 134 2837 15
160 2814 344 2837 nocromffl
369 2801 410 2836 F
442 2803 455 2848 ΙΙ
493 2805 536 2837 16
562 2801 798 2838 tarchontem
826 2803 873 2837 M
909 2804 921 2850 u
960 2807 1002 2838 17
1034 2804 1096 2840 vel
1120 2805 1326 2850 praeterita
1351 2834 1357 2842 .
1379 2834 1387 2842 .
1408 2835 1416 2843 .
1444 2809 1591 2843 cessant
1613 2809 1695 2844 hab.
1726 2809 1760 2844 T

90 2849 156 2884 aut
181 2848 395 2886 coniectura
420 2850 479 2885 est
501 2849 535 2884 T
560 2850 572 2895 ΙΙ
609 2853 654 2884 20
680 2849 903 2894 quibusdam
929 2851 1082 2887 Daniel:
1110 2852 1245 2897 quibus
1271 2853 1312 2888 F
1344 2855 1356 2899 ΙΙ
1393 2865 1528 2893 nomen
1553 2867 1628 2891 non
1654 2857 1797 2893 Maevi-

90 2897 185 2932 cius:
218 2908 354 2933 nomen
380 2897 421 2932 F
445 2898 457 2943 ΙΙ
494 2901 539 2932 23
565 2897 615 2932 ad
641 2910 858 2933 svmvnomm
883 2908 983 2943 supr.
1009 2910 1097 2936 vers.
1125 2900 1357 2945 subiugando
1384 2902 1607 2948 coniungere
1638 2904 1676 2940 Τ.
1710 2907 1797 2940 cete-

90 2955 172 2979 rum
195 2946 261 2980 hoc
284 2945 459 2981 scholium
484 2944 673 2980 Servianis
698 2946 747 2980 ad
771 2956 801 2980 υ.
824 2948 894 2981 504
918 2946 1052 2982 adiecit
1076 2947 1216 2984 Daniel
1233 2949 1246 2994 ΙΙ
1275 2953 1322 2984 24
1347 2950 1397 2985 ad
1423 2962 1555 2986 omme
1580 2962 1680 2996 supr.
1706 2963 1795 2989 vere.

91 2992 438 3085 i'ssiifftffinleffiffss
449 2993 510 3084 ²⁷0¹*
529 2993 567 3086 ῖῖὺ
581 2992 1797 3081 2³3³‘’533313333010522Sssissuffdffssafflsst‘}d5g⁶2is'¹fi}⁵ssssffiessss²fitRJ-.⁶¹

93 3086 197 3130 (corr.
224 3087 250 3132 l)
276 3088 315 3169 ἂι)
330 3091 374 3122 29
400 3068 571 3134 revera]
606 3088 686 3132 ipse
717 3088 903 3124 tharchon
933 3091 1100 3126 oratores
1127 3091 1175 3126 ad
1200 3102 1259 3126 me
1284 3055 1389 3127 mis&
1413 3094 1655 3138 coronamqui
1681 3094 1796 3139 (coro-

92 3143 251 3178 namque
316 3135 427 3180 aniel)
461 3146 545 3170 cum
577 3136 723 3180 sceptro
756 3135 862 3181 regni
893 3137 977 3172 add.
1005 3136 1059 3173 F:
1094 3149 1186 3183 quae
1216 3139 1292 3175 huc<
1315 3140 1485 3186 relegavi.
1533 3152 1621 3176 nam
1645 3141 1691 3176 ab
1716 3141 1819 3184 ipso·

88 3180 267 3223 plenioris
291 3183 538 3218 commentarii
568 3186 715 3219 auctore
744 3184 915 3220 videntur
946 3185 1077 3221 addita
1102 3196 1191 3221 esse:
1227 3197 1330 3231 quem
1354 3186 1535 3227 Seruiana
1558 3198 1634 3223 non
1658 3188 1796 3223 intelle-

92 3226 188 3261 misse
217 3228 302 3263 inde
333 3234 487 3273 apparet
517 3230 613 3275 quod
644 3242 667 3265 a
697 3231 815 3266 verbis
844 3242 936 3276 quae
966 3236 1052 3268 sunt
1083 3233 1238 3268 mandat
1267 3232 1431 3280 insignia
1460 3245 1593 3271 novum
1622 3235 1797 3270 scholium
