2092 3614
511 285 662 321 COMM.
690 285 743 321 IN
767 283 926 320 VERG.·
938 282 1051 319 AEN.
1077 283 1164 319 V111
1191 286 1390 318 119--128,
1705 280 1789 322 217

75 397 222 439 venire.
271 397 341 439 sed
369 396 470 450 qnia
500 396 663 460 iqnotns
693 398 751 438 est
780 398 818 437 et
845 394 1048 437 ostendere
1077 393 1165 435 vnlt
1193 393 1294 446 qnid
1322 393 1544 445 impetrare
1573 391 1699 442 debet,
1731 391 1795 433 ait

76 467 325 511 ‘Dardanus
348 465 509 509 Iliacae
531 467 699 521 primns
721 469 845 521 pater
869 465 984 508 urbis
1008 467 1046 507 et
1068 462 1240 506 anotor'.
1288 465 1432 505 contra
1460 476 1561 516 quos
1585 462 1794 504 aitxilinm

71 542 189 595 petat
218 538 329 593 ‘qens
359 538 498 580 eadem
528 551 632 591 qnae
663 536 724 579 te'.
767 537 870 591 qnid
897 536 980 591 ipsi
1009 535 1135 578 etiam
1165 535 1221 577 sit
1250 534 1366 585 utile,
1398 548 1425 575 a
1449 547 1527 587 qno
1559 534 1794 587 beneficium

69 610 326 666 postulatur,
365 609 460 652 ‘nos
490 609 529 652 si
551 609 715 663 pellant
743 607 850 650 nihil
881 604 1237 661 aforeerednnt’:
1275 605 1376 647 dicit
1410 605 1538 659 enim,
1575 618 1650 647 nos
1673 605 1798 658 pelli-⁴

77 696 190 734 mnr,
221 682 292 725 sed
319 695 388 724 vos
417 681 610 724 servietis.
652 682 750 734 post
778 693 865 721 reni
895 679 1032 733 ipsam
1054 678 1273 733 proposuit
1304 676 1454 731 ‘accipe
1483 677 1614 730 daque
1643 675 1794 730 ftdem’.
1821 683 1842 716 5

78 754 136 796 ad
158 753 352 795 nltimam
370 766 591 807 possumus
609 752 772 794 reddere
794 751 1028 804 beneficium
1055 749 1167 792 ‘snnt
1183 749 1300 791 nobis
1322 749 1452 802 fortia
1471 748 1570 790 bello
1587 747 1795 802 pectora':

78 838 179 867 nani
215 827 356 866 ntrnm
386 826 524 877 posset
558 824 596 866 is
633 838 661 865 a
697 837 775 877 qno
806 822 1038 877 petebatur,
1075 822 1230 872 omisit,
1267 821 1367 874 qnia
1403 819 1670 873 manifestum
1707 822 1798 861 erat

72 909 206 951 posse,
246 898 286 938 et
314 896 476 949 iynotns
506 908 534 937 a
563 895 906 938 demonstratione
935 907 1136 948 personae
1166 907 1266 935 suae
1296 892 1474 947 incipere
1504 892 1675 934 debebat.

80 978 157 1009 cvl
189 979 254 1009 ME
286 978 505 1009 FORTVNA
536 977 735 1009 PREOARI
773 966 950 1009 servavit
987 962 1037 1008 τὸ
1070 963 1240 1021 πρέπον
1279 965 1445 1006 dicendo
1478 962 1704 1017 ‘fortuna'.
1760 965 1798 1004 et

79 1037 162 1081 ‘eni
191 1053 254 1081 me
281 1038 464 1093 precari'
498 1039 722 1094 antiquum
761 1040 844 1093 est3
885 1052 986 1079 nam
1026 1036 1154 1079 modo
1187 1035 1338 1091 ‘quem
1370 1035 1559 1092 precari’
1594 1035 1794 1077 dicimus:
1825 1041 1868 1073 10

79 1109 307 1152 Terentius
335 1110 487 1153 credo
520 1110 608 1166 qui
634 1109 759 1152 mihi
788 1110 861 1152 sic
888 1111 1018 1165 oret,
1043 1109 1148 1151 item
1173 1108 1333 1151 facite
1365 1110 1421 1150 ut
1452 1108 1601 1150 vobis
1635 1106 1798 1162 decet,

82 1181 312 1224 Sallustius
344 1181 510 1224 locum
544 1181 818 1224 editiorem
849 1196 1002 1237 quam
1042 1180 1339 1223 victoribus
1367 1179 1595 1222 decebat.
1658 1181 1703 1220 et
1733 1181 1799 1220 est

81 1252 312 1309 Graecum,
343 1256 392 1295 ut
416 1250 544 1309 εὔχεο
569 1249 826 1295 Ἀπόλλωνι.
876 1266 975 1295 sane
1006 1255 1151 1295 veteres
1182 1255 1220 1294 et
1250 1251 1407 1306 ‘precor
1432 1250 1511 1293 ‹illi'
1536 1264 1618 1305 pro
1644 1249 1800 1304 ‘precor

72 1339 153 1379 pro
191 1323 285 1367 illo'
322 1326 527 1367 dicebant:
567 1324 748 1367 Plautus
770 1325 830 1367 -in
861 1324 1162 1379 Amphitryone
1197 1324 1305 1366 noli
1333 1323 1550 1378 pessimo
1579 1323 1800 1377 precari,

79 1395 152 1438 hoc
182 1400 242 1439 est
271 1396 283 1414 ‘
286 1411 366 1451 pro
389 1398 568 1451 pessimo
599 1397 686 1438 noli
708 1395 909 1450 preoari'.
971 1399 1046 1438 ant
1073 1395 1324 1451 hyperbaton
1355 1397 1413 1437 est
1442 1393 1515 1436 hoe
1546 1394 1687 1436 niodo:
1726 1394 1800 1436 tibi
1827 1398 1870 1430 15

81 1482 144 1510 nie
170 1468 343 1521 fortuna
373 1469 475 1510 vitta
506 1468 681 1521 comptos
713 1467 841 1510 volnit
864 1468 1127 1521 praetendere
1157 1480 1296 1509 ramos
1326 1469 1364 1508 et
1385 1466 1564 1520 precari.

205 1540 300 1582 128.
351 1550 491 1582 VITTA
518 1550 732 1582 COMPTOS
759 1550 913 1582 RAMOS
946 1541 994 1581 ut
1024 1538 1067 1580 in
1100 1538 1219 1594 pacis
1250 1538 1460 1593 petitione
1486 1551 1630 1579 ramus
1658 1536 1798 1579 olivae

80 1625 178 1653 cum
217 1611 340 1653 vittis
381 1611 602 1666 offeratur,
647 1611 807 1666 partim
845 1610 1039 1666 fabulae,
1083 1610 1243 1666 partim
1282 1611 1463 1652 naturae
1501 1608 1635 1651 efficit
1674 1609 1799 1650 ratio.

80 1697 182 1724 nam
215 1697 311 1724 cum
344 1682 395 1724 de
427 1682 602 1724 nomine
630 1682 902 1724 Athenarum
934 1682 1161 1738 Neptunus
1195 1684 1239 1724 et
1264 1681 1459 1723 Minerva
1491 1680 1801 1722 contenderent

84 1756 127 1795 et
157 1753 356 1796 iussisset
386 1753 584 1809 Iuppiter
614 1755 662 1796 ut
693 1753 811 1795 illius
850 1753 1026 1795 nomine
1065 1753 1280 1795 diceretur
1318 1752 1488 1808 civitas,
1528 1752 1600 1807 qui
1639 1766 1796 1794 munus
1823 1758 1869 1790 20

84 1824 237 1867 melius
270 1825 500 1867 obtulisset
530 1825 781 1877 hominibus,
814 1839 970 1881 equum
997 1823 1245 1880 Neptunus,
1280 1824 1478 1866 Minerva
1510 1823 1671 1866 olivam
1703 1838 1800 1878 pro-

83 1896 203 1951 tulit,
236 1898 279 1939 et
312 1897 460 1938 statim
494 1897 608 1939 vicit.
670 1896 781 1938 unde
813 1911 909 1939 cnm
942 1897 1034 1939 eius
1066 1912 1213 1939 ramus
1247 1896 1377 1938 alicui
1410 1895 1605 1951 offertur,
1637 1894 1802 1936 indicat

82 1983 179 2009 eum
211 1979 306 2010 esse
338 1968 574 2010 meliorem.
623 1967 723 2010 hinc
756 1970 823 2010 est
852 1967 961 2010 illud
994 1968 1270 2023 proverbium
1302 1968 1513 2009 herbam
1546 1966 1626 2021 do,
1658 1966 1702 2007 id
1734 1968 1802 2007 est

83 2039 187 2081 cedo
225 2039 469 2095 victoriam,
508 2039 622 2095 quod
654 2038 795 2081 Varro
835 2039 878 2082 in
913 2040 1039 2082 aetiis
1071 2040 1214 2096 ponit,
1253 2054 1349 2082 cnm
1381 2039 1427 2080 in
1460 2037 1672 2094 agonibus
1705 2037 1799 2078 her-

86 2111 184 2153 bam
227 2111 272 2153 in
311 2111 484 2153 modum
525 2111 694 2166 palmae
733 2110 808 2153 dat
847 2111 1005 2167 aliquis
1044 2111 1098 2166 ei,
1144 2126 1239 2153 cum
1285 2125 1368 2165 quo
1414 2108 1673 2151 contendere
1711 2122 1799 2150 non
1826 2116 1870 2147 25

87 2184 285 2234 conatur,
318 2183 362 2230 et
393 2181 555 2224 fatetur
587 2197 680 2225 esse
713 2182 947 2225 meliorem.
998 2182 1131 2224 vittas
1158 2184 1301 2224 autem
1329 2181 1462 2223 habet
1487 2195 1632 2240 ipmus
1660 2180 1799 2222 olivae

179 2303 222 2334 11
250 2299 461 2345 Terentius]
498 2300 648 2334 Phorm.
675 2300 690 2334 I
717 2305 751 2345 2,
778 2304 822 2335 90
855 2300 894 2335 et
924 2299 982 2335 ad.
1010 2299 1060 2333 ΙΙΙ
1087 2302 1121 2343 4,
1148 2303 1193 2334 45
1230 2300 1243 2345 11
1282 2302 1325 2334 12
1352 2297 1566 2343 Sallustius]
1594 2296 1681 2332 hist.
1710 2297 1725 2330 l
1752 2300 1798 2331 98

86 2347 264 2390 Dietsch.,
291 2346 308 2380 I
336 2351 402 2382 100
428 2347 541 2384 Kritz.
562 2349 573 2394 11
596 2351 638 2383 13
666 2345 792 2394 εὔχεο]
820 2347 861 2383 11.
889 2348 938 2383 lV
961 2351 1026 2382 101
1047 2348 1122 2393 1123
1151 2346 1238 2382 hinc
1264 2349 1322 2382 est
1347 2345 1442 2380 illud
1468 2345 1708 2390 proverbium
1728 2372 1736 2380 .
1759 2372 1766 2380 .
1788 2372 1795 2379 .

86 2394 241 2441 auxilio]
270 2406 384 2430 exscr.
411 2395 708 2441 mythographus
734 2396 769 2431 11
799 2400 874 2431 119.
902 2395 947 2431 cf.
975 2394 1157 2431 Mercklin
1182 2394 1317 2430 Philol.
1345 2392 1397 2428 ΙΙΙ
1423 2405 1458 2439 p.
1485 2397 1554 2429 272

181 2507 199 2537 1
227 2501 370 2548 uenire]
396 2502 560 2547 pertinet
585 2503 668 2538 add.
699 2503 733 2537 T
758 2504 770 2549 11
801 2502 907 2549 quid]
935 2503 1035 2548 quod
1059 2503 1199 2538 Daniel
1229 2504 1241 2547 11
1277 2506 1298 2537 2
1326 2503 1364 2537 et
1388 2512 1515 2535 rursus
1542 2501 1674 2536 contra
1699 2511 1791 2545 quos
1849 2518 1854 2524 ·

83 2549 263 2585 auxilium
289 2551 394 2595 petat
420 2549 514 2585 dicit
537 2562 629 2595 gens
653 2550 685 2584 T
701 2552 712 2597 11
732 2555 752 2585 3
780 2562 874 2595 quae
900 2551 953 2597 te]
983 2550 1148 2585 ostendit
1173 2550 1306 2584 deinde
1332 2550 1416 2584 add.
1436 2549 1468 2583 T
1485 2550 1497 2593 11
1517 2553 1538 2583 4
1564 2548 1791 2594 postulatur]

84 2597 210 2633 dicens
236 2597 385 2633 addsT
406 2598 418 2643 11
445 2597 563 2642 pellat
589 2597 630 2632 F
644 2599 656 2642 11
682 2598 773 2633 dicit
799 2627 806 2633 .
830 2626 837 2633 .
858 2626 866 2634 .
894 2597 1080 2644 seruietis]
1108 2597 1215 2642 quasi
1241 2597 1380 2632 diceret
1406 2596 1436 2630 si
1461 2607 1529 2631 nos
1555 2595 1703 2640 pellunt
1726 2606 1794 2630 uos

85 2643 255 2680 seruietis
284 2644 317 2679 T
339 2646 352 2689 11
383 2649 404 2680 5
429 2646 516 2690 post
540 2656 617 2680 rem
645 2646 735 2681 GT:
762 2645 943 2691 postremi
970 2645 1010 2680 F
1024 2647 1036 2692 11
1065 2646 1241 2690 proponit
1266 2644 1425 2679 dicendo
1452 2644 1484 2677 Τ
1507 2645 1519 2690 11
1551 2647 1572 2678 G
1599 2654 1795 2687 possumus

84 2692 255 2737 reddere]
281 2694 466 2728 monstrat
490 2703 529 2727 se
554 2693 709 2728 reddere
736 2704 844 2738 posse
874 2693 906 2727 T
935 2694 947 2739 11
986 2693 1221 2739 beneficium]
1251 2703 1335 2726 cum
1361 2691 1454 2726 dicit
1479 2691 1563 2726 add.
1595 2691 1627 2725 Τ
1654 2691 1667 2735 11
1699 2689 1798 2726 forta

85 2740 186 2775 bella
211 2739 278 2782 Fu
299 2743 318 2775 7
344 2740 543 2785 patebatur
569 2740 636 2785 Fu
655 2744 676 2775 8
702 2741 873 2786 pei-sione
900 2741 934 2776 G
952 2742 964 2787 11
983 2744 1004 2775 9
1030 2741 1069 2775 to
1095 2751 1236 2786 prepon
1263 2739 1303 2774 F
1319 2741 1330 2786 11
1358 2743 1400 2774 10
1426 2738 1554 2785 quem]
1582 2750 1694 2782 quam
1720 2737 1766 2772 H
1786 2738 1795 2783 11

88 2792 129 2822 12
156 2785 390 2822 meditiorem
418 2787 446 2822 S
464 2788 476 2833 11
507 2791 550 2822 13
576 2789 626 2823 ad
651 2800 710 2822 cv1
735 2801 770 2823 Μ.
792 2802 823 2823 r.
844 2802 874 2824 r.
901 2789 943 2823 in
967 2799 1081 2834 mary.
1108 2799 1196 2823 sane
1224 2816 1231 2822 .
1254 2815 1262 2823 .
1283 2815 1292 2824 .
1318 2786 1481 2832 precari,
1507 2797 1608 2830 supr.
1634 2796 1723 2822 ver-3.
1750 2786 1795 2820 ab

85 2835 132 2871 al.
158 2846 273 2870 manu
306 2834 459 2879 quidam
493 2835 728 2879 hyperbaton
761 2835 951 2881 accipiunt
982 2835 1054 2871 hoc
1085 2835 1167 2870 loco
1201 2835 1342 2880 optime
1374 2834 1619 2879 grajugenum
1652 2832 1712 2868 cui
1737 2845 1796 2868 me
1850 2863 1853 2866 Α

85 2882 207 2917 uoluit
231 2882 381 2918 fortuna
406 2882 648 2927 praetendere
667 2894 790 2918 ramos
811 2887 849 2918 et
868 2882 1012 2928 precari
1036 2883 1067 2918 Τ
1083 2884 1096 2928 11
1118 2886 1160 2917 14
1179 2883 1349 2928 plaustus
1368 2882 1409 2916 F
1424 2883 1437 2926 11
1456 2879 1708 2926 amphitrione
1730 2880 1770 2914 F
1785 2880 1796 2925 11

88 2930 164 2964 noli
189 2929 353 2975 pessimo
379 2929 534 2965 Daniel:
569 2930 688 2965 nobili
713 2929 871 2975 pessime
897 2930 979 2965 FT
1013 2930 1175 2975 pessimo
1202 2930 1279 2965 noli
1303 2929 1449 2974 precari
1475 2929 1584 2964 Goetz
1610 2932 1643 2963 et
1667 2928 1795 2962 Loewe

85 2978 216 3022 l'raym.
244 2977 346 3012 XVII
368 2989 406 3022 p.
430 2979 528 3023 11811
555 2981 598 3012 15
625 2979 663 3012 et
687 2975 758 3012 hoe
784 2979 842 3012 est
868 2978 907 3012 F
922 2979 935 3023 11
963 2982 1004 3013 16
1031 2979 1110 3013 uita
1137 2978 1177 3012 F
1192 2981 1204 3023 11
1231 2981 1273 3012 17
1301 2978 1339 3011 in
1365 2988 1431 3013 om.
1453 2976 1525 3011 AS
1542 2977 1555 3021 11
1583 2979 1625 3010 19
1652 2976 1793 3020 Neptu-

86 3025 172 3070 nus]
199 3035 334 3070 equum
361 3026 446 3060 add.
474 3024 517 3059 Η
539 3026 551 3070 11
582 3025 850 3060 contenderent
876 3053 883 3059 .
906 3054 913 3061 .
934 3053 942 3061 .
969 3025 1139 3061 Minerva
1163 3036 1228 3060 om.
1257 3024 1345 3058 LH
1367 3025 1466 3069 (add.
1494 3025 1519 3067 l)
1548 3026 1560 3068 11
1591 3027 1634 3058 21
1662 3022 1796 3056 melius

86 3082 219 3106 munus
238 3071 275 3106 R
294 3073 305 3117 11
325 3072 522 3117 optulisset
540 3072 660 3107 ASF
674 3073 687 3118 11
706 3076 750 3107 22
777 3084 901 3107 ramus
928 3072 1006 3108 eius
1026 3072 1104 3108 RL
1123 3074 1136 3117 11
1156 3077 1199 3107 23
1227 3072 1328 3118 eum]
1355 3083 1422 3106 om.
1436 3071 1483 3114 L,
1509 3071 1606 3106 enim
1630 3070 1669 3105 F
1685 3071 1696 3115 11
1715 3069 1795 3103 her-

88 3118 162 3153 ban
186 3119 227 3153 H
252 3120 264 3164 11
292 3123 337 3154 24
362 3118 473 3154 aetiis
499 3119 642 3155 ASM:
670 3120 778 3156 oetiis
804 3120 933 3155 RLH
970 3119 1209 3166 antiquitatis
1234 3119 1341 3154 libris
1366 3119 1407 3153 F
1422 3120 1434 3163 11
1459 3130 1543 3154 cum
1567 3117 1795 3162 imaginibus

89 3164 243 3200 herbam
267 3166 471 3202 immodum
494 3167 641 3212 palmae
661 3167 701 3202 F
717 3167 729 3213 11
754 3172 799 3203 26
826 3168 997 3214 conatur]
1025 3168 1130 3213 cupit
1149 3167 1189 3201 F
1204 3168 1216 3212 11
1235 3166 1445 3212 meliorem]
1472 3168 1528 3201 est
1553 3165 1666 3199 etiam
1694 3161 1795 3198 oliua

88 3222 155 3293 Ξῗι·
181 3209 425 3295 ἐτυίμΐᾶλιέζίαν
451 3215 498 3250 ab
526 3212 631 3250 ἐλαία
665 3214 705 3250 id
732 3215 789 3251 est
820 3216 903 3251 olea
934 3215 1036 3251 dieta
1062 3225 1156 3260 quae
1182 3226 1205 3250 a
1230 3213 1485 3250 misericordia
1510 3213 1647 3247 dicitur
1671 3210 1711 3245 id
1737 3211 1795 3245 est

132 3271 191 3299 8⁰9
216 3271 239 3294 α
294 3287 301 3294 .
