2092 3614
560 254 710 291 GOMM.
738 253 789 289 IN
814 253 958 291 VERG.
985 254 1096 291 AEN.
1123 253 1174 289 XI
1199 256 1399 289 247—257.
1748 250 1832 292 507

244 365 342 407 249.
392 381 862 421 MVNERA1PRAEFERIMVS
900 367 948 407 ut
991 363 1068 408 illa
1114 365 1209 406 ante
1252 362 1479 407 orationem
1515 361 1726 405 auoeilium
1761 360 1835 403 im-

118 439 291 490 petrent.

245 507 344 550 250.
395 525 465 555 QVI
485 524 585 551 BELL
595 524 647 551 VM
670 524 912 551 INTVLERINT
932 507 1054 561 quasi
1077 506 1305 549 nominatis
1327 506 1367 548 T
1362 506 1533 561 roiam-3,
1557 519 1658 559 quos
1676 505 1838 559 vicerat,

118 580 297 634 pronior
325 579 496 633 futurus
526 583 625 622 esset
654 580 711 622 ad
737 579 953 633 ferendum
983 578 1202 621 auxilium.
1291 630 1295 642 ,

248 650 346 694 251.
396 669 558 694 PLAGlDo
588 668 650 694 slc
675 669 867 694 REDDJDIT
897 668 970 694 ORE
996 653 1045 693 ut
1073 649 1187 705 solet,
1224 649 1410 692 habitum
1438 648 1607 703 futurae
1638 647 1839 692 Orationis
1864 652 1884 683 5

127 724 309 766 ostendit.

245 794 345 838 252.
396 806 425 838 o
457 805 769 837 FORTVNATAE
802 805 985 837 GENTES
1019 794 1089 850 qui
1123 793 1334 836 habitatis
1366 807 1503 849 regna
1535 792 1757 847 Saturnia,
1795 792 1838 834 id

127 867 193 908 est
224 880 250 908 o
282 866 364 908 viri
396 880 565 920 semper
594 880 699 920 pace
733 866 987 922 gaudentes!
1029 881 1131 908 nam
1164 865 1347 922 legimus
1381 864 1516 920 <VIII
1542 864 1658 919 324>
1686 879 1839 906 aurea

127 951 254 992 quae
298 937 595 992 perhibent,
638 937 733 979 illo
775 938 867 980 sub
908 951 1029 993 rege
1069 937 1212 979 fuere
1256 936 1481 992 saecula,
1527 936 1599 978 sic
1635 936 1840 991 placida

127 1008 348 1064 populos
388 1008 438 1050 in
479 1023 603 1064 pace
644 1009 872 1065 regebat.
933 1006 977 1051 et
1018 1009 1126 1052 bene
1164 1008 1247 1051 hoc
1285 1008 1452 1064 laudat,
1490 1007 1605 1063 quod
1643 1007 1705 1050 eis
1743 1022 1839 1063 per-
1868 1012 1910 1045 10

129 1079 306 1123 suadere
338 1079 564 1122 desiderat.
1613 1094 1617 1098 ’

247 1151 346 1194 253.
395 1163 591 1203 ANTIQVI
617 1163 807 1195 AVSONII
833 1153 947 1208 quia,
975 1153 1049 1208 qui
1076 1153 1205 1208 primi
1230 1152 1405 1195 Italiam
1430 1154 1675 1208 tenuerunt,
1701 1153 1839 1195 Auso-

129 1238 205 1266 nes
238 1223 341 1266 dicti
375 1225 486 1266 sunt.
601 1234 806 1274 QVIETOS.
834 1223 990 1279 quibus
1023 1226 1090 1266 est
1122 1239 1243 1267 amor
1274 1224 1394 1280 pacis
1427 1240 1453 1266 a
1483 1224 1722 1267 maioribus
1752 1226 1839 1267 tra-

128 1295 243 1337 ditus
275 1296 454 1351 propter
484 1308 666 1351 regnum
700 1293 887 1338 Saturni.

247 1366 346 1409 254.
394 1378 571 1409 IGNOTA
597 1377 862 1410 LAcEssnnn
889 1378 1045 1409 BELLA
1071 1367 1236 1410 scilicet
1255 1366 1554 1423 Troianorum,
1580 1383 1667 1411 non
1695 1369 1841 1412 omnia
1868 1374 1911 1405 15

129 1438 392 1494 generaliter
430 1438 563 1480 bella:
600 1453 703 1480 nam
735 1439 918 1494 legimus
951 1435 1066 1494 <VII
1100 1430 1212 1493 184>
1245 1439 1442 1494 captivi
1472 1440 1700 1495 pendent
1730 1455 1840 1482 cur-

127 1524 212 1552 rus
252 1524 538 1566 curvaeque
571 1525 794 1552 secures:
832 1513 908 1552 aut
938 1509 1108 1565 ‘iynota'
1141 1524 1245 1564 quae
1274 1511 1572 1567 iynomvmint,
1607 1512 1729 1566 quasi
1758 1526 1842 1554 non

127 1582 366 1637 suscepturi,
395 1582 434 1624 si
464 1582 642 1625 scissent.
764 1593 945 1624 SVADET
982 1583 1126 1624 autem
1160 1581 1315 1624 ‘vobis'
1348 1582 1572 1625 subaudis:
1604 1598 1705 1626 nam
1732 1582 1840 1626 ‘vos'

130 1669 155 1695 a
187 1653 479 1709 superioribus
511 1668 599 1696 non
631 1655 778 1708 potest
810 1653 1044 1709 subaudiri,
1077 1653 1178 1709 quia
1206 1668 1296 1696 non
1320 1653 1408 1710 ‘te',
1442 1654 1516 1697 sed
1542 1653 1639 1697 ‘tibi
1666 1654 1840 1698 suadeo’

130 1725 321 1768 dicimus.
1868 1735 1913 1766 20

249 1796 348 1841 255.
397 1808 683 1841 VIOLAVIMVS
731 1797 853 1852 quasi
897 1812 1061 1840 sacros:
1109 1812 1211 1840 nam
1255 1798 1419 1840 violare
1471 1798 1521 1841 de
1558 1798 1841 1856 religionibus

131 1868 325 1912 dicimus.
388 1870 432 1910 et
469 1868 634 1924 ingenti
671 1871 763 1911 arte
802 1869 912 1925 agit,
955 1884 1007 1911 ne
1047 1871 1122 1912 aut
1159 1869 1385 1911 victoriam
1424 1884 1546 1912 suam
1587 1870 1729 1926 sileat,
1767 1873 1843 1913 aut

129 1954 216 1982 non
242 1940 520 1996 »procedendo
554 1942 706 1983 contra
738 1955 810 1983 eos
844 1955 951 1996 quos
985 1941 1106 1996 vicit,
1146 1940 1405 1983 confiteatur
1435 1941 1666 1997 ignaviam,
1698 1942 1842 1984 dicens

130 2026 216 2054 non
249 2026 344 2054 esse
376 2015 527 2055 contra
560 2027 632 2054 eos
665 2012 962 2069 pugnandum,
994 2027 1101 2068 quos
1130 2012 1298 2055 vincere
1323 2012 1737 2068 perniciosissimum
1765 2015 1843 2056 est.

185 2132 188 2138 ¹
249 2083 349 2126 256.
398 2101 515 2127 mmo
547 2101 597 2126 EA
632 2085 821 2139 oratorie,
851 2087 898 2126 ut
927 2085 1052 2127 etiam
1081 2085 1170 2127 sine
1194 2084 1292 2139 illis,
1322 2098 1426 2138 quae
1450 2088 1752 2128 memoraturus
1775 2088 1843 2141 est,
1868 2093 1913 2124 25

129 2169 234 2209 quae
264 2156 417 2198 omittit
441 2156 640 2210 yraviora
669 2156 898 2198 videantur.

250 2226 348 2268 257.
400 2238 518 2278 Qvos
545 2238 698 2270 s1M01s
725 2238 916 2269 PREMAT
942 2238 1052 2269 ILLE
1076 2237 1215 2269 vmos
1242 2226 1287 2268 id
1312 2228 1378 2269 est
1402 2228 1496 2269 toto
1517 2227 1622 2270 orbe
1641 2228 1843 2271 celebris:

129 2301 168 2341 et
198 2296 397 2352 ‘premat'
428 2298 550 2352 quasi
586 2297 738 2340 hostes:
776 2297 882 2339 alibi
914 2297 962 2352 <I
997 2297 1111 2353 100>
1152 2298 1240 2340 ubi
1271 2299 1351 2340 tot
1383 2296 1572 2341 Simois
1605 2302 1844 2355 correpta

132 2369 225 2411 sub
268 2367 419 2410 undis
455 2370 601 2410 scuta
632 2368 797 2411 virum
830 2368 1112 2424 galeasque
1145 2370 1195 2411 et
1225 2368 1386 2412 fortia
1418 2384 1634 2426 corpora
1665 2370 1844 2413 volvit.

132 2441 211 2483 alii
243 2438 371 2493 ‘quos’
397 2453 478 2493 pro
511 2439 713 2494 ‘quantos'
745 2441 965 2495 accipiunt,
995 2443 1044 2482 ut
1071 2441 1127 2484 sit
1149 2455 1378 2495 pronomen
1401 2456 1482 2495 pro
1512 2442 1687 2484 nomine.
1745 2442 1842 2485 ‘ille’
1869 2450 1915 2482 30

132 2514 266 2553 autem
294 2511 399 2554 mire
428 2515 670 2554 exsecratur.

230 2620 249 2652 1
277 2617 327 2652 ad
351 2628 493 2653 mmm
512 2630 542 2652 12.
563 2628 590 2652 s.
610 2628 642 2653 v.
669 2618 711 2652 ut
735 2617 803 2652 illa
828 2617 973 2653 scilicet
998 2619 1085 2654 ante
1106 2618 1314 2654 orationem
1334 2619 1515 2655 auxilium
1534 2621 1770 2665 praestarent
1783 2620 1816 2654 T
1840 2620 1842 2665 A

134 2669 154 2699 3
176 2664 285 2708 quasi
307 2691 314 2698 .
330 2691 337 2698 .
354 2691 361 2698 .
382 2664 560 2699 auxilium
581 2665 662 2700 hab.
680 2665 712 2699 T
729 2666 741 2711 11
770 2669 790 2700 5
810 2666 860 2700 ad
885 2676 1037 2700 pmcmo
1059 2677 1085 2700 s.
1106 2679 1138 2702 B.
1161 2679 1192 2701 0.
1212 2677 1239 2701 s.
1260 2678 1291 2702 v.
1313 2666 1483 2703 habitum
1506 2695 1513 2703 .
1535 2697 1542 2703 .
1566 2695 1572 2702 .
1595 2667 1762 2703 ostendit
1784 2668 1817 2703 T
1842 2668 1846 2714 Ι

137 2716 156 2747 7
182 2711 363 2747 habitatis
389 2722 454 2747 om.
471 2711 516 2745 H
528 2712 541 2756 ΙΙ
559 2714 580 2746 8
607 2723 792 2757 aureaque
812 2712 849 2747 R
857 2712 901 2747 H
905 2713 946 2747 F
961 2714 974 2759 ΙΙ
995 2717 1036 2747 12
1064 2713 1152 2758 quia
1170 2724 1237 2749 om.
1252 2714 1341 2749 RH
1355 2716 1368 2760 Η
1389 2719 1430 2750 13
1453 2726 1557 2750 amor
1576 2716 1678 2760 pacis
1697 2726 1764 2750 om.
1779 2714 1815 2750 R
1836 2718 1845 2761 Η

137 2764 179 2795 17
207 2760 256 2794 ad
280 2771 408 2794 mxom
435 2772 467 2794 L.
494 2772 526 2794 Β.
553 2759 661 2804 quasi
686 2770 780 2804 quae
806 2760 1064 2805 ignorauerint
1088 2772 1161 2796 non
1188 2763 1396 2808 suscepturi
1426 2763 1458 2797 Τ
1487 2763 1500 2807 ΙΙ
1531 2765 1596 2797 aut
1620 2762 1752 2808 ignota
1778 2792 1785 2799 .
1808 2791 1814 2798 .

134 2807 164 2843 si
190 2806 350 2842 scissent
373 2806 443 2842 huc
469 2808 694 2851 transposuit
719 2807 858 2843 Daniel
887 2808 898 2854 ΙΙ
933 2810 974 2842 18
1001 2809 1144 2855 autem]
1170 2819 1236 2844 om.
1263 2810 1353 2853 AS,
1379 2811 1445 2845 aut
1469 2810 1510 2845 F
1531 2811 1543 2857 ΙΙ
1574 2821 1658 2845 nam
1686 2821 1750 2845 vos
1778 2839 1784 2845 .
1807 2838 1814 2844 .
1838 2838 1845 2845 .

134 2854 292 2889 dicimus
320 2854 369 2889 M
375 2869 383 2889 ε
419 2865 507 2889 nam
539 2865 613 2890 non
645 2855 772 2899 potest
802 2854 878 2890 dici
903 2855 1041 2891 suadeo
1067 2857 1104 2892 te
1130 2857 1195 2892 sed
1220 2856 1292 2892 tibi
1316 2858 1389 2895 AS
1427 2870 1513 2892 nam
1539 2869 1606 2893 uos
1632 2869 1655 2894 a
1680 2857 1846 2903 superio-

134 2901 237 2937 ribus
269 2913 342 2937 non
372 2902 500 2947 potest
531 2901 605 2937 dici
630 2901 667 2936 R
709 2912 796 2937 nam
827 2913 894 2937 uos
927 2914 949 2936 a
980 2903 1233 2948 superioribus
1264 2916 1339 2940 non
1371 2905 1497 2950 potest
1522 2906 1568 2940 H
1606 2917 1692 2941 nam
1722 2916 1790 2941 uos
1824 2918 1847 2941 a

135 2949 388 2994 superioribus
421 2949 560 2994 pendet
590 2950 657 2984 aut
687 2948 818 2994 ignota
843 2977 851 2985 .
879 2976 887 2984 .
915 2977 921 2984 .
950 2951 1177 2996 suscepturis
1204 2951 1362 2993 scissent
1389 2953 1469 2998 (sic)
1496 2953 1537 2988 F
1569 2954 1581 3000 ss
1618 2957 1664 2988 20
1691 2953 1847 2988 dicimus

136 2997 274 3032 suadeo
302 2997 351 3031 M
366 2998 378 3044 ΙΙ
397 3001 441 3032 21
469 2997 513 3032 de
540 2998 620 3043 (om.
644 2997 705 3042 H)
732 2995 974 3042 religionibus
999 2998 1268 3044 (relegionibus
1295 2999 1360 3044 F)
1377 2999 1535 3036 dicimus
1561 3000 1663 3035 HF:
1691 3001 1736 3035 de
1763 3001 1846 3036 reli-

135 3043 248 3089 giosis
275 3043 481 3090 (religionis
508 3044 549 3088 S)
581 3043 738 3080 dicimus
769 3044 879 3079 rebus
905 3042 978 3080 AS
1013 3045 1058 3080 de
1090 3045 1275 3093 religiosis
1308 3046 1465 3083 dicimus
1490 3047 1527 3083 R
1572 3049 1617 3083 de
1643 3046 1847 3082 relionibus

135 3091 292 3127 dicimus
317 3093 426 3127 rebus
447 3092 496 3126 M
508 3094 522 3138 ΙΙ
541 3095 585 3127 22
613 3093 708 3137 agit]
735 3091 790 3127 ait
808 3092 844 3126 It
876 3091 968 3127 dicit
987 3093 1084 3128 HM
1098 3095 1110 3138 ΙΙ
1134 3098 1180 3129 24
1206 3094 1455 3140 perniciosum
1475 3095 1550 3131 AS
1565 3097 1577 3141 ΙΙ
1604 3098 1648 3131 25
1674 3106 1700 3130 s.
1723 3106 1753 3129 v.
1776 3099 1844 3131 256

136 3138 295 3174 oratorie
321 3139 414 3175 dicit
438 3141 481 3175 ut
506 3140 618 3175 etiam
644 3139 720 3174 illis
740 3150 835 3184 quae
855 3142 1127 3176 memoraturus
1147 3143 1203 3177 est
1221 3141 1396 3186 grauiora
1414 3142 1613 3178 uideantur
1637 3153 1732 3186 quae
1752 3142 1844 3177 omi—

137 3187 236 3221 serat
264 3186 296 3220 T
313 3187 326 3232 ΙΙ
352 3188 579 3223 memoratus
605 3187 646 3223 F
670 3188 682 3233 ΙΙ
713 3190 757 3222 27
785 3187 916 3222 celeris
941 3187 988 3221 H
1020 3188 1184 3224 celebres
1210 3189 1251 3224 F
1271 3190 1284 3234 ΙΙ
1316 3193 1360 3224 28
1387 3190 1437 3225 ad
1460 3202 1598 3225 rasim
1621 3200 1647 3225 s.
1677 3200 1708 3224 υ.
1736 3188 1845 3235 quasi

136 3234 263 3269 hostes
293 3234 354 3279 ΤΙΙ
378 3238 423 3269 29
449 3235 567 3270 undas
593 3234 692 3269 HM
709 3236 721 3281 ΙΙ
750 3238 795 3270 30
820 3235 871 3270 ad
895 3246 973 3268 1LLs
997 3246 1024 3271 s.
1045 3247 1076 3272 v.
1103 3237 1168 3272 ille
1194 3235 1352 3273 dicendo
1377 3237 1471 3273 mire
1497 3237 1690 3273 execratur
1717 3236 1750 3274 T
