2092 3614
231 1031 274 1062 10

232 1391 273 1421 15

228 1749 274 1780 20

228 2107 272 2138 25

229 2465 275 2497 30

297 270 384 312 496
1077 272 1236 309 SERVII

420 381 515 423 162.
574 396 804 423 oBRVERENT
824 397 976 423 RVTVLJ
998 398 1108 425 πως
1132 383 1179 426 id
1201 386 1259 425 est
1283 381 1388 426 (πῖθ’.
1431 386 1469 426 et
1492 383 1588 426 bene
1612 384 1735 426 etlam
1760 384 1841 426 sibi
1863 384 2006 427 irasci-

299 455 383 494 tur:
426 453 486 494 sic
514 453 625 494 enim
651 455 807 494 natura
832 454 1052 495 maerentis
1077 455 1333 509 exprimitur.
1454 466 1690 499 DEDISSEM
1715 454 2006 498 reddidissem.

421 524 516 566 163.
565 535 723 566 POMPA
749 523 982 579 exequialis
1007 526 1167 569 scilicet.
1266 544 1322 569 m:
1349 527 1618 569 vehementius
1634 527 2007 582 pronuntiandum.

299 598 336 636 et
365 595 461 637 bene
493 594 726 637 ‘Pallanta'
757 596 895 650 ipsum
924 609 1083 639 nomen.

421 666 516 708 164.
566 678 657 710 NEC
688 678 776 710 VOS
808 679 1052 710 ARGVERIM
1085 682 1124 711 T.
1164 672 1370 712 exonerat
1407 684 1555 712 eorum
1592 669 1817 724 pudorem,
1854 685 1908 712 ne
1946 670 2008 713 vi-

299 738 481 780 deantur
512 738 552 780 ei
584 753 714 781 causa
745 739 946 782 orbitatis
981 740 1133 797 fuisse,
1169 741 1314 784 dicens
1348 742 1431 784 sibi
1462 741 1545 783 hoc
1576 741 1771 784 fataliter
1802 741 2008 784 debitum.

299 808 539 864 ‘arquerim’
576 814 713 853 autem
750 812 861 854 alias
886 808 1181 868 indicaverim,
1211 816 1258 855 ut
1289 812 1381 868 <IV
1417 813 1498 867 13>
1529 814 1785 867 deqeneres
1815 814 2010 855 animos

300 883 446 924 timor
476 883 663 938 anquit,
694 883 805 925 alias
835 886 1122 937 accusaverim,
1153 888 1201 927 ut
1223 899 1356 927 nunc:
1388 884 1525 927 Cicero
1556 886 1731 939 arquis
1759 885 2008 938 fatentem.

420 954 517 996 165.
567 965 807 997 SENECTAE
846 954 967 998 deest
1004 957 1155 1012 aetati3
1198 972 1300 999 nam
1339 958 1509 998 senecta
1548 958 1668 998 aetas
1706 945 1878 998 dicitur:
1918 954 2009 998 Sal-

300 1026 457 1068 lustius
489 1029 700 1069 senecta
732 1026 831 1068 iam
858 1029 1041 1069 aetate.
1086 1042 1164 1082 per
1190 1043 1235 1070 se
1262 1030 1406 1069 autem
1432 1028 1606 1082 plenum
1632 1030 1699 1069 est
1724 1028 1759 1069 si
1782 1027 2008 1070 ‘senectus'

299 1097 504 1153 dicamus,
536 1098 651 1153 quod
681 1098 809 1139 metri
842 1112 972 1140 causa
1003 1098 1145 1140 minus
1178 1098 1305 1140 dixit:
1337 1112 1437 1141 nam
1468 1099 1506 1140 si
1531 1097 1730 1149 ‘senecta’,
1761 1102 1836 1140 aut
1859 1100 2009 1141 adden-

298 1169 397 1211 dum
428 1168 585 1225 ‘aetas',
615 1173 691 1212 aut
718 1170 1041 1225 intellegendum.
1619 1223 1622 1226 ¹

421 1241 518 1283 166.
568 1258 667 1288 QVOD
688 1258 728 1284 SI
744 1258 946 1285 INMATVRA
969 1259 1155 1285 MANEBAT
1183 1243 1397 1296 mayniftce
1427 1244 1562 1284 servat
1589 1242 1795 1297 decorum,
1832 1243 1941 1296 quod
1968 1256 2011 1285 se

298 1316 456 1355 revocat
484 1313 541 1355 ad
569 1312 773 1355 heroicam
803 1313 1130 1355 consolationem.

422 1384 517 1428 168.
567 1396 825 1427 DVCENTEM
851 1397 900 1427 m
925 1396 1101 1427 LATIVM
1129 1396 1335 1427 'rnvcssos
1363 1396 1603 1428 CECIDISSE
1631 1397 1819 1428 IVVABIT
1845 1386 2007 1428 lucrum

299 1456 615 1511 quodammodo
653 1459 799 1512 putat,
837 1456 1084 1512 inpendisse
1117 1471 1194 1512 pro
1228 1457 1464 1499 amicorum
1496 1457 1703 1499 felicitate
1740 1457 1898 1513 filium,
1936 1457 2009 1513 qui

298 1527 430 1570 morti
462 1527 604 1570 fuerat
629 1528 784 1571 acerbo
810 1528 961 1570 funere
987 1527 1182 1571 fataliter
1208 1527 1388 1570 debitus.
1435 1530 1478 1570 et
1504 1530 1571 1570 est
1596 1543 1621 1571 a
1647 1528 1857 1584 qualitate
1883 1529 2008 1570 bene-

298 1599 382 1642 ficii
415 1599 636 1642 solacium.
985 1593 987 1596 ¹

421 1671 517 1713 169.
567 1682 665 1714 NON
697 1683 806 1714 ALIO
839 1682 1017 1714 DIGNER
1052 1683 1111 1713 TE
1138 1683 1322 1714 FVNERE
1349 1682 1503 1713 PALLA
1528 1671 1715 1713 latenter
1741 1671 1811 1714 hic
1837 1670 2008 1713 Aeneae

300 1742 544 1785 ostenditur
567 1743 719 1798 pietaS‚
751 1743 824 1799 qui
849 1743 894 1785 in
922 1742 1049 1785 amici
1075 1742 1202 1785 funus
1228 1745 1353 1785 tanta
1379 1743 1572 1799 contulit,
1598 1745 1647 1785 ut
1672 1745 1796 1797 pater
1822 1743 2009 1798 amplius

298 1816 521 1870 praestare
559 1829 646 1857 non
683 1814 836 1870 possit.
899 1815 994 1857 Alii
1031 1813 1223 1869 ‘diynem'
1257 1815 1395 1869 leyunt
1423 1815 1543 1857 iuxta
1573 1817 1719 1856 veteres
1749 1814 1800 1856 ab
1831 1827 1874 1856 eo
1904 1814 2012 1868 quod

298 1889 358 1928 est
393 1884 570 1940 ‘di9n0':
614 1884 766 1929 Calvus
801 1885 928 1928 hunc
965 1889 1102 1929 tanto
1138 1899 1335 1929 munere
1370 1886 1538 1940 dique,
1581 1885 1789 1928 Pacuvius
1825 1886 1872 1927 in
1902 1885 2010 1927 Her-

298 1958 433 2000 mione
469 1971 574 2000 cum
611 1971 762 2011 neque
799 1971 869 1999 me
905 1958 1149 2011 inspicere
1184 1956 1415 2011 aequales
1451 1958 1724 2011 diynarenl
1752 1971 1893 2012 meae,
1925 1957 2010 2011 ipse

307 2029 508 2084 Verqilius
539 2028 630 2084 <111
661 2029 780 2084 475>
820 2029 1047 2084 coniuyio
1079 2028 1302 2071 Anchisa
1335 2029 1537 2071 Veneris
1567 2030 1764 2084 (liquato
1794 2028 2008 2082 superbo.

420 2101 518 2143 170.
569 2118 680 2148 QVAM
701 2117 793 2143 Ptvs
815 2117 970 2144 AENEAS
996 2101 1103 2142 deest
1133 2098 1256 2154 ‘quo'‚
1286 2103 1335 2142 ut
1362 2101 1417 2142 sit
1447 2099 1588 2155 ‘quam
1618 2099 1723 2155 quo'.

422 2173 521 2216 173.
572 2184 633 2214 'rv
666 2183 858 2223 ovoovE
890 2183 1015 2215 NVNC
1048 2183 1221 2215 STAREs
1254 2183 1446 2214 mMANIs
1480 2183 1693 2215 TRVchs
1721 2183 1770 2213 m
1795 2182 1934 2214 Amns
1965 2172 2011 2213 id

299 2247 359 2286 est
387 2244 433 2286 in
465 2247 607 2287 trunco
638 2247 839 2295 armatus,
872 2243 983 2285 sicut
1014 2243 1089 2285 isti
1121 2243 1262 2298 duces,
1295 2243 1346 2285 de
1373 2243 1530 2299 quibus
1555 2243 1660 2286 haec
1686 2245 1786 2285 sunt
1810 2245 2008 2297 tropaea:

300 2329 401 2357 nam
435 2330 565 2371 supra
597 2315 660 2357 ait
692 2315 809 2370 <83>
843 2314 1161 2370 indutosque
1193 2314 1338 2356 iubet
1369 2316 1579 2357 truncos
1610 2314 1896 2357 hostilibus
1931 2328 2006 2356 ar-

300 2387 394 2429 mis
425 2387 567 2442 ipsos
599 2387 736 2428 ferre
768 2387 933 2429 duces.

422 2459 519 2501 174.
567 2469 707 2501 ESSET
740 2470 832 2500 PAR
863 2469 1010 2500 AETAS
1049 2458 1115 2499 vel
1153 2471 1267 2513 mea,
1304 2458 1374 2500 vel
1411 2457 1508 2512 filii3
1552 2472 1653 2499 nam
1693 2456 1747 2499 ad
1778 2459 2008 2514 utrumque

299 2530 446 2583 potest
475 2528 637 2571 referri.

396 2662 418 2694 8
444 2658 590 2704 Cicero]
618 2668 684 2703 pro
709 2655 859 2701 Ligario
885 2656 936 2691 IV
965 2660 1007 2691 10
1033 2658 1046 2702 ss
1079 2660 1099 2692 9
1127 2656 1341 2703 Sallustius]
1368 2656 1454 2693 hist.
1481 2657 1552 2692 inc.
1582 2660 1650 2692 115
1675 2658 1730 2700 D.‚
1757 2661 1801 2693 86
1827 2657 1888 2692 Kr.
1918 2658 1931 2702 ΙΙ
1961 2661 2005 2692 22

303 2706 454 2753 Calvus]
475 2706 607 2752 fragm.
625 2708 669 2740 15
682 2715 742 2750 ap.
756 2703 1038 2740 Lachmannum
1056 2705 1069 2750 ΙΙ
1087 2704 1126 2739 in
1139 2703 1356 2757 Hermione]
1376 2704 1510 2750 fragm.
1525 2705 1576 2741 IV
1597 2716 1655 2750 ap.
1670 2705 1778 2741 Ribb.
1791 2717 1827 2751 p.
1843 2709 1886 2741 97
1902 2704 1958 2740 ed.
1972 2704 2005 2739 II

398 2830 417 2861 1
444 2826 494 2862 ad
517 2836 549 2861 v.
578 2828 645 2860 162
670 2824 765 2859 bene
790 2822 963 2859 irascitur
988 2822 1061 2858 sibi
1090 2823 1124 2858 T
1137 2825 1149 2870 ΙΙ
1178 2822 1293 2859 etiam
1319 2823 1474 2859 Daniel:
1500 2825 1539 2859 et
1561 2823 1601 2858 in
1627 2822 1668 2858 F
1682 2824 1695 2870 ΙΙ
1725 2827 1746 2858 2
1771 2823 1907 2858 natura
1930 2834 2005 2858 me-

301 2873 416 2909 rentis
440 2873 481 2908 F
514 2873 650 2909 natura
673 2871 927 2908 immoerentis
953 2871 1092 2906 Daniel
1115 2872 1128 2917 ΙΙ
1158 2870 1337 2907 redissem
1362 2871 1399 2906 R
1436 2870 1643 2906 reddissem
1670 2871 1712 2905 H
1741 2872 1754 2916 ΙΙ
1784 2874 1807 2906 4
1830 2870 1944 2905 hmen
1967 2870 2008 2905 F

302 2932 411 2957 omen
430 2919 570 2956 Daniel
606 2919 816 2955 nominavit
834 2918 1013 2955 Heinsius
1050 2930 1186 2954 nomen
1211 2919 1338 2964 posuit
1355 2918 1562 2954 Masvicius
1579 2920 1591 2963 ΙΙ
1611 2922 1630 2953 7
1657 2918 1706 2953 acl
1723 2930 1904 2953 Anovsmu
1922 2927 1950 2953 s.
1970 2929 2004 2953 v.

302 2968 554 3004 accusauerim
580 2967 674 3003 alias
699 2966 942 3002 indicauerim
967 2967 1010 3001 ut
1035 2993 1043 3001 .
1065 2993 1072 3001 .
1095 2994 1102 3001 .
1129 2966 1253 3012 arguit
1281 2966 1315 3001 T
1342 2967 1354 3012 ΙΙ
1385 2969 1407 3001 8
1433 2968 1586 3002 accusat
1610 2965 1649 3000 F
1674 2966 1687 3010 ΙΙ
1717 2965 1902 3000 fatantem
1926 2965 1967 3000 F
1993 2965 2006 3012 ΙΙ

302 3020 323 3051 9
350 3015 488 3052 aetatis
513 3015 658 3051 RHM
674 3016 686 3061 ΙΙ
720 3018 764 3050 10
788 3015 868 3050 tam
894 3014 972 3059 ΜΙΙ
1003 3017 1043 3048 11
1071 3014 1172 3058 quod
1197 3041 1205 3049 .
1228 3042 1235 3048 .
1258 3042 1266 3049 .
1292 3013 1388 3049 dixit
1411 3024 1477 3049 om.
1504 3013 1591 3048 HF
1606 3015 1619 3058 ΙΙ
1646 3016 1688 3047 13
1713 3012 1910 3056 magnifice
1936 3041 1944 3049 .
1966 3040 1974 3048 .
1995 3041 2003 3048 .

303 3062 597 3099 consolationem
622 3063 702 3098 hab.
728 3062 761 3096 T
777 3063 789 3109 n
819 3060 1009 3107 magnifici
1034 3061 1074 3095 F
1090 3062 1101 3107 ΙΙ
1136 3065 1178 3097 17
1206 3062 1244 3096 et
1270 3062 1327 3096 est
1353 3090 1361 3097 .
1382 3089 1391 3098 .
1411 3089 1418 3096 .
1446 3059 1626 3096 solacium
1651 3070 1716 3096 om.
1743 3060 1789 3094 H
1802 3061 1814 3107 ΙΙ
1846 3071 1891 3096 ea
1915 3071 2004 3105 qua-

301 3111 408 3147 litate
433 3110 508 3146 AS
544 3110 772 3155 aequalitate
797 3109 834 3145 R
852 3110 864 3156 ss
891 3112 935 3144 18
962 3107 1137 3143 solatium
1165 3109 1253 3144 libri
1270 3111 1283 3154 ΙΙ
1310 3112 1355 3143 21
1381 3109 1508 3153 posset
1531 3107 1605 3142 AS
1613 3107 1663 3141 M
1678 3108 1690 3153 u
1721 3111 1765 3142 22
1792 3107 1907 3152 digna
1931 3107 1972 3142 F
1993 3107 2005 3154 11

301 3159 388 3195 huic
413 3159 441 3194 t.
467 3171 515 3195 m.
541 3169 678 3204 magna
704 3157 753 3200 F,
778 3168 870 3193 corr.
896 3156 1036 3192 Daniel
1054 3157 1065 3201 [1
1089 3155 1268 3201 pacauius
1292 3155 1330 3191 in
1357 3155 1531 3191 bermone
1556 3154 1597 3189 F
1612 3155 1624 3200 ΙΙ
1649 3158 1694 3189 23
1720 3155 1841 3201 meae]
1868 3166 1928 3190 me
1953 3154 2006 3199 F,

302 3217 368 3242 om.
383 3206 522 3242 Daniel
539 3207 552 3253 ΙΙ
570 3205 659 3241 hinc
682 3205 763 3250 ipse
782 3204 921 3240 Daniel
938 3204 951 3250 ss
970 3206 1016 3238 24
1040 3203 1219 3249 uergilius
1238 3203 1279 3238 F
1294 3204 1307 3250 ΙΙ
1326 3206 1369 3238 25
1396 3203 1445 3238 a'd
1469 3213 1566 3242 QVAM
1584 3213 1611 3239 s.
1631 3213 1663 3237 v.
1685 3201 1830 3238 scilicet
1848 3212 1922 3248 quo
1942 3201 1976 3237 T
1994 3203 2005 3247 Η

301 3257 348 3289 26
373 3254 424 3290 ad
448 3267 485 3290 m
512 3265 615 3289 sums
642 3263 669 3289 s.
695 3264 728 3288 v.
753 3252 852 3287 inter
876 3262 982 3287 arma.
1006 3251 1044 3286 et
1067 3250 1165 3286 inter
1190 3252 1323 3296 tropea
1351 3250 1384 3285 T
1406 3251 1419 3296 ΙΙ
1450 3253 1494 3285 28
1519 3249 1763 3294 inductosque
1788 3249 1829 3284 F
