2092 3614
272 1039 314 1070 10

272 1397 313 1429 15

269 1756 314 1787 20

270 2474 316 2505 30

342 278 429 319 266
1051 302 1053 305 ψ
1114 277 1273 315 SERVII

342 386 490 441 minis,
522 386 634 429 sicut
664 387 711 428 in
742 386 931 442 antiquis
958 387 1269 442 imperatorum
1296 386 1451 429 statuis
1478 386 1692 443 videmus,
1722 387 1858 430 lorica
1883 387 2049 430 dicitur.

414 469 661 500 TVRBATAE
691 458 754 501 vet
777 459 999 501 concitatae
1023 462 1061 500 et
1083 459 1240 501 iratae:
1271 459 1332 501 vet
1363 473 1441 514 pro
1475 458 1743 502 ‘turbantis':
1775 474 1875 502 nam
1901 459 2050 501 timuit

341 529 742 585 homoeoteleuton,
781 532 823 572 et
859 530 962 573 fecit
994 530 1195 586 supinam
1227 530 1604 586 significationem.
1664 531 1739 573 alii
1771 530 1826 573 ad
1857 530 2050 574 fabulam

340 601 551 657 referunt,
591 602 691 656 quia
729 601 883 644 dicitur
921 601 967 643 in
1004 602 1122 644 bello
1156 600 1394 658 Gigantum
1431 617 1552 645 arma
1588 602 1826 658 perdidisse
1863 603 2051 658 turbata,

341 675 389 714 ut
431 673 556 728 quasi
599 673 695 728 ipsa
737 688 851 716 nunc
895 675 1082 729 reparet:
1135 673 1255 716 cuius
1307 674 1412 717 dicti
1453 674 1598 717 nullus
1644 675 1792 716 auctor
1834 674 2051 717 invenitur

341 744 531 787 idoneus.

457 816 556 859 436.
607 828 806 867 SQvAM1s
826 828 1103 860 SERPENTVM
1123 829 1341 869 AVROQVE
1360 829 1597 860 POLIBANT
1620 818 1775 875 aegida
1793 816 2051 860 horriferam

341 888 481 931 aureis
514 889 707 944 squamis
740 891 989 944 serpentum
1021 889 1222 931 certatim
1253 890 1465 944 polibant.
1516 890 1591 932 alii
1618 890 1771 933 volunt
1796 904 1841 931 re
1867 904 1968 932 vera
2000 889 2051 931 de

340 960 458 1003 corio
492 962 742 1016 serpentum
774 960 913 1003 dicere
946 975 1044 1003 eum
1076 976 1196 1004 arma
1229 975 1321 1004 esse
1353 962 1556 1018 levigata.

459 1032 558 1075 437.
610 1043 918 1083 coNExosovn
945 1043 1129 1075 Anevns
1162 1031 1378 1088 Gorgonis
1412 1033 1576 1075 scilicet
1607 1033 1750 1088 capiti.
1856 1049 2054 1080 IPSAMQVE

340 1121 384 1147 m
413 1120 582 1147 rnorem
611 1121 736 1147 DIVAE
763 1104 836 1146 hoe
865 1107 924 1146 est
953 1118 1057 1158 qaae
1087 1105 1134 1146 in
1157 1105 1316 1159 pectore
1338 1108 1536 1158 ponatur.

458 1175 557 1218 438.
608 1185 1129 1222 DESEOTOVERTENTEM
1159 1187 1339 1218 LVMmA
1371 1187 1523 1218 como
1557 1177 1634 1217 aut
1666 1190 1747 1221 sua
1775 1176 1941 1217 lumina
1972 1175 2052 1217 cir-

339 1246 647 1289 cumferentem
680 1248 723 1289 et
751 1247 905 1289 mortis
935 1247 1235 1304 indignatione
1263 1249 1559 1303 quaerentem,
1592 1261 1776 1303 quorum
1802 1262 1846 1289 se
1873 1247 2052 1289 interitu

340 1320 490 1373 posset
526 1318 692 1360 ulcisci:
735 1321 811 1361 aut
849 1320 963 1361 certe
1003 1318 1248 1361 intuentum
1279 1319 1444 1361 lumina
1475 1319 1520 1361 in
1552 1333 1657 1361 saxa
1686 1319 1940 1361 vertentem:
1980 1321 2055 1360 ant

339 1389 507 1433 horrore
536 1404 610 1432 sno
641 1390 822 1433 aliorum
848 1391 982 1433 oculos
1005 1393 1266 1446 avertentem,
1297 1404 1348 1433 ne
1378 1404 1470 1433 enm
1492 1390 1677 1445 periculo
1708 1390 1921 1432 videretur.
1971 1390 2054 1431 hoc

341 1465 484 1504 autem
516 1464 647 1517 caput
671 1462 767 1504 ideo
794 1462 990 1504 Minerva
1020 1462 1199 1517 fingitur
1229 1462 1388 1504 habere
1419 1462 1465 1503 in
1496 1463 1688 1518 pectore,
1721 1460 1835 1517 quod
1866 1460 1955 1503 illic
1987 1463 2053 1503 est

341 1533 481 1575 omnis
518 1533 765 1588 prudentia,
807 1548 916 1588 quae
954 1533 1179 1575 confundit
1215 1533 1323 1575 alios
1362 1535 1406 1575 et
1443 1533 1656 1588 inperitos
1689 1547 1739 1575 ac
1771 1548 1922 1575 saxeos
1955 1547 2053 1575 con-

339 1605 511 1661 probat.
632 1622 799 1648 DESEero
837 1622 1070 1648 VERTENTEM
1102 1606 1310 1662 quomoda
1329 1603 1618 1648 ‘vertentem'.9
1658 1606 1706 1647 id
1734 1608 1792 1647 est
1821 1608 1923 1647 seete
1954 1604 2053 1647 eollo

339 1690 423 1719 non
458 1690 538 1719 sna
575 1675 738 1719 lamina
773 1680 1005 1732 vertentem,
1049 1677 1119 1719 sect
1155 1677 1443 1719 immutantem
1481 1690 1620 1719 eornm
1654 1676 1804 1729 faeiem
1839 1677 1912 1729 qai
1946 1675 2054 1718 hane

339 1748 556 1791 vidissent:
593 1752 669 1791 ant
698 1746 953 1790 ‘vertentem'
991 1748 1100 1790 dixit
1131 1747 1334 1791 tlamina'
1373 1761 1518 1791 aversa
1554 1747 1782 1803 habentem,
1825 1750 1872 1789 nt
1912 1747 2055 1790 habuit

340 1834 431 1862 cnm
461 1823 664 1863 secaretur
694 1821 731 1862 ei
761 1820 927 1875 cottam,
958 1823 995 1862 et
1024 1824 1235 1874 quaereret
1265 1820 1489 1875 aspectibus
1518 1820 1732 1862 vindicari.

459 1892 557 1935 439.
609 1903 813 1935 TOLLITE
853 1902 1039 1934 CVNCTA
1077 1904 1241 1942 INQVIT
1284 1891 1368 1934 vile
1406 1894 1473 1933 est
1511 1891 1625 1947 quod
1662 1891 1855 1947 plerique
1893 1890 2053 1947 dicunt,

340 1966 518 2020 propter
563 1978 684 2006 arma
725 1962 879 2006 Martis
923 1963 1084 2005 iratum
1128 1978 1220 2006 esse
1262 1962 1526 2018 Vulcanum,
1570 1962 1823 2017 praesertim
1867 1977 1963 2005 cum
2010 1966 2053 2005 et

341 2038 509 2078 arment
533 2035 776 2078 Minervam
808 2038 852 2078 et
882 2026 1096 2078 fabricent
1120 2034 1307 2077 fulmina
1327 2033 1556 2090 Cyclopes,
1588 2036 1631 2077 et
1649 2033 1868 2077 Vulcanus
1887 2034 2052 2077 dixerit

344 2106 515 2150 ‘cuncta
540 2106 713 2150 tollite'.
759 2121 861 2162 ergo
889 2106 1061 2149 ‘tollite'
1090 2109 1166 2149 aut
1192 2106 1358 2149 differte
1386 2108 1469 2162 est,
1502 2107 1577 2147 aut
1604 2105 1784 2148 celerius
1810 2106 2050 2149 terminate.

431 2190 738 2231 conprosovn
769 2190 985 2221 AVFERTE
1018 2189 1229 2221 LABORES
1272 2178 1375 2234 quia
1413 2177 1582 2220 dixerat
1614 2177 1758 2232 <424>
1799 2176 1889 2219 ‘his
1920 2177 2051 2220 infor-

341 2253 506 2294 matum
538 2251 739 2293 manibus
770 2251 860 2293 iam
891 2253 1015 2306 parte
1047 2250 1186 2305 polita
1216 2249 1382 2292 fulmen
1413 2248 1540 2291 erat'.

458 2324 559 2367 440.
607 2334 813 2365 AETNAEI
845 2333 1080 2365 CYCLOPES
1113 2321 1288 2376 ut-<III
1315 2321 1429 2377 678>
1462 2319 1721 2362 Aetnaeos
1754 2320 1959 2363 fratres.

459 2395 558 2437 441.
607 2406 734 2437 NVNC
773 2405 959 2437 VIRIBVS
997 2405 1108 2436 vsvs
1146 2392 1219 2436 hoe
1255 2396 1313 2435 est
1349 2405 1462 2434 nunc
1503 2393 1569 2434 est
1610 2383 1852 2434 vestrarum
1893 2391 2048 2435 virium

341 2466 611 2521 exercitium,
651 2465 695 2507 id
733 2468 799 2508 est
836 2467 1009 2522 tempus
1048 2466 1114 2507 est
1152 2464 1410 2507 exercendae
1448 2463 1622 2506 virtutis
1660 2462 1772 2505 circa
1809 2478 1930 2507 arma
1967 2463 2050 2507 viri

339 2631 392 2666 HI
419 2586 482 2666 1ἒὸ
499 2583 579 2666 2hoc
604 2584 729 2619 autem
755 2584 869 2629 caput
890 2611 897 2619 .
919 2608 928 2618 .
951 2611 958 2619 .
980 2582 1201 2629 conprobat]
1228 2593 1340 2618 exscr.
1361 2580 1447 2617 Isid.
1469 2592 1520 2617 or.
1541 2580 1628 2616 VIII
1650 2584 1705 2624 11,
1728 2584 1771 2616 73
1798 2581 1836 2616 et
1861 2580 2047 2627 mythogr.

465 2659 474 2676 7

437 2744 458 2775 2
485 2739 534 2775 ad
557 2749 739 2775 TVRBATAE
763 2749 864 2783 supr.
885 2749 973 2774 vers.
996 2738 1205 2774 concitatae
1231 2736 1350 2773 iratae
1375 2737 1407 2771 T
1424 2738 1436 2783 ΙΙ
1454 2737 1539 2783 pro]
1566 2747 1632 2782 per
1651 2736 1687 2771 L
1706 2737 1811 2781 (corr.
1833 2737 1872 2781 l),
1897 2746 1962 2772 om.
1981 2735 2022 2771 E

343 2792 364 2822 3
390 2797 571 2833 suponam
594 2786 640 2832 L,
665 2787 727 2822 sed
752 2798 795 2821 su
819 2786 862 2820 in
885 2797 958 2821 raS.
987 2787 1010 2830 Z,
1035 2788 1120 2822 item
1146 2798 1167 2822 o
1192 2787 1234 2822 in
1258 2786 1272 2821 i
1296 2786 1450 2820 mutavit
1475 2785 1488 2820 l
1506 2786 1518 2831 ΙΙ
1536 2784 1655 2819 fulam
1679 2784 1753 2819 AS
1777 2783 1957 2829 (fabulam
1980 2784 2011 2828 s)

342 2839 364 2869 4
383 2835 535 2870 turbata
554 2835 620 2870 aut
638 2834 673 2869 L
708 2834 839 2869 turbat
860 2834 939 2869 Anti
964 2834 1009 2868 H
1023 2835 1035 2879 ΙΙ
1059 2838 1080 2869 5
1099 2835 1192 2878 forte
1211 2833 1429 2878 reparentur
1447 2833 1459 2879 ΙΙ
1485 2832 1595 2868 dictis
1614 2832 1651 2866 R
1658 2832 1703 2866 H
1716 2832 1729 2877 ΙΙ
1757 2835 1778 2867 8
1798 2829 1935 2876 aureis]
1963 2842 2047 2866 cum

342 2882 464 2917 aureis
484 2882 558 2918 AS
566 2882 616 2917 M
621 2882 634 2918 l
651 2882 664 2927 ΙΙ
682 2881 855 2917 certatim
882 2909 889 2916 .
912 2909 919 2917 .
941 2908 949 2916 .
977 2882 1192 2926 serpentum
1216 2892 1282 2917 om.
1302 2880 1337 2915 L
1360 2881 1459 2926 (add.
1481 2881 1508 2926 l)
1527 2881 1540 2925 ss
1558 2880 1604 2914 de
1630 2879 1745 2924 corio]
1772 2878 1830 2913 d6.
1858 2877 1957 2912 orior
1975 2878 2021 2912 H

345 2934 387 2965 12
413 2942 563 2965 msncro
587 2929 624 2964 L
660 2940 841 2964 anssscro
866 2928 912 2963 Η
930 2929 943 2974 ΙΙ
969 2929 1076 2964 schol.
1103 2930 1152 2963 act
1178 2941 1352 2969 IPSAMQVE
1376 2941 1400 2963 1.
1420 2941 1451 2964 1².
1471 2928 1511 2963 n}
1526 2930 1612 2971 post
1637 2925 1841 2971 conprobat-
1864 2925 1946 2961 hab.
1974 2925 2014 2959 F

345 2982 388 3013 16
413 2977 567 3023 fingitur
590 2977 729 3013 habere
754 2976 923 3012 minema
947 2976 983 3011 R
1002 2977 1014 3022 ss
1039 2974 1223 3020 Minerva]
1249 2974 1450 3012 amiuersia
1475 2974 1516 3009 F
1529 2976 1542 3019 ss
1575 2978 1616 3008 17
1644 2972 1812 3009 confudit
1837 2971 1878 3006 F
1892 2973 1904 3017 ΙΙ
1928 2971 2047 3017 impe-

343 3024 442 3061 ditos
467 3024 504 3060 R
541 3024 727 3070 inpeditos
753 3025 793 3059 H
812 3025 823 3071 ΙΙ
851 3028 893 3059 19
918 3023 1180 3059 immutantem
1204 3024 1360 3059 Daniel:
1386 3022 1636 3057 minutantem
1661 3020 1701 3055 F
1717 3021 1728 3067 ΙΙ
1754 3024 1799 3055 20
1825 3020 1875 3055 ad
1898 3032 2048 3055 VERTEN-

343 3085 414 3108 ΤΒΗ
437 3085 470 3108 L.
495 3085 526 3107 c.
551 3082 652 3117 supr.
678 3083 767 3108 vers.
794 3082 925 3107 auersa
951 3071 1094 3106 lumina
1124 3070 1326 3106 habentem
1356 3072 1400 3105 ut
1432 3068 1566 3105 habuit
1591 3079 1675 3103 cum
1699 3069 1886 3103 secaretur
1911 3067 1946 3102 ei
1972 3067 2046 3103 col-

343 3120 422 3155 lum
450 3120 485 3155 T
500 3121 512 3167 ΙΙ
531 3123 577 3155 20
601 3120 792 3155 uerentem
813 3119 853 3154 F
868 3121 881 3165 ΙΙ
899 3119 1041 3155 lumina
1065 3129 1174 3154 uersa
1195 3117 1236 3152 F
1269 3117 1412 3153 lumina
1436 3117 1595 3151 adversa
1613 3116 1752 3151 Daniel
1769 3116 1782 3160 ΙΙ
1800 3119 1844 3150 21
1873 3116 1911 3151 et
1935 3126 2046 3159 quae-

345 3168 461 3214 reret]
486 3168 580 3212 forte
605 3168 670 3202 aut
695 3169 935 3212 quaerentem
970 3168 984 3213 ΙΙ
1019 3170 1064 3202 22
1090 3166 1309 3211 plerumque
1336 3164 1377 3199 F
1409 3165 1421 3209 ss
1457 3168 1501 3199 23
1527 3162 1745 3208 praesertim
1770 3173 1855 3198 cum
1881 3162 1919 3198 et
1943 3174 2047 3198 arma

344 3215 533 3251 mineruae
571 3214 758 3250 fabricent
795 3217 833 3251 et
868 3215 1028 3251 fulmina
1065 3212 1227 3259 ciclopes
1260 3213 1297 3249 R
1332 3213 1345 3258 ΙΙ
1381 3215 1427 3247 24
1465 3210 1662 3258 armentssss
1692 3210 1727 3245 L
1764 3211 1934 3246 armentu
1965 3210 2010 3245 H
2035 3209 2046 3256 Η

344 3266 390 3298 25
416 3274 503 3308 ergo
527 3261 652 3298 tollite
677 3273 743 3298 om.
765 3262 805 3297 F
1800 3264 1802 3267 ⁴
1904 3260 1910 3267 ²
