2092 3614
632 835 830 880 SERVII
862 835 1241 879 GRAMMATICI

221 949 296 1003 IN
338 949 656 1006 VERGILII
697 948 1048 1007 AENEIDOS
1092 950 1366 1007 LIBRVM
1406 950 1652 1008 NONVM

656 1044 1219 1103 COMMENTARIVS.

206 1183 241 1224 1.
290 1194 443 1234 ATQVE
469 1194 531 1225 EA
555 1194 757 1226 mvnRSA
783 1195 979 1226 PEMTvs
1005 1195 1107 1226 DVM
1133 1195 1172 1229 P.
1199 1194 1242 1225 G.
1273 1183 1320 1225 in
1350 1183 1433 1226 hoc
1464 1183 1575 1225 libro
1609 1184 1793 1226 mutatio

84 1254 150 1295 est
180 1268 324 1295 rerum
351 1254 561 1296 omnium:
592 1269 693 1296 nam
719 1257 763 1297 et
787 1269 998 1310 personae
1024 1257 1068 1297 et
1091 1255 1190 1298 loca
1214 1255 1300 1296 alia
1325 1257 1426 1297 sunt
1451 1257 1494 1297 et
1520 1255 1637 1297 aliud
1662 1269 1794 1312 nego-

82 1325 194 1366 tium
231 1324 458 1380 incipitur3
502 1325 556 1367 ab
594 1326 743 1368 Aenea
782 1326 897 1368 enim
933 1326 1095 1369 transit
1132 1327 1186 1369 ad
1223 1325 1434 1382 Turnum,
1479 1342 1505 1368 a
1542 1326 1698 1369 Tuscia
1741 1327 1795 1369 ad

82 1395 288 1452 Ardeam,
307 1397 347 1438 'a
372 1396 581 1451 petitione
615 1397 883 1448 auxiliorum
903 1398 957 1440 ad
983 1398 1153 1440 bellum.
1205 1411 1332 1452 quem
1360 1397 1595 1439 transitum
1621 1397 1794 1452 quidam

83 1467 278 1523 culpant,
309 1467 547 1510 nescientes
575 1467 819 1525 Vergilium
852 1467 1084 1524 prudenter
1115 1468 1304 1511 iunxisse
1337 1468 1632 1523 superioribus
1663 1482 1794 1525 nego·
1822 1476 1842 1508 5

81 1538 153 1581 tiis
186 1539 410 1594 sequentia
442 1554 518 1595 per
546 1538 668 1581 illam
693 1539 955 1594 particulam
988 1539 1131 1595 ‘atque
1158 1554 1208 1582 ea
1234 1539 1272 1582 d.
1299 1555 1338 1594 p.
1365 1540 1466 1582 dum
1492 1542 1615 1595 parte
1642 1553 1794 1596 gerun-

80 1609 180 1665 tur’,
211 1610 375 1653 scilicet
405 1611 507 1653 dum
540 1600 777 1654 offeruntur
808 1626 946 1667 arma,
978 1612 1080 1654 dum
1111 1612 1269 1654 dantur
1298 1611 1473 1653 auxilia.
1523 1610 1652 1654 ‘dum’
1685 1613 1795 1655 enim

81 1695 174 1724 cum
216 1683 271 1724 sit
306 1683 553 1735 coniunctio,
596 1682 661 1725 hic
698 1686 834 1726 tamen
870 1683 1052 1726 adverbii
1093 1684 1177 1726 vim
1218 1683 1388 1726 obtinet:
1441 1684 1653 1727 Terentius
1691 1699 1795 1727 nica

80 1752 212 1795 nihil
241 1753 412 1809 refert,
450 1754 561 1796 dum
591 1755 767 1808 patiar
797 1755 944 1798 modo.
1007 1770 1109 1798 sane
1141 1755 1354 1798 formatus
1387 1757 1453 1797 est
1483 1755 1566 1798 iste
1599 1756 1708 1798 liber
1741 1756 1794 1798 ad

80 1823 189 1866 illud
215 1823 404 1878 Homeri,
428 1824 504 1866 ubi
529 1824 634 1867 dicit
658 1840 735 1881 per
760 1828 932 1869 noctem
958 1840 1157 1882 egressos
1183 1841 1277 1869 esse
1297 1826 1536 1869 Diomeden
1562 1829 1605 1869 et
1623 1826 1793 1882 Vlixen,
1821 1835 1865 1867 10

82 1909 177 1937 cum
214 1897 341 1951 capto
382 1894 551 1938 Dolone
593 1900 737 1939 castra
776 1900 1073 1952 penetrarunt:
1117 1913 1219 1940 nam
1263 1900 1432 1954 partem
1474 1899 1710 1941 maximam
1751 1902 1794 1941 et

81 1967 357 2010 oeconomiae
389 1970 432 2010 et
462 1968 738 2023 negotiorum
770 1969 919 2011 exinde
950 1970 1095 2013 habet.
1204 1981 1407 2013 DIVERSA
1438 1982 1636 2013 PENI'rvs
1670 1970 1793 2013 valde

60 2038 270 2093 diversa,
301 2038 345 2080 id
379 2041 445 2081 est
475 2039 647 2095 longius
679 2042 867 2095 remota,
899 2041 960 2083 vel
979 2042 1104 2096 'apud
1132 2041 1398 2084 Pallanteum
1427 2042 1488 2084 vel
1518 2042 1564 2083 in
1594 2042 1791 2084 Etruria:

80 2109 193 2151 unde
225 2109 356 2164 paulo
389 2112 490 2164 post
515 2110 631 2165 <10>
665 2110 771 2153 dicit
803 2110 901 2154 ‘nec
934 2111 1059 2167 satis,
1093 2114 1306 2154 extremas
1332 2111 1517 2168 Corythi
1547 2114 1793 2168 penetravit

50 2203 54 2208 -
82 2181 135 2223 ad
167 2180 296 2223 urbes
309 2179 625 2236 fflydorumque
657 2181 865 2224 manum'.
1821 2193 1862 2224 15

200 2253 239 2294 2.
288 2263 391 2294 IRIM
420 2250 501 2294 Iris
534 2253 659 2309 quasi
691 2254 780 2308 ἔρις
811 2253 927 2296 dicta
959 2255 1040 2296 est:
1084 2269 1322 2310 numquam
1360 2257 1474 2297 enim
1506 2255 1559 2298 ad
1592 2256 1793 2298 concilia-

80 2323 244 2366 tionem
289 2324 495 2379 mittitur,
540 2324 651 2366 sicut
687 2323 942 2379 Mercurius,
987 2325 1061 2367 sed
1104 2326 1158 2368 ad
1202 2326 1576 2369 disturbationem.
1639 2329 1682 2369 et
1726 2330 1792 2370 est

81 2395 280 2438 ministra
305 2409 394 2438 non
418 2397 590 2438 tantum
616 2395 809 2451 dearum,
839 2396 912 2438 sed
939 2398 982 2438 et
1006 2396 1203 2439 deorum:
1234 2413 1335 2440 nam
1360 2401 1534 2454 praeter
1551 2397 1791 2441 Homerum

82 2468 125 2508 et
150 2465 369 2522 Vergilius
401 2467 485 2510 hoc
515 2467 691 2524 probat,
724 2468 868 2510 dicens
896 2468 1042 2524 <8ΟΟ>
1076 2469 1268 2512 aeriam
1301 2471 1445 2513 caelo
1477 2486 1590 2513 nam
1615 2470 1814 2527 Iuppi-2

81 2540 158 2580 ter
188 2537 314 2580 Irim
346 2538 565 2594 dimisit,
596 2553 868 2595 germanae
900 2539 1036 2582 haud
1069 2541 1250 2583 mollia
1279 2541 1421 2584 iussa
1451 2541 1711 2585 ferentem.
1816 2551 1862 2582 20

177 2681 198 2713 8
225 2678 434 2725 Terentius]
462 2679 554 2716 Eun.
580 2679 615 2714 ΙΙ
642 2683 674 2723 3,
701 2683 746 2715 29
784 2681 796 2726 ΙΙ
835 2684 878 2716 16
904 2680 974 2715 Iris
1000 2708 1008 2716 .
1032 2708 1039 2715 .
1061 2709 1068 2716 .
1096 2680 1254 2728 dimisit]
1288 2693 1404 2719 exscr.
1431 2683 1616 2729 mythogr.
1645 2682 1679 2718 II
1705 2687 1726 2718 6
1752 2684 1790 2718 et

80 2725 185 2762 Luct.
212 2726 310 2762 Plac.
338 2724 385 2761 ad
412 2727 506 2763 Stat.
533 2726 624 2762 Ach.
650 2727 667 2762 I
693 2730 773 2762 220.
814 2727 859 2764 cf.
886 2728 1072 2773 mythogr.
1099 2728 1151 2764 III
1175 2732 1209 2774 4,
1235 2734 1256 2764 2
1284 2731 1322 2766 et
1346 2735 1366 2766 6

176 2862 197 2893 2
222 2869 310 2894 nam
336 2859 374 2893 et
399 2855 495 2892 aliae
520 2867 701 2902 personae
725 2858 833 2902 vulyo
857 2859 870 2903 ΙΙ
902 2862 922 2893 3
948 2858 1085 2905 incipit
1108 2860 1142 2894 L
1173 2861 1185 2906 ΙΙ
1216 2860 1352 2896 transit
1376 2860 1513 2896 RMF
1535 2864 1568 2896 et
1593 2861 1635 2896 in
1659 2871 1732 2897 ras.
1759 2862 1787 2896 l:

80 2904 196 2941 traxit
221 2905 346 2941 ΑΒΗ
360 2906 372 2952 ss
395 2904 553 2940 tusciam
579 2905 624 2939 H
638 2905 650 2951 ΙΙ
675 2905 722 2940 ad
748 2916 814 2940 om.
839 2905 928 2940 LH
948 2907 1046 2951 (add.
1074 2907 1100 2953 l)
1119 2909 1131 2954 Η
1162 2912 1184 2943 4
1210 2908 1399 2953 peticione
1425 2909 1561 2943 ALM
1581 2909 1586 2955 Ι
1620 2913 1641 2944 5
1667 2908 1788 2953 uergi-

81 2951 173 2987 lium
194 2952 235 2988 F
249 2953 261 3000 ΙΙ
281 2950 533 2998 superioribus
559 2950 723 2997 negotiis
749 2951 910 2988 iunxisse
933 2952 970 2988 R
989 2954 1000 3000 ΙΙ
1020 2958 1041 2990 6
1067 2956 1262 3000 sequentia.
1287 2966 1354 2991 om.
1375 2955 1411 2990 R
1429 2957 1441 3002 ΙΙ
1460 2955 1581 3002 illam]
1609 2967 1690 2991 eam
1717 2956 1753 2991 R
1777 2956 1789 3002 Η

82 3003 103 3034 8
129 3000 300 3036 aduerbis
327 2998 474 3036 obtinet
500 2999 548 3043 F,
574 3010 663 3035 corr.
692 3000 840 3035 Daniel.
874 3002 996 3045 possis
1020 3005 1054 3037 et
1077 3002 1245 3038 adverbii
1270 3002 1396 3038 locum
1420 3005 1526 3038 tenet
1556 3004 1567 3049 ΙΙ
1600 3007 1620 3038 9
1647 3004 1694 3038 ad
1720 3003 1789 3037 illa

81 3046 164 3081 RF
180 3048 192 3094 u
222 3051 262 3083 11
290 3047 533 3092 penetrarent
556 3046 685 3082 ΑΒΜ
703 3048 715 3092 ΙΙ
749 3051 791 3082 13
817 3047 855 3082 id
882 3048 954 3094 est]
982 3050 1021 3084 et
1046 3050 1117 3096 ΗΙΙ
1149 3054 1193 3086 16
1220 3063 1294 3085 mm
1319 3049 1516 3094 ALHM,
1542 3061 1608 3085 om.
1635 3050 1672 3085 R
1690 3052 1702 3095 ΙΙ
1722 3050 1788 3084 Iris

83 3104 148 3129 om.
172 3095 220 3128 M
235 3095 247 3141 ΙΙ
266 3095 338 3130 eris
359 3094 532 3129 -ARLF
548 3095 560 3141 n
579 3094 676 3130 enim
704 3105 770 3130 om.
790 3094 863 3130 AS
881 3095 893 3142 ΙΙ
914 3098 956 3131 18
982 3107 1070 3131 nam
1094 3098 1244 3142 praeter
1268 3097 1462 3133 homerum
1490 3098 1542 3133 F:
1569 3109 1655 3133 nam
1681 3107 1786 3142 prae-
1819 3136 1824 3141 ¹

82 3142 139 3175 ter
163 3141 315 3177 deorum
334 3141 491 3177 ASRL
517 3143 678 3187 (praeter
701 3143 744 3177 in
761 3153 835 3177 ras.
856 3143 882 3187 l)
922 3154 1007 3179 nam
1033 3146 1142 3190 pater
1167 3145 1320 3180 deorum
1340 3145 1384 3179 H
1417 3156 1503 3180 nam
1528 3145 1678 3190 praeter
1703 3144 1786 3178 dea-

83 3189 275 3270 ruffitlg'z’
300 3200 366 3225 om.
391 3189 566 3235 nvythoyr.
594 3189 650 3223 II
673 3193 706 3225 et
731 3189 938 3235 Stephanus
968 3193 981 3237 ss
1013 3195 1059 3227 20
1084 3192 1155 3227 irin
1181 3191 1216 3227 L
1240 3192 1254 3237 ΙΙ
1284 3191 1443 3228 dimittit
1468 3193 1497 3227 S
1523 3194 1628 3237 (corr.
1654 3193 1683 3236 s)
1723 3191 1787 3226 de-

82 3245 166 3269 mlsl

156 3299 254 3326 Servii
274 3307 379 3327 comm.
397 3301 465 3340 Vpl.
484 3301 525 3327 11.
545 3302 632 3327 Fuso.
652 3302 693 3327 II.
1457 3301 1500 3331 21
