2092 3614
319 262 407 305 306
642 261 803 297 SERvn
829 261 980 298 COMM.
1005 261 1059 297 IN
1084 247 1366 298 VERGJAEN.
1393 261 1479 297 v111
1505 265 1703 297 729—731.

438 371 536 414 729.
585 388 658 413 PER
689 387 862 414 GLIPEVM
895 386 1065 414 VVLGANI
1096 370 1162 413 hic
1197 370 1551 425 distiuyuendum:
1588 383 1688 413 uam
1719 369 1919 413 ‘Vulcani
1948 383 2026 424 pa-

317 441 465 485 rentis'
497 455 582 485 non
605 442 801 496 procedit.
921 452 1150 484 PARENTIS
1182 455 1296 483 nunc
1325 440 1515 483 honoris.

440 513 538 555 730.
587 525 747 555 RERVM
770 513 1026 567 futurarum,
1053 527 1162 567 quae
1188 512 1379 554 nondum
1405 511 1590 554 fuerunt.
1681 529 1850 555 IMAGINE
1874 528 1923 554 σά
1933 528 2032 554 mm·

318 586 493 640 iynarus
523 588 614 627 erat
640 585 843 639 veritatis,
873 585 944 627 secl
973 583 1276 637 triumphorum
1305 584 1487 638 irnayine
1516 583 1799 625 delectabatur.

440 656 538 699 731.
586 672 809 699 Assone-Ns
834 672 960 698 VMERo
984 672 1146 702 FAMAMQ
1154 672 1202 697 VE
1225 672 1278 697 ET
1297 671 1420 698 FACTA
1445 671 1629 698 NEPOTVM
1655 654 1693 696 si
1724 652 1845 707 ‘fata’
1878 654 2030 709 leffris,

319 727 392 770 hoc
415 730 490 782 est,
515 741 619 781 quae
642 730 802 781 nepotes
823 726 1013 779 fataliter
1034 725 1226 779 fecerunt.
1269 725 1377 768 hunc
1400 738 1560 768 versum
1585 727 1733 766 notant
1754 725 1888 767 critici
1910 725 2031 778 quasi

318 798 524 852 superfluo
554 800 594 840 et
621 797 832 839 humiliter
861 797 1050 839 additum
1079 810 1151 839 nec
1175 797 1470 839 convenientem
1491 796 1693 850 yravitati
1716 795 1826 837 eius:
1857 808 2032 848 namque

320 873 380 912 est
409 869 531 922 [eius]
563 869 697 923 mayis
727 868 960 911 neotericus.
1057 878 1316 926 FAMAMQVE
1348 867 1543 923 gloriam.
1635 877 1857 908 NEPOTVM
1889 868 2031 921 poste-

320 955 480 983 rorum.

417 1073 438 1104 2
464 1079 634 1104 mannus
661 1096 669 1103 .
691 1095 698 1103 .
719 1095 726 1103 .
753 1067 904 1103 fuerunt]
928 1077 995 1103 om.
1010 1066 1051 1102 F
1065 1068 1078 1112 ΙΙ
1099 1077 1195 1102 nunc
1219 1065 1386 1112 honoris]
1413 1066 1451 1101 iu
1477 1065 1666 1111 aliquibus
1693 1066 1820 1100 autem
1843 1063 1950 1099 libris
1974 1064 2028 1100 ita

321 1116 496 1159 habetur,
530 1116 600 1150 Per
625 1115 797 1160 clypeum
823 1113 999 1149 Vulcani:
1031 1114 1108 1149 hic·
1125 1113 1427 1159 distinguendum
1460 1115 1534 1157 est,
1566 1123 1651 1147 nam
1677 1110 1840 1147 Vulcani
1864 1111 2031 1157 parentis

322 1175 398 1199 non
421 1163 607 1209 procedit:
633 1172 719 1197 nam
746 1162 845 1198 dona
868 1161 1046 1207 parent-js,
1072 1161 1112 1196 id
1131 1164 1189 1197 est
1207 1162 1338 1197 matris
1358 1159 1618 1206 accipiendum
1637 1161 1694 1195 est
1714 1160 1798 1195 adol.
1818 1158 2031 1195 Fabricius.

322 1222 420 1246 nunc
445 1209 602 1246 Veneris
621 1220 694 1255 pro
719 1220 818 1245 nuno
843 1209 995 1244 honoris
1021 1210 1113 1245 coni.
1137 1209 1391 1245 Burmannus.
1417 1209 1479 1244 secl
1502 1208 1598 1243 nihil
1621 1207 1858 1243 mutandum:
1884 1206 2034 1242 Servius

323 1259 418 1294 enim
456 1258 622 1304 parentis
659 1258 709 1293 ad
741 1256 900 1292 Volcani
929 1257 1057 1302 refert,
1094 1256 1176 1292 ideo
1213 1256 1303 1292 dicit
1339 1256 1486 1291 honoris
1523 1266 1611 1299 esse,
1648 1266 1723 1290 non
1759 1254 1986 1299 cognationis
2032 1255 2035 1298 ι

325 1310 345 1341 5
371 1305 509 1352 legeris
534 1305 690 1341 Daniel:
715 1304 827 1350 legiri
853 1303 894 1339 F
909 1305 920 1350 ΙΙ
941 1309 961 1340 6
987 1315 1082 1349 quae
1109 1303 1162 1339 F:
1190 1303 1291 1348 quod
1319 1303 1458 1339 Daniel
1475 1304 1487 1350 ΙΙ
1506 1302 1698 1338 fatualiber
1724 1301 1765 1337 F
1779 1303 1791 1346 ΙΙ
1811 1300 1938 1337 cretici
1964 1300 2005 1335 F
2034 1300 2037 1347 Ι

326 1358 345 1389 7
373 1353 557 1399 superfluo
582 1353 738 1388 Daniel:
765 1351 909 1397 profluo
935 1352 976 1388 F
991 1353 1003 1397 ΙΙ
1028 1350 1221 1387 humiliter
1247 1350 1299 1386 F:
1326 1350 1511 1386 inutiliter
1535 1350 1673 1386 Daniel
1697 1351 1708 1396 ΙΙ
1740 1353 1760 1385 8
1788 1348 1866 1389 eius
1891 1349 2036 1384 seclusit

327 1401 532 1437 Masvicius
550 1402 563 1446 ΙΙ
590 1399 801 1436 neutericus
828 1399 870 1434 F
902 1399 1133 1435 netutericus
1158 1399 1192 1435 G
1211 1400 1222 1444 ΙΙ
1251 1410 1443 1439 FAMAMQVE
1470 1426 1476 1433 .
1500 1426 1506 1431 .
1529 1425 1536 1432 .
1563 1398 1797 1443 posterorum
1824 1406 1890 1432 orn.
1911 1395 1952 1430 F
