2092 3614
229 1030 274 1062 10

230 1388 274 1421 15

227 1747 272 1780 20

300 267 389 310 590
1070 268 1231 316 summ

299 378 494 432 signum
533 377 801 433 accedebat,
837 378 938 421 sive
960 379 1183 434 pilatim,
1220 379 1320 421 sive
1343 379 1535 433 passim
1566 380 1660 421 iter
1687 380 1850 433 facere
1878 380 2003 422 vole-

300 448 392 491 bat.
442 448 625 492 Scaurus
655 450 703 491 dc
733 450 818 491 vita
850 463 928 492 sua
951 451 1004 493 in
1034 465 1208 504 ayrum
1237 450 1450 493 hostium
1480 452 1610 507 veni,
1633 451 1839 505 pilatim
1869 465 2002 494 escer-

300 521 451 562 citum
477 521 615 575 deieci,
646 521 693 563 id
714 524 773 563 est
795 522 969 564 strictim
994 525 1031 564 et
1054 523 1184 565 dense.
1227 536 1327 564 nam
1351 523 1422 565 ubi
1439 523 1609 577 proprie
1633 523 1681 565 dc
1700 536 1843 577 yenere
1865 522 2005 566 hastae

302 592 493 646 loquitur,
523 593 586 634 ait
609 591 722 647 <VII
742 593 857 648 664>
879 594 989 647 pila
1019 608 1166 636 manu
1197 607 1456 647 saevosque
1481 597 1659 648 gerunt
1687 595 1740 636 in
1770 594 1897 637 bella
1927 595 2005 637 do-

302 663 445 705 lones.
502 663 634 707 Varro
677 678 817 706 rerum
858 664 1139 708 humanarum
1179 666 1259 708 duo
1299 679 1449 719 ,qenera
1485 666 1697 720 agyminum
1734 666 1849 720 dicit,
1888 680 2005 720 qua-

299 735 516 790 dratum,
546 736 673 789 quod
701 736 934 779 inmixtis
963 738 1112 779 etiam
1141 738 1374 780 iumentis
1404 738 1605 789 incedit,
1636 740 1689 779 ut
1712 737 1876 780 ubivis
1896 750 2005 791 pos-

298 806 368 848 sit
403 807 680 858 considere‚·
713 808 933 862 pilatum
967 809 1198 863 alterum,
1238 810 1364 863 quod
1397 809 1507 851 sine
1539 809 1772 851 iumentis
1807 809 2007 863 incedit,

298 878 382 920 secl
404 878 536 920 inter
558 892 606 921 se
629 879 829 922 densum
853 883 939 935 est,
970 894 1060 934 quo
1083 881 1299 934 facilius
1315 895 1405 935 per
1431 881 1688 953 iniquiora
1714 881 1817 923 loca
1843 884 1887 923 tr
1893 894 2006 924 ans-

300 950 542 992 mittatur.
599 965 602 967 ’

421 1022 517 1064 123.
567 1034 675 1065 RVH*
709 1038 805 1065 cum
837 1024 998 1078 impetu
1034 1025 1169 1067 venit:
1201 1024 1313 1081 quod
1343 1025 1457 1079 apud
1483 1023 1668 1066 Graecos
1695 1026 1761 1066 est
1786 1020 2004 1080 ὥρμησεν.

369 1110 499 1136 mans
527 1095 628 1148 quia
657 1095 768 1137 alius
802 1095 983 1147 Troicus,
1014 1097 1124 1138 alius
1158 1096 1415 1150 Tyrrhenus:
1444 1091 1523 1138 ‘aut
1550 1097 1636 1150 ipse
1670 1095 1906 1150 Tyrrhenus
1936 1110 2004 1138 va-

298 1166 399 1217 rius,
429 1166 529 1219 quia
560 1167 607 1208 de
637 1167 767 1209 variis
793 1167 979 1221 ¹qentibus
1014 1168 1249 1210 Tuscorum.

421 1238 518 1280 124.
569 1249 819 1281 INSTRVCTI
846 1251 998 1282 FERRO
1031 1240 1144 1282 bona
1176 1240 1506 1295 prooeconomia
1533 1242 1576 1282 ei:
1601 1240 1663 1282 rei
1688 1240 1859 1282 futurae
1883 1254 2005 1295 prae·

297 1309 487 1365 paratio:
519 1310 659 1366 ruptis
686 1309 801 1352 enim
825 1310 1070 1353 foederibus
1098 1312 1142 1353 in
1169 1312 1285 1354 bella
1311 1311 1587 1354 descendent:
1619 1313 1718 1366 quia
1743 1325 1899 1354 necesse
1922 1325 2006 1354 non

299 1384 389 1424 erat
417 1383 580 1424 armari
610 1396 759 1437 omnes,
789 1383 889 1425 solis
919 1383 1088 1426 ducibus
1112 1384 1406 1438 puynantibus.

420 1454 517 1496 127.
566 1470 706 1496 Asnam
734 1454 960 1496 Etruscum
989 1469 1148 1498 nomen.

422 1525 517 1568 131.
567 1536 750 1568 VVLGVS
783 1537 999 1568 INERMVM
1039 1542 1188 1569 senum
1227 1526 1392 1568 seilicet
1431 1541 1480 1568 ac
1517 1528 1724 1579 matrum,
1764 1526 1875 1568 sicut
1913 1527 2006 1581 ipse

299 1596 572 1639 memoravit:
609 1600 648 1639 et
684 1598 854 1651 quidam
885 1598 1026 1640 volunt
1055 1598 1141 1640 ideo
1171 1597 1236 1640 liic
1267 1601 1447 1640 matrum
1476 1598 1633 1650 factam
1663 1599 1924 1653 mentionem,
1960 1601 2007 1640 ut

298 1669 424 1711 etiam
454 1669 613 1710 Amata
649 1670 757 1711 inter
787 1674 936 1712 ceteras
967 1670 1024 1712 ad
1051 1671 1314 1723 spectandum
1344 1670 1498 1712 venisse
1527 1670 1730 1725 videatur,
1761 1683 1839 1723 quo
1862 1670 2006 1725 possit,

298 1740 419 1782 ducta
449 1754 595 1792 error‚e
625 1754 667 1783 sc
690 1742 905 1795 perimere
1550 1736 1555 1739 ’

422 1811 517 1854 134.
566 1829 673 1855 NvNc
700 1829 883 1856 Ammvs
912 1829 1095 1856 mamm
1120 1812 1313 1856 Catonem
1337 1813 1529 1867 sequitur,
1559 1813 1631 1866 qui
1655 1812 1868 1856 Albanum
1892 1827 2003 1856 mon-

300 1886 377 1926 tem
408 1883 460 1926 ab
490 1883 602 1926 Alba
634 1885 755 1938 lonya
778 1887 904 1939 putat
933 1885 1097 1927 dictum.

421 1955 517 1997 135.
568 1973 669 1999 wiva
699 1973 829 2003 NEQVE
858 1973 994 1999 NOMEN
1022 1974 1126 1999 ERAT
1152 1956 1224 1999 hoc
1255 1957 1343 1998 ideo
1370 1957 1442 2011 ait,
1473 1956 1572 2010 quia
1596 1956 1642 1998 in
1667 1956 1832 1999 Albano
1856 1970 1921 1999 res
1944 1957 2004 1999 cli-

298 2026 397 2068 vina
427 2041 455 2068 a
480 2027 570 2069 iure
596 2027 945 2081 triumphantibus
969 2028 1062 2082 fieri
1085 2028 1245 2080 solebat,
1270 2028 1420 2071 scilicet
1442 2029 1550 2082 quod
1567 2027 1678 2070 Alba
1695 2029 1841 2082 pat-ria
1862 2029 2007 2082 populi

299 2098 483 2140 Romani
512 2098 692 2151 liabetur,
723 2100 830 2141 uncle
861 2100 995 2142 omnis
1026 2100 1137 2154 oriyo
1170 2100 1386 2142 Romana:
1410 2103 1580 2154 propter
1610 2100 1718 2153 quod
1748 2099 1797 2154 <1
1831 2099 1886 2153 7>
1918 2100 2005 2142 Al-

298 2170 507 2223 banique
531 2174 727 2224 patres:
759 2174 797 2213 et
825 2171 1014 2226 Iuppiter
1050 2172 1234 2214 Latiaris
1265 2172 1578 2225 antiquissimus
1609 2175 1676 2214 est.
1732 2183 1824 2225 erqo
1856 2172 2006 2214 montis

298 2241 464 2284 huiusce
495 2240 671 2296 ‘yloria'‚
702 2243 811 2296 quocl
831 2244 978 2297 patria
1002 2244 1151 2297 populi
1181 2243 1364 2286 Romani
1394 2257 1474 2286 esse
1504 2244 1687 2294 dicatum
1729 2242 1882 2285 ‘honos’
1913 2257 2005 2286 vero

395 2399 416 2430 2
444 2394 601 2431 Scaurus
626 2395 660 2431 d.
686 2408 721 2431 v.
748 2396 794 2442 8.]
821 2408 856 2441 p.
887 2399 953 2431 185
980 2395 1058 2433 Pei.
1091 2397 1103 2441 ΙΙ
1135 2399 1177 2431 21
1206 2395 1404 2442 Catonem]
1432 2407 1484 2432 or.
1512 2395 1526 2430 I
1555 2400 1598 2430 14
1623 2395 1719 2431 Iord.
1746 2396 1785 2431 et
1808 2395 1889 2432 Pet.

395 2541 416 2572 2
443 2549 598 2583 aagrum
625 2537 666 2572 F
680 2538 692 2582 ΙΙ
711 2537 869 2582 pilatum
896 2538 945 2581 F,
971 2549 1061 2573 corr.
1089 2538 1226 2573 Daniel
1244 2539 1256 2583 Η
1275 2538 1471 2573 erercitum
1498 2538 1537 2572 F
1553 2539 1565 2583 ΙΙ
1593 2542 1613 2572 3
1641 2538 1809 2573 strictum
1836 2537 1884 2591 F,
1910 2550 2001 2576 corr.

299 2586 438 2621 Daniel
457 2587 468 2631 ΙΙ
496 2590 517 2620 5
543 2596 654 2620 uarro
680 2585 794 2620 etiam
824 2585 863 2628 T,
889 2597 1011 2620 10111111
1037 2586 1280 2620 humanarum
1306 2587 1471 2621 omittens
1489 2587 1500 2631 ΙΙ
1529 2591 1548 2620 6
1574 2584 1753 2621 immixtis
1781 2585 1815 2621 T
1830 2588 1842 2631 ΙΙ
1859 2587 2001 2622 inmen—

300 2633 349 2668 tis
375 2633 415 2668 F
443 2634 454 2679 ΙΙ
485 2634 559 2669 ut.
613 2661 620 2668 .
646 2632 787 2668 incedit
811 2643 877 2667 om.
905 2633 945 2667 F
973 2634 984 2678 ΙΙ
1021 2636 1042 2667 8
1069 2633 1167 2677 (111οᾶ
1193 2633 1233 2668 F
1260 2634 1272 2679 ss
1302 2634 1534 2668 tramittatm
1559 2632 1598 2668 F
1626 2634 1638 2680 ΙΙ
1678 2637 1720 2668 10
1745 2645 1906 2669 ineuntem
1933 2634 2003 2670 AS

301 2692 450 2716 οΡΜεεεΝ
474 2680 511 2716 R
547 2691 703 2716 ορωιεειτ
729 2680 774 2715 H
807 2689 1003 2725 εφοΡΜεεεΝ
1028 2680 1068 2714 F
1085 2682 1096 2726 ΙΙ
1118 2685 1159 2715 11
1187 2682 1235 2716 ad
1260 2693 1290 2717 v.
1315 2685 1381 2716 123
1408 2681 1529 2716 Variis
1555 2681 1667 2716 armis
1694 2681 1782 2726 quia
1807 2680 1901 2717 alius
1926 2682 2001 2717 1510-

300 2728 408 2764 ianus
433 2727 529 2764 alius
554 2728 752 2773 tyrrhenus
779 2730 859 2763 erat
884 2727 1065 2762 exercitus
1093 2756 1100 2764 .
1127 2730 1192 2763 aut
1216 2728 1297 2774 ipse
1325 2757 1332 2764 .
1353 2757 1361 2764 .
1383 2758 1390 2765 .
1419 2728 1593 2773 gentibus
1619 2730 1699 2764 erat
1722 2730 1911 2764 tuscorum
1936 2729 1968 2765 T
1989 2729 2001 2776 Η

301 2776 366 2820 (1111
391 2776 432 2811 F
446 2777 459 2821 ΙΙ
482 2777 653 2821 tyn-enus
680 2775 720 2810 F
735 2777 746 2822 ΙΙ
779 2779 823 2811 14
848 2775 962 2820 enim]
989 2777 1111 2810 autem
1141 2775 1182 2810 F
1196 2777 1208 2821 ΙΙ
1232 2776 1288 2823 111]
1315 2776 1361 2812 ad
1387 2756 1440 2810 FO
1443 2778 1454 2821 ΙΙ
1479 2777 1708 2812 descendunt
1732 2776 1778 2810 H
1809 2776 2003 2812 discedent

301 2824 341 2858 F
362 2825 375 2868 ΙΙ
407 2827 450 2859 16
475 2835 612 2858 Asmus
639 2823 679 2858 F
700 2825 712 2868 ΙΙ
738 2824 787 2859 acl
813 2835 939 2859 srvmo
964 2834 991 2858 s.
1018 2834 1049 2858 v.
1076 2823 1218 2859 scilicet}
1241 2822 1395 2859 uidendi
1425 2824 1458 2858 T
1477 2825 1490 2869 ΙΙ
1522 2827 1564 2858 17
1591 2836 1746 2859 ΙΝΕκννΜ
1771 2822 1812 2858 F
1833 2825 1844 2869 ΙΙ
1883 2827 1926 2859 18
1952 2825 2002 2860 ad

299 2883 331 2907 v.
362 2876 427 2906 131
453 2870 607 2916 quidam
630 2871 794 2906 uolunt.
846 2870 1061 2915 ,perimere
1092 2871 1124 2905 Τ
1151 2873 1162 2917 ΙΙ
1193 2872 1253 2906 1110
1279 2883 1345 2906 om.
1376 2872 1408 2906 T
1434 2872 1446 2917 ss
1482 2870 1709 2907 mentionem
1734 2873 1892 2906 matrum
1920 2881 2000 2907 esse

300 2918 440 2954 factam
453 2883 503 2954 qT
523 2920 535 2964 ΙΙ
566 2920 722 2954 matrem
748 2918 789 2953 F
816 2919 827 2965 Ι]
860 2921 903 2953 19
928 2918 1026 2953 intei
1052 2919 1194 2953 ceteras
1220 2919 1266 2953 ad
1293 2918 1536 2964 spectandum
1562 2930 1639 2964 egyo:
1665 2918 1762 2954 inter
1787 2919 1910 2954 cetera
1936 2919 2000 2954 sed

301 2966 545 3011 spectandum
573 2966 614 3000 F
647 2966 743 3001 inter
769 2967 928 3001 eetetras
954 2966 1196 3011 spectandum
1226 2967 1260 3001 T
1291 2967 1314 3002 i.
1342 2979 1370 3002 e
1398 2968 1604 3011 spectatum
1634 2966 1839 3001 Masvicius
1857 2966 1869 3011 ΙΙ
1888 2969 1932 3001 20
1962 2977 2000 3002 se

300 3024 366 3049 om.
387 3013 428 3048 F
443 3016 455 3059 ΙΙ
474 3018 517 3048 21
538 3013 724 3048 Albanum
746 3014 967 3049 Masvicius·
995 3012 1167 3048 albonem
1187 3014 1228 3048 F
1243 3015 1255 3061 ΙΙ
1274 3018 1318 3050 22
1346 3015 1393 3049 ab
1415 3014 1669 3049 Commelinus:
1696 3013 1761 3048 alii
1780 3012 1820 3048 F
1836 3014 1847 3059 ΙΙ
1866 3015 2002 3059 putant

300 3061 439 3097 Daniel
474 3062 487 3108 ΙΙ
524 3065 569 3096 23
595 3061 684 3105 quia
710 3090 717 3098 .
740 3089 747 3096 .
769 3090 778 3097 .
805 3063 843 3096 et
866 3060 1003 3106 iupiber
1027 3060 1172 3096 latiaris
1198 3061 1477 3106 antiquissimus
1502 3061 1622 3096 dictus
1649 3062 1705 3095 est
1729 3059 1838 3096 huius
1863 3061 2000 3122 mentis

300 3108 422 3154 gloria.
448 3109 574 3156 Τ1124
600 3116 622 3144 a
647 3120 713 3144 om.
737 3110 770 3143 Τ
786 3110 798 3156 ll
816 3108 1131 3154 triumphantibus
1155 3109 1235 3145 iure
1265 3109 1299 3144 Τ
1313 3110 1326 3155 l}
1354 3113 1397 3144 25
1423 3108 1605 3144 habeatur
1627 3108 1660 3142 Τ
1676 3109 1688 3154 ΙΙ
1706 3107 1804 3143 unde
1832 3139 1839 3145 .
1860 3137 1867 3145 .
1892 3109 1999 3144 .Βο-

300 3156 427 3202 mana]
463 3155 562 3192 unde
586 3157 754 3201 profecto
782 3157 900 3193 omnis
927 3155 1031 3201 origo
1056 3167 1210 3192 romana
1234 3168 1301 3203 per
1325 3157 1516 3192 ascanium
1540 3156 1762 3201 proeesselit
1790 3156 1822 3190 Τ
1850 3157 1863 3202 ΙΙ
1899 3156 1999 3201 quod

301 3204 340 3240 eb
370 3204 497 3240 albani
524 3204 558 3239 Τ
592 3206 604 3250 ss
641 3208 686 3240 27
718 3205 768 3241 ad
796 3216 911 3240 nonos
936 3214 971 3238 A.
997 3216 1031 3239 G.
1056 3217 1093 3239 M.
1117 3216 1145 3239 s
1171 3216 1202 3241 v.
1229 3215 1287 3240 res
1319 3204 1447 3240 diuina,
1476 3214 1570 3249 quae
1597 3215 1620 3238 a
1644 3202 1806 3239 romanis
1835 3202 1889 3239 ibi
1920 3202 2000 3238 fieri

300 3253 543 3288 eonsueuerass
570 3251 604 3287 T
