2092 3614
572 268 722 309 COMM.
748 267 802 304 IN
828 267 972 304 VERG.
998 266 1109 303 AEN.
1136 267 1205 303 XII
1234 271 1384 304 17—33.
1742 264 1830 308 579

241 377 310 419 25.
360 388 452 420 NEC
486 389 637 421 GENVS
669 389 931 420 INDECORES
964 377 1064 432 quia
1095 376 1179 419 iste
1210 376 1327 433 regis
1358 376 1494 418 filiam
1525 377 1714 431 petebat.
1775 379 1834 418 est

121 451 257 490 autem
287 449 452 491 elocutio
483 450 665 503 figurata
694 450 742 491 de
774 448 948 504 Graeco,
980 444 1252 505 εὐσχήμονες
1281 446 1331 491 τὸ
1364 445 1503 502 γένος.
1628 459 1732 491 SINE
1765 459 1830 489 ME

122 531 245 562 HAEC
276 520 359 563 hoc
391 521 485 563 loco
517 520 822 576 intellegimus,
853 520 1046 562 Turnum
1076 519 1221 562 dolore
1248 519 1435 562 voluisse
1461 520 1505 561 in
1531 519 1676 574 aliqua
1700 518 1834 561 verba

124 606 413 647 prorumpere.
534 604 662 634 HAVD
694 603 872 634 MOLLIA
903 603 1026 634 FATV
1062 591 1105 633 id
1146 594 1212 633 est
1248 606 1370 634 vera:
1407 606 1510 633 nam
1549 604 1702 645 aspera
1734 591 1835 631 sunt

124 678 233 718 quae
265 678 359 705 cum
394 664 577 706 veritate
610 663 827 719 dicuntur3
858 662 972 706 falsa
1005 663 1120 705 enim
1152 663 1280 718 plena
1310 663 1452 705 solent
1478 677 1572 705 esse
1597 660 1834 704 blanditiis.

243 735 312 777 26.
362 747 510 778 ANIMO
543 747 686 777 HAVRI
718 735 837 777 omni
869 734 1108 777 intentione
1139 735 1325 790 percipe.

243 807 310 849 27.
361 819 505 849 NVLLI
535 818 759 848 VETERVM
791 817 986 849 SOGIARE
1017 817 1271 849 PROCORVM
1309 805 1570 862 generaliter
1601 805 1706 847 dicit
1736 819 1834 860 pro-

125 878 310 920 hibitum
357 893 449 920 esse
494 879 589 920 dari
627 877 854 920 Laviniam
899 878 1075 920 cuilibet
1111 877 1287 934 Latino,
1330 880 1381 920 ut
1418 876 1588 919 Turnus
1627 876 1834 919 solacium

125 949 301 1005 aliquod
332 950 491 992 habere
524 950 663 1005 possit
696 949 870 992 doloris.

243 1022 312 1064 28.
361 1034 557 1073 DIVIQVE
589 1032 890 1072 HOMINESQVE
922 1022 1099 1077 propter
1131 1020 1328 1063 Faunum
1360 1023 1403 1063 et
1434 1023 1567 1064 vates.

243 1094 312 1136 29.
362 1104 528 1136 VICTVS
560 1104 722 1135 AMORE
757 1105 837 1136 TVI
866 1093 949 1135 hoc
981 1096 1049 1135 est
1079 1095 1257 1149 propter
1281 1096 1337 1148 te,
1366 1095 1543 1149 propter
1568 1095 1692 1135 tuum
1719 1106 1834 1134 amo-

127 1177 229 1207 rem.
280 1179 383 1207 sane
421 1165 536 1207 inter
574 1164 653 1206 ‘tui
691 1180 822 1207 causa
861 1164 958 1207 feci'
998 1168 1040 1207 et
1078 1164 1169 1208 ‘tua
1207 1164 1464 1207 causa'feci'
1495 1165 1602 1207 haec
1634 1164 1835 1206 discretio

126 1240 209 1291 est,
242 1239 289 1278 ut
323 1236 403 1278 ‘tui
435 1236 580 1278 causa'
612 1245 714 1279 tunc
747 1237 953 1292 dicamus,
986 1237 1021 1279 si
1054 1237 1215 1292 aliquid
1246 1237 1331 1293 ipsi
1363 1237 1417 1279 ad
1450 1251 1576 1293 quem
1608 1236 1837 1291 loquimur,

128 1307 491 1362 praestiterimus,
533 1309 581 1348 ut
622 1311 727 1362 puta
769 1307 848 1349 ‘tui
889 1322 1020 1350 causa
1061 1309 1103 1349 te
1145 1307 1349 1365 defendi'3
1391 1307 1495 1351 ‘tua'
1533 1323 1634 1351 vero
1673 1306 1835 1350 ‘causa'

125 1381 238 1433 tunc,
270 1393 366 1420 cum
399 1378 523 1420 alteri
555 1378 720 1433 aliquid
748 1379 926 1421 alterius
953 1379 1320 1434 contemplatione
1347 1382 1631 1435 praestamus,
1664 1381 1712 1421 ut
1728 1382 1836 1433 puta

127 1450 217 1492 ‘tua
261 1464 390 1492 causa
432 1449 654 1492 hominem
697 1453 820 1493 tuum
867 1450 1066 1494 defendi'.
1189 1462 1410 1494 COGNATO
1455 1461 1689 1494 SANGVINE
1736 1450 1837 1506 quia

127 1521 313 1576 Venilia,
345 1523 483 1564 mater
515 1521 661 1577 Turni,
695 1537 817 1565 soror
850 1524 916 1564 est
949 1522 1145 1565 Amatae.

245 1594 315 1636 30.
364 1604 536 1636 VINOLA
569 1605 715 1636 OMNIA
746 1607 855 1637 RVPI
888 1597 931 1636 et
964 1595 1188 1650 religionis
1221 1597 1264 1637 et
1294 1594 1491 1637 foederis.

246 1666 315 1707 31.
366 1676 630 1708 PROMISSAM
667 1678 826 1709 ERIPVI
865 1678 1054 1709 GENERO
1096 1681 1244 1709 verum
1287 1669 1371 1708 est:
1407 1681 1510 1708 nam
1550 1666 1722 1708 Aeneae
1759 1681 1838 1721 per

127 1738 297 1793 legatos
329 1737 590 1792 promiserat
619 1737 766 1793 filiam,
798 1739 864 1780 cui
897 1741 1049 1794 postea
1080 1739 1229 1781 intulit
1259 1739 1432 1780 bellum.
1482 1738 1586 1780 licet
1617 1738 1741 1780 multi
1775 1737 1835 1779 di-

127 1811 244 1863 cant,
288 1811 390 1850 ante
432 1823 525 1850 eam
565 1809 711 1851 Turno
752 1809 885 1851 fuisse
925 1811 1201 1865 promissam:
1245 1810 1359 1866 quod
1398 1809 1559 1851 falsum
1597 1812 1676 1851 est.
1735 1825 1836 1852 nam

128 1879 307 1922 Latinus
341 1895 571 1935 numquam
606 1895 699 1922 eam
732 1883 799 1922 est
829 1880 974 1923 Turno
1008 1881 1244 1936 pollicitus:
1275 1896 1376 1923 nam
1406 1895 1485 1922 nec
1510 1880 1705 1923 Faunum
1738 1895 1836 1923 con-

129 1952 299 2006 suleret,
332 1951 368 1991 si
401 1965 495 1992 eam
523 1951 668 1993 Turno
702 1954 803 1994 ante
835 1952 1124 2007 promisisset:
1157 1951 1232 1994 sed
1263 1954 1432 1994 tantum
1466 1967 1562 1994 eum
1594 1967 1686 1994 esse
1713 1967 1838 2008 gene·

129 2038 224 2065 rum
256 2023 417 2064 Amata
455 2022 673 2078 cupiebat7
710 2023 824 2078 quod
864 2024 995 2065 etiam
1027 2024 1211 2080 legimus
1244 2023 1358 2079 <VII
1390 2023 1476 2078 56>
1510 2039 1654 2079 quem
1692 2025 1838 2080 regia

129 2094 351 2137 coniunx
384 2093 597 2150 adiungi
629 2108 870 2150 generum
903 2095 1030 2137 miro
1061 2096 1379 2151 properabat
1411 2110 1593 2138 amore.

249 2166 318 2208 32.
369 2176 449 2215 QVI
478 2178 543 2207 ME
572 2177 713 2209 CASVS
741 2169 917 2208 excusat
936 2166 1143 2222 Turnum,
1174 2169 1223 2208 ut
1246 2181 1335 2209 non
1361 2167 1496 2222 ipsius
1523 2181 1617 2209 esse
1642 2167 1838 2210 videatur

132 2237 246 2294 quod
283 2237 422 2279 victus
456 2240 539 2291 est,
576 2237 650 2279 sed
682 2252 825 2293 suum,
863 2237 936 2293 qui
970 2252 1099 2280 ausus
1131 2237 1275 2280 fuerat
1305 2241 1455 2281 contra
1487 2253 1691 2294 generum
1723 2239 1838 2282 bella

132 2308 359 2363 suscipere.

250 2380 319 2422 33.
368 2391 537 2423 PRIMVS
569 2380 837 2435 praecipuus
868 2384 963 2423 ante
993 2395 1141 2424 omnes.

227 2514 247 2545 3
273 2510 344 2545 hoc
369 2510 452 2546 loco
480 2538 487 2545 .
510 2538 518 2545 .
539 2538 546 2546 .
573 2510 830 2557 prorumpere]
859 2510 904 2548 cf.
930 2511 1023 2547 Don.
1050 2511 1098 2547 ad
1124 2511 1206 2546 Ter.
1232 2512 1321 2547 Hec.
1349 2512 1392 2558 V,
1420 2516 1451 2557 1,
1481 2515 1524 2548 18

230 2633 247 2664 1
276 2642 340 2664 unc
366 2641 472 2665 sonvs
498 2642 692 2665 mnneonvs
718 2630 764 2664 H
777 2631 789 2676 ΙΙ
808 2630 962 2675 petebat
985 2629 1102 2675 filiam
1127 2630 1224 2677 regis
1250 2630 1290 2666 F
1305 2632 1317 2679 ΙΙ
1336 2635 1356 2666 2
1384 2628 1594 2677 ἀσχήμονες
1618 2630 1770 2676 Daniel,
1795 2629 1836 2667 τὸ

132 2675 239 2722 γένος
268 2677 490 2712 Masvz'cius:
518 2688 694 2713 exmosec
717 2689 857 2712 ucavron
884 2677 924 2712 F
940 2679 952 2724 ΙΙ
977 2682 997 2713 3
1024 2678 1169 2724 dolore]
1196 2679 1313 2714 solere
1337 2679 1383 2714 H
1416 2679 1580 2714 dolorem
1606 2679 1647 2714 F
1662 2679 1674 2725 ΙΙ
1699 2683 1721 2713 4
1746 2690 1839 2714 mu

132 2725 168 2759 R
186 2726 198 2770 ΙΙ
217 2735 304 2759 nam
325 2751 333 2759 .
355 2753 362 2761 .
384 2753 391 2760 .
413 2723 600 2771 dicuntur]
628 2736 701 2759 non
727 2736 860 2770 aspera
885 2725 949 2760 sed
976 2736 1070 2770 quae
1097 2737 1181 2761 cum
1206 2726 1364 2762 ueritate
1390 2726 1525 2761 dicitur
1544 2725 1592 2762 F.
1619 2728 1668 2762 ad
1686 2738 1783 2762 mvn
1801 2740 1839 2761 M.

132 2784 159 2808 s.
185 2783 216 2808 v.
243 2772 282 2807 id
309 2774 366 2807 est
397 2783 487 2807 uera.
517 2783 649 2817 aspera
680 2772 768 2817 quia
792 2772 860 2808 illa
884 2783 974 2808 uera
999 2774 1086 2808 sunt
1108 2773 1298 2809 interdum
1323 2784 1419 2819 quae
1446 2785 1530 2809 cum
1556 2773 1759 2819 asperitate
1785 2774 1838 2809 di-

133 2831 195 2855 cas
226 2820 259 2854 Τ
288 2821 300 2866 ΙΙ
330 2818 542 2866 blanditiis]
570 2820 663 2855 haec
689 2819 787 2855 enim
814 2821 977 2855 libenter
999 2820 1216 2866 audiuntur,
1243 2821 1311 2857 illa
1336 2834 1424 2857 uero
1451 2821 1632 2867 grauiter:
1658 2820 1746 2857 hinc
1771 2820 1838 2856 Te·

133 2867 274 2903 rentius
300 2867 433 2908 (Andr.
454 2867 471 2901 I
493 2871 525 2911 1,
542 2870 603 2913 41)
632 2867 868 2912 ‘obsequium
889 2866 1040 2912 amicos,
1066 2867 1205 2904 veritas
1226 2870 1353 2905 odium
1371 2869 1486 2914 parit’
1509 2870 1593 2905 add.
1609 2869 1810 2905 Fabricius
1828 2869 1840 2916 Η

134 2919 155 2950 8
182 2915 270 2950 clare
297 2914 337 2950 F
360 2916 373 2959 ΙΙ
404 2914 578 2950 solatium
605 2915 692 2950 libri
718 2916 730 2960 11
762 2919 782 2950 9
808 2916 935 2959 posset
960 2915 1031 2950 AS
1055 2916 1067 2959 ΙΙ
1099 2916 1254 2964 doloris]
1282 2918 1429 2962 quando
1456 2916 1630 2952 Latinum
1653 2917 1840 2952 neminem

134 2962 410 3045 25³5&ssan
427 2961 684 3055 fflffffl
700 2962 942 3056 ᾗέῗνὶῖῖῗᾟ
961 2964 1422 3057 ῃῖοέᾙὲῗξξῗὲῒῑξ
1433 2965 1654 3058 timu}
1672 2964 1840 3057 &aufal

135 3061 180 3092 οὖ
201 3056 241 3092 F
257 3058 268 3103 ΙΙ
287 3060 375 3092 tune
396 3057 436 3092 F
452 3058 464 3104 ΙΙ
483 3057 666 3102 dicamus]
692 3057 748 3092 tui
773 3068 923 3092 causam
950 3057 1105 3094 fecimus
1129 3060 1213 3095 add.
1230 3059 1269 3094 F
1285 3061 1296 3106 [Ι
1316 3059 1346 3094 si
1372 3059 1530 3106 aliquid]
1559 3060 1590 3095 si
1615 3059 1666 3095 ali
1691 3070 1758 3094 om.
1773 3059 1812 3093 F
1829 3060 1838 3104 Η

135 3105 215 3150 ipse
240 3105 360 3149 adque
385 3104 554 3150 loquitur
579 3105 624 3140 H
638 3107 649 3151 ΙΙ
683 3108 726 3139 14
752 3115 865 3139 causa
888 3104 942 3151 te]
971 3116 1054 3140 cum
1079 3118 1138 3142 me
1164 3107 1204 3142 F
1220 3109 1232 3154 ΙΙ
1266 3113 1307 3142 15
1335 3106 1587 3152 cumplatione
1613 3107 1657 3141 H
1672 3108 1683 3153 ΙΙ
1717 3110 1759 3141 16
1784 3106 1839 3140 tui

137 3163 286 3188 causam
314 3152 362 3187 M
396 3154 463 3187 tua
488 3157 534 3188 csi
559 3153 600 3188 F
621 3155 633 3200 ΙΙ
664 3157 710 3188 20
735 3152 852 3187 filiam
877 3163 942 3188 om.
969 3152 1009 3187 F
1035 3154 1048 3199 ΙΙ
1078 3158 1123 3189 22
1150 3166 1232 3190 eam
1258 3165 1324 3189 om.
1351 3154 1391 3188 F
1412 3155 1425 3199 ΙΙ
1455 3154 1578 3189 Turno
1607 3183 1613 3190 .
1636 3182 1643 3189 .
1666 3183 1672 3190 .
1699 3153 1731 3188 si
1756 3164 1837 3188 eam

136 3211 202 3236 om.
229 3199 273 3234 H
294 3200 306 3246 ΙΙ
337 3203 380 3235 23
407 3200 472 3235 sed
499 3228 506 3235 .
528 3229 535 3237 .
560 3228 567 3236 .
594 3211 674 3236 esse
700 3211 765 3236 om.
793 3200 846 3244 H,
872 3200 939 3236 sed
963 3211 1030 3236 om.
1057 3201 1098 3236 F
1117 3202 1130 3248 ΙΙ
1158 3206 1202 3238 26
1229 3201 1402 3237 uideatur
1427 3212 1504 3237 esse
1532 3201 1573 3236 F
1588 3203 1599 3248 ΙΙ
1630 3205 1674 3237 27
1701 3200 1839 3247 fuerat]

136 3249 194 3283 est
220 3246 269 3291 F,
294 3257 360 3282 om.
387 3247 433 3282 H
452 3248 464 3294 ΙΙ
491 3249 623 3284 contra
647 3259 715 3284 om.
743 3247 784 3283 F

208 3313 306 3340 Servii
325 3321 429 3341 comm.
450 3314 517 3341 Vol.
536 3314 577 3341 Π.
597 3314 682 3340 Fano.
702 3314 744 3340 Π.
1510 3312 1555 3344 38

1862 1028 1906 1059 10

1866 1386 1907 1417 15

1862 1747 1907 1778 ‘20

1862 2105 1907 2135 25
