2092 3614
247 1022 291 1053 10

247 1379 289 1410 15

243 1736 289 1767 20

320 264 404 306 358
1091 263 1146 298 SE
1153 262 1252 298 RVII

438 373 537 415 564.
588 383 772 414 AGGERE
812 383 1061 415 COMPLENT
1101 386 1235 428 agger
1272 373 1338 413 est
1375 371 1604 414 cuiuslibet
1641 371 1704 413 rei
1741 372 2021 423 coacervatio,

319 444 430 486 unde
469 444 610 486 fossae
643 446 719 486 aut
749 443 886 486 valles
922 445 1107 498 possunt
1143 442 1313 497 repleri.
1374 442 1698 484 subaudiendum
1730 446 1865 485 tamen
1897 442 2021 486 ‘aliiQ

438 514 537 557 566:
585 526 782 557 INGENTI
801 525 1042 557 FRAGMINE
1063 523 1239 555 MONTIS
1261 527 1390 567 supra
1410 512 1513 555 dicti
1533 514 1626 555 saxi
1646 515 1923 570 exaggeratio
1944 517 2022 557 est.

437 586 535 628 567.
584 597 821 629 LVCETIVM
854 586 994 628 solum
1025 585 1108 627 hoc
1138 599 1295 627 nomen
1326 586 1410 640 est,
1442 584 1556 640 quod
1586 585 1748 627 dictum
1775 601 1800 628 a
1825 585 2021 641 Vergilio

317 658 361 700 in
392 658 512 700 nullo
545 657 631 700 alio
663 656 876 713 reperitur
909 659 1098 699 auctore.
1148 670 1250 698 sane
1281 655 1431 711 lingua
1456 655 1568 698 Osca
1593 655 1793 698 Lucetius
1826 658 1892 699 est
1922 656 2021 712 Iup-

317 728 447 783 piter,
487 728 627 771 dictus
666 743 691 770 a
733 728 845 782 luce,
886 743 1016 783 quam
1052 730 1274 784 praestare
1311 727 1560 769 hominibus
1600 727 1766 769 dicitur.
1826 728 1918 783 ipse
1956 731 2022 770 est

317 803 466 842 nostra
498 799 647 856 lingua
679 799 918 855 Diespiter,
949 799 992 841 id
1025 801 1093 842 est
1124 799 1207 841 diei
1239 800 1380 854 pater:
1419 797 1628 840 Horatius
1660 813 1875 855 namque
1906 798 2022 840 Die-

318 871 481 926 spiter
512 871 813 927 plerumque
844 886 932 926 per
964 885 1156 926 purum.

436 942 533 985 569.
584 959 652 984 HIC
679 959 820 985 IACVLO
846 958 971 985 BONVS
1000 942 1157 983 nescias
1187 942 1234 983 de
1264 955 1342 995 quo
1373 941 1534 983 dixerit.

436 1013 534 1054 570.
585 1024 771 1055 CAENEA
813 1021 1007 1055 TVRNVS‘
1034 1023 1216 1055 TVRNVS
1257 1024 1368 1054 ITYN
1409 1015 1458 1054 ut
1501 1013 1563 1054 ait
1601 1012 1792 1054 Lucilius
1836 1013 2021 1055 bonum

318 1083 521 1125 schema
560 1086 654 1138 est,
693 1084 937 1139 quotiens
971 1098 1152 1125 sensus
1185 1083 1419 1125 variatur
1449 1084 1499 1124 in
1530 1083 1814 1126 iteratione
1846 1084 2023 1127 verbo-

316 1169 442 1210 rum,
473 1158 517 1196 et
540 1156 592 1197 in
614 1155 721 1208 fine
743 1156 942 1209 positus
965 1155 1214 1208 sequentis
1238 1155 1305 1197 sit
1329 1155 1600 1211 exordium,
1631 1156 1715 1209 qui
1739 1156 2024 1210 appellatur

315 1226 509 1269 elimam.

434 1298 532 1341 572.
582 1310 671 1341 PRO
698 1310 928 1341 TVRRIBVS
962 1300 1037 1341 aut
1064 1312 1143 1353 pro
1170 1298 1415 1340 defensione
1441 1298 1644 1340 turrium:
1677 1300 1751 1340 aut
1777 1299 1837 1341 sic
1863 1299 2023 1355 magni,

315 1371 364 1411 ut
395 1371 537 1411 turres
568 1372 755 1425 putares.

433 1441 532 1483 573.
581 1453 731 1484 HASTA
753 1453 1025 1483 THEMILLAE
1047 1441 1285 1483 Themillas
1305 1440 1555 1494 Themillae,
1580 1444 1628 1484 ut
1646 1441 1817 1483 Aeneas
1838 1441 2023 1486 Aeneae.

315 1511 454 1555 ‘levis'
487 1515 631 1555 autem
659 1511 817 1555 ‘hasta'
850 1527 928 1568 pro
956 1512 1124 1555 ‘leviter
1149 1512 1358 1555 veniens':
1396 1512 1506 1554 unde
1533 1515 1576 1554 et
1601 1512 1869 1555 ‘strinxerat’
1902 1513 2023 1569 dixit,

314 1583 357 1625 id
389 1587 457 1626 est
487 1584 711 1639 paululum
743 1584 1063 1639 vulneraverat,
1096 1587 1143 1626 ut
1174 1584 1242 1637 <X
1263 1584 1379 1639 478>
1411 1584 1615 1626 tandem
1651 1584 1803 1626 etiam
1839 1598 2021 1639 magno

316 1656 533 1698 strinxit
563 1656 620 1698 de
653 1671 866 1711 corpore
898 1656 1069 1699 Turni.

433 1728 532 1770 574.
582 1739 770 1770 DEMENS
803 1728 875 1783 qui
908 1730 1075 1770 scutum
1109 1742 1193 1783 quo
1227 1742 1271 1769 se
1303 1728 1524 1783 tuebatur,
1559 1727 1725 1769 abiecit.

433 1799 531 1841 575.
581 1810 686 1841 ALIS
718 1798 883 1854 pennis,
1274 1791 1276 1794 ’

432 1870 531 1912 576.
581 1882 738 1913 LAEvo
764 1882 942 1912 ADFIXA
967 1882 1051 1913 EST
1077 1882 1248 1912 LATnm
1275 1869 1464 1912 ostendit
1490 1870 1681 1912 vulneris
1708 1870 1868 1924 locum,
1895 1884 2021 1925 quem

315 1943 416 1983 ante
448 1943 757 1997 suppresserat.
814 1942 876 1984 sic
908 1942 953 1983 in
986 1944 1141 1997 quarto
1175 1942 1319 1996 <689>
1351 1941 1572 1983 infixum
1604 1941 1783 1983 stridit
1815 1941 1905 1983 sub
1937 1956 2022 1996 pe-

314 2015 456 2055 ctore
487 2013 684 2055 vulnus.

432 2085 530 2127 577.
581 2095 877 2127 SPIRAMENTA
909 2095 1086 2126 ANIMAE
1118 2084 1311 2126 definitio
1342 2084 1607 2140 pulmonum.

431 2156 531 2198 579.
582 2167 740 2198 PICTVS
768 2167 858 2198 Acv
886 2166 1175 2197 CHLAMYDEM
1206 2155 1288 2198 hoc
1314 2157 1382 2197 est
1406 2155 1571 2197 habens
1599 2155 1866 2210 chlamydem
1890 2155 2021 2211 Phry-

313 2226 446 2282 giam,
483 2229 533 2268 ut
564 2227 658 2282 <111
690 2227 807 2281 484>
841 2229 891 2269 et
928 2226 1205 2282 Phrygiam
1243 2226 1468 2269 Ascanio
1506 2226 1836 2281 chlamydem.
1896 2230 1935 2268 et
1963 2230 2021 2269 est

310 2299 536 2353 fiyuratum
568 2297 715 2351 ‘pictus
745 2296 1026 2353 chlamydem'.
1134 2309 1401 2340 FERRVGINE
1436 2309 1609 2339 GLARvs
1641 2308 1812 2339 HIBERA
1843 2297 2018 2354 ferrugo

336 2358 351 2375 N

411 2419 427 2449 1
455 2425 571 2460 agger
597 2442 604 2449 .
627 2443 663 2451 ..
664 2414 842 2507 qrepleri]
870 2425 982 2450 exscr.
1011 2413 1095 2449 Isid.
1124 2425 1174 2449 or.
1201 2413 1269 2448 XV
1297 2418 1329 2458 9,
1355 2419 1376 2449 3
1407 2416 1419 2460 ΙΙ
1457 2418 1477 2448 5
1504 2425 1591 2449 sane
1619 2443 1626 2450 .
1714 2413 1787 2450 diei
1813 2415 1936 2461 pater]
1972 2415 2017 2450 cf.

313 2462 407 2497 Gell.
434 2461 467 2496 V
495 2466 551 2507 12,
577 2467 597 2496 5
618 2474 660 2506 sq
737 2464 748 2508 ΙΙ
793 2467 811 2497 ’1
839 2461 1030 2506 Horatius]
1063 2471 1175 2497 carm.
1201 2460 1217 2494 I
1244 2466 1300 2506 34,
1327 2466 1347 2496 5
1384 2464 1396 2507 u
1441 2466 1485 2496 10
1510 2442 1691 2508 Lucilius]
1719 2461 1781 2498 lib.
1810 2462 1859 2496 IX
1885 2462 2017 2508 fragm.

310 2508 465 2544 XXXIV
490 2474 660 2555 Miiell.1q]
664 2474 718 2544 q17
747 2520 958 2544 s'rnmxumvr
982 2508 1176 2554 paululum
1201 2509 1478 2555 vulneraverat]
1506 2508 1552 2543 cf.
1579 2508 1673 2544 Non
1699 2521 1734 2554 p.
1761 2513 1907 2555 403,12
1932 2509 1981 2546 Μ.
2007 2510 2019 2556 Ι]

311 2560 356 2592 28
382 2556 532 2601 fen-ugo
559 2584 595 2592 ..
617 2584 624 2591 .
652 2556 866 2602 subnigrae]
894 2555 940 2590 cf.
967 2555 1053 2590 Isid.
1080 2567 1130 2591 or.
1159 2554 1244 2590 XIX
1270 2560 1327 2601 28,
1353 2560 1374 2591 6
1400 2558 1438 2592 et
1463 2555 1548 2591 XIV
1573 2561 1607 2599 3,
1634 2560 1678 2592 36

409 2667 426 2698 1
453 2662 507 2698 rei
532 2675 598 2699 om.
626 2662 666 2697 F
681 2664 694 2709 ΙΙ
713 2662 916 2698 cumulatio
942 2662 982 2696 F
997 2663 1010 2709 ΙΙ
1028 2666 1050 2696 4
1076 2674 1234 2697 chn'rvu
1259 2662 1300 2697 F
1316 2664 1327 2709 ΙΙ
1346 2663 1383 2709 a]
1412 2675 1493 2698 cum
1521 2663 1561 2697 H
1579 2665 1591 2709 ss
1610 2663 1767 2708 uergilio
1794 2663 1836 2699 F
1850 2666 1862 2711 ΙΙ
1890 2668 1912 2699 5
1937 2675 2016 2710 rel—³

311 2710 452 2755 peritur
477 2710 563 2746 RF
595 2709 804 2755 reperiatur
828 2709 957 2745 ASM
989 2709 1245 2762 ieperiebatur
1269 2710 1304 2744 L
1342 2710 1579 2755 repperiebat
1603 2711 1648 2746 H
1670 2712 1682 2758 ΙΙ
1709 2711 1871 2746 lucecius
1897 2712 1926 2747 S
1960 2677 2015 2747 li1-

313 2758 471 2793 cretium
497 2758 543 2792 H
556 2759 568 2804 ΙΙ
587 2762 608 2793 6
635 2757 771 2793 dicitur
794 2757 1007 2792 hominibus
1029 2757 1069 2791 F
1084 2759 1096 2802 ΙΙ
1114 2756 1196 2802 ipse
1222 2759 1280 2793 est
1307 2757 1407 2792 enim
1431 2760 1561 2793 nostra
1586 2759 1625 2792 D
1643 2760 1655 2805 ΙΙ
1676 2763 1695 2793 7
1722 2758 1811 2803 diei]
1838 2758 1917 2794 dies
1944 2758 1984 2793 F
2006 2759 2017 2804 Η

312 2810 332 2840 9
359 2806 409 2841 ad
432 2818 492 2840 mc
517 2818 541 2841 1.
567 2817 595 2840 s.
620 2816 653 2841 v.
679 2805 718 2840 id
745 2806 802 2840 est
826 2804 922 2840 alter
947 2805 992 2839 de
1017 2804 1093 2839 illis
1119 2803 1262 2840 duobus
1291 2804 1324 2839 T
1349 2807 1362 2850 ΙΙ
1401 2810 1444 2840 10
1473 2818 1543 2840 rrm
1568 2805 1625 2841 Rz
1662 2818 1753 2840 ism-m
1779 2806 1812 2839 L
1849 2818 1950 2840 svrm
1976 2806 2022 2840 H

310 2865 389 2888 wrm
417 2853 466 2887 M
472 2852 513 2887 F
533 2854 546 2898 ΙΙ
578 2857 620 2888 11
648 2863 774 2888 scema
798 2852 933 2887 RLM
956 2853 968 2896 ΙΙ
999 2851 1143 2896 quoties
1169 2851 1206 2886 R
1243 2853 1419 2896 quociens
1446 2852 1487 2887 F
1506 2854 1519 2898 ΙΙ
1550 2852 1763 2898 verborum]
1789 2852 1957 2888 uariatur
1983 2853 2016 2887 L

310 2902 416 2945 (corr.
437 2901 462 2943 l)
481 2901 494 2945 ΙΙ
514 2904 557 2935 15
583 2903 723 2935 turrem
750 2899 791 2935 F
823 2899 956 2935 turrim
976 2898 1182 2944 Stephanus
1200 2903 1233 2934 et
1251 2900 1390 2935 Daniel
1408 2902 1419 2946 ΙΙ
1441 2904 1482 2935 17
1510 2901 1552 2934 ut
1577 2899 1802 2934 extrinxerat
1827 2899 1922 2934 dixit
1942 2899 1983 2934 F
2013 2902 2016 2947 Α

311 2947 526 2993 strinxerat]
554 2948 782 2983 extrinxerat
806 2947 879 2982 AS
903 2948 1008 2992 (οων.
1029 2948 1066 2990 ιι)
1084 2947 1098 2991 u
1129 2950 1171 2981 18
1197 2947 1388 2991 paulolum
1414 2947 1488 2982 AS
1496 2947 1545 2981 M
1567 2948 1671 2991 (οοφνν.
1693 2948 1730 2991 a)
1767 2946 1921 2991 paulum
1942 2947 1982 2982 F
2010 2948 2014 2995 Ι

311 2998 357 3030 20
384 3005 457 3039 quo
482 2995 639 3039 tegebat
663 2995 704 3030 F
738 3006 811 3039 quo
838 3005 878 3030 se
902 2993 1058 3038 tegebat
1082 2994 1220 3028 Daniel
1238 2996 1250 3041 ΙΙ
1270 2998 1311 3029 21
1340 2995 1465 3047 pinnis
1484 2994 1572 3029 HF
1587 2995 1599 3039 ΙΙ
1618 2998 1662 3028 23
1689 3005 1756 3038 sup
1776 2993 1810 3027 L
1828 2994 1840 3039 ΙΙ
1865 2998 1910 3029 25
1935 2995 2016 3039 pul-

311 3042 481 3098 monum]
507 3042 719 3098 pplmorum
740 3042 787 3078 F.
826 3042 914 3086 quia
938 3040 1074 3076 dicitur
1100 3042 1180 3085 (sic)
1205 3052 1228 3076 a
1253 3041 1428 3086 spirando
1454 3040 1478 3076 i.
1504 3052 1534 3075 e.
1561 3051 1584 3075 a
1608 3041 1734 3085 pulsu,
1762 3039 1858 3076 sicut
1882 3053 2014 3086 graece

310 3088 497 3173 wlsi
515 3086 1019 3182 “1⁶⁰Azssssnzzvssfifassdtess
1036 3089 1377 3180 ‹l'mssqfiffli's‘sfoffda
1364 3087 2015 3181 zsffssaassz‘}33¹ff¹fflg1i1¹xfflc²1affi1'¹

311 3184 396 3219 dem
423 3184 473 3219 M
495 3185 508 3229 ΙΙ
538 3187 582 3219 27
609 3185 684 3219 ut.
706 3208 742 3220 .-.
771 3183 1006 3228 chlamydem
1032 3193 1099 3218 om.
1128 3183 1176 3217 M
1199 3184 1211 3228 ΙΙ
1241 3183 1415 3228 frigidam
1442 3182 1482 3217 F
1498 3184 1510 3228 ΙΙ
1542 3184 1580 3217 et
1605 3184 1662 3217 est
1686 3183 1866 3228 figuratus
1891 3184 2013 3229 pictus

312 3231 473 3267 clamide
498 3231 547 3275 F,
572 3242 664 3268 corr.
685 3232 890 3268 Masvicius
