2092 3614
242 694 262 725 5

222 1052 265 1084 10

221 1408 265 1441 15

220 1768 267 1800 20

222 2127 267 2159 25

224 2484 270 2517 30

288 291 375 333 456
1062 290 1224 327 SERVII

409 401 507 442 642.
556 418 638 444 AVT
661 418 764 448 QVAE
787 410 940 444 SOPITO'S
963 419 998 443 D.
1027 418 1058 444 s.
1083 418 1113 443 s.
1146 399 1264 454 ‘quac
1282 399 1459 443 somnia’
1481 415 1558 455 pro
1584 400 1744 455 ‘qualia
1762 401 1999 458 insomnia',

287 486 392 526 quae
414 486 493 526 per
523 486 713 515 somnum
742 472 935 515 videmus.

409 544 506 586 643.
557 555 777 586 EXVLTAT
811 542 1047 585 ‘exultare'
1088 545 1156 585 est
1195 542 1401 599 gaudere,
1439 545 1483 585 et
1519 558 1596 599 per
1633 558 1678 586 se
1710 545 1884 599 plenum
1915 547 1999 587 est:

287 630 388 658 nam
422 614 661 658 ‘insultare'
695 617 762 658 est
792 614 969 658 irridere
1000 614 1214 657 inimicos.
1259 617 1303 656 et
1335 614 1515 657 dicimus
1547 614 1726 658 ‘insulto
1758 614 1868 669 tibi'‚
1899 615 2001 658 licet

290 684 521 729 Sallustius
549 686 704 729 dixerit
728 686 920 729 multos
953 686 1013 728 ab
1046 685 1408 728 adulescentia
1439 686 1599 729 bonos
1630 686 2000 729 insultaverat:

290 758 489 813 quamvis
526 758 667 814 possit
702 757 792 800 illic
831 757 917 800 alia
955 772 1047 800 esse
1087 757 1365 814 significatio,
1405 757 1450 799 id
1490 759 1558 800 est
1595 757 1640 800 in
1672 758 1831 800 multos
1862 758 2000 801 bonos

290 829 595 886 insultaverat,
624 829 705 872 hoc
738 832 806 872 est
835 829 1047 884 impetum
1078 829 1252 871 fecerat.

410 901 510 944 644.
559 913 846 952 INRITATQVE
873 913 1021 944 vuzvn
1046 912 1180 944 'rems
1213 900 1309 943 ideo
1336 900 1417 943 hac
1443 902 1535 942 arte
1562 901 1653 956 agit
1678 900 1788 944 Iuno
1821 903 1863 943 et
1894 901 1999 943 ima-

290 972 389 1028 gine
427 971 588 1028 decipit
619 971 832 1028 Turnum,
873 972 974 1028 quia
1014 972 1050 1014 si
1089 972 1128 1014 ei
1166 987 1218 1014 ex
1250 974 1400 1027 aperto
1438 971 1587 1028 fugam
1626 972 1841 1028 suaderet,
1881 986 2001 1015 more

292 1043 370 1086 viri
401 1044 530 1086 fortis
561 1044 635 1086 ille
673 1044 802 1099 fugae
840 1046 1126 1099 praeponeret
1163 1045 1365 1098 mortem,
1403 1057 1500 1085 cum
1539 1044 1794 1098 praesertim
1832 1044 1925 1099 ipse
1956 1043 2002 1086 in

292 1115 573 1171 sequentibus
607 1115 722 1158 dicat
753 1114 866 1169 <XII
899 1114 1015 1170 646>
1048 1129 1206 1171 usque
1239 1114 1430 1156 adeone
1462 1114 1591 1157 mori
1623 1114 1863 1157 miserum
1896 1115 2002 1158 est?

410 1188 508 1230 648.
559 1198 793 1230 TVRBIDVS
826 1186 967 1229 elatus
1001 1186 1279 1242 adrogantia,
1310 1188 1494 1229 tumens.

409 1259 508 1302 649.
557 1275 699 1302 moros
726 1272 837 1301 nnnc
861 1259 1096 1313 passivum,
1126 1261 1174 1301 nt
1204 1257 1340 1312 ‘pacta
1363 1256 1536 1312 puella'.

411 1330 510 1373 650.
561 1341 741 1373 'rssnnvs
783 1341 1013 1381 QVAEsrrA
1053 1342 1143 1372 PER
1183 1340 1339 1373 VNDAs
1383 1330 1445 1372 sic
1488 1329 1594 1372 alibi
1637 1328 1750 1384 <XII
1782 1330 1898 1385 359>
1943 1346 2003 1372 en

292 1414 447 1457 agros
490 1403 539 1444 et
579 1415 728 1457 quam
768 1400 927 1452 bello,
965 1399 1204 1457 Troiane,
1244 1399 1431 1456 petisti
1471 1399 1775 1456 Hesperiam
1820 1401 2003 1444 metire

290 1473 479 1516 iacens.

412 1544 510 1587 651.
561 1555 857 1588 VOCIFERANS
890 1555 1124 1594 SEQVITVR
1158 1557 1340 1599 sequens
1373 1543 1609 1600 clamabat,
1643 1559 1730 1587 non
1763 1547 1863 1587 ante
1895 1544 2004 1587 dixit

292 1618 335 1659 et
366 1616 427 1659 sic
460 1619 527 1658 est
558 1617 742 1658 secutus,
1001 1628 1004 1631 ·

411 1686 510 1730 652.
558 1698 649 1729 NEC
688 1698 838 1729 FERRE
877 1698 1020 1730 vmm·
1059 1698 1146 1730 SVA
1184 1697 1363 1729 GAVDIA
1402 1698 1585 1729 VENTos
1624 1686 1899 1742 proverbium
1938 1690 2004 1730 est

292 1759 426 1802 ‘venti
459 1759 603 1802 ferunt
633 1758 820 1814 gaudia'‚
853 1758 896 1800 id
929 1760 995 1800 est
1025 1758 1212 1801 laetatur
1244 1758 1481 1800 incassum:
1515 1758 1576 1801 sic
1608 1773 1740 1814 supra
1771 1758 1861 1813 <IX
1886 1758 2002 1814 310>

293 1831 379 1874 sed
418 1845 572 1873 aurae
614 1829 782 1873 omnia
821 1829 1143 1886 discerpunt,
1183 1830 1289 1873 item
1321 1829 1413 1884 <ΧΙ
1446 1829 1560 1885 794>
1598 1833 1796 1886 partem
1837 1832 2004 1872 mente

294 1902 454 1958 dedit,
486 1903 686 1958 partem
716 1902 953 1944 volucres
986 1900 1321 1957 dispersit-in
1353 1916 1517 1943 auras.

413 1974 512 2017 653.
562 1985 715 2016 FORTE
747 1985 883 2017 RATIS
922 1973 1156 2029 descriptio
1194 1988 1271 2029 per
1301 1974 1559 2028 parecbasin
1591 1972 1724 2029 facta,
1764 1987 1850 2015 non
1889 1973 2003 2015 enim

293 2063 319 2090 a
357 2045 652 2102 superioribus
688 2045 866 2101 pendet,
911 2045 986 2088 sed
1024 2047 1123 2088 ante
1162 2044 1288 2088 dictis
1327 2044 1594 2101 adiungitur,
1636 2046 1684 2087 ut
1721 2043 1855 2098 <VIII
1887 2043 2003 2099 416>

294 2117 467 2160 insula
488 2115 750 2160 Sicanium
777 2117 924 2160 iuxta
949 2117 1100 2160 latus.
1144 2117 1224 2159 has
1250 2118 1396 2159 autem
1423 2115 1731 2171 descriptiones
1759 2130 1852 2159 esse
1879 2117 2004 2171 aptas

295 2192 338 2232 et
361 2204 484 2232 raras
510 2188 727 2244 convenit,
758 2189 869 2232 sicut
901 2189 1033 2231 etiam
1059 2187 1269 2231 Horatius
1296 2187 1422 2230 docet
1452 2187 1498 2229 in
1523 2190 1614 2230 arte
1645 2187 1827 2243 poetica,
1858 2186 2002 2229 dicens

295 2261 409 2316 <15>
441 2274 731 2317 purpureus
769 2259 876 2303 late
916 2259 1001 2315 qui
1041 2258 1311 2314 splendeat
1348 2273 1477 2302 unus
1516 2261 1565 2300 et
1597 2258 1733 2301 alter
1770 2258 2006 2302 adsuitur

294 2347 510 2388 pannus:
544 2319 645 2374 sunt
676 2331 790 2374 enim
822 2331 1006 2374 ornatui.
1110 2342 1359 2373 GREPIDINE
1393 2342 1501 2373 SAXI
1532 2329 1702 2385 crepido
1735 2331 1801 2372 est
1832 2329 2005 2384 abrupti

297 2404 402 2447 saxi·
422 2403 618 2447 altitudo.
667 2403 892 2458 crepidines
922 2402 1046 2444 etiam
1078 2402 1320 2456 templorum
1345 2402 1427 2444 dici
1450 2401 1561 2456 ipsos
1583 2404 1809 2456 suyyestns,
1839 2401 1886 2443 in
1916 2401 2003 2454 qni-

295 2476 369 2518 bns
392 2476 509 2518 aedes
533 2477 632 2517 sunt
655 2474 904 2517 conlocatae:
936 2476 975 2516 et
998 2473 1221 2527 crepidines
1245 2473 1428 2527 viarum,
1458 2473 1506 2516 id
1533 2475 1591 2514 est
1620 2472 1734 2525 ipsae
1764 2472 2005 2515 eminentiae

296 2640 312 2674 I
336 2639 372 2675 'd
392 2596 412 2627 5
440 2590 765 2674 sa}¹iffi{⁸]3hi³t'
788 2589 859 2626 inc.
881 2593 926 2625 83
946 2588 990 2626 D.
1016 2592 1061 2624 50
1082 2588 1143 2624 Kr.
1163 2590 1175 2634 ss
1194 2592 1240 2624 28
1261 2588 1411 2634 crepido
1432 2591 1490 2625 est
1510 2600 1540 2626 e.
1563 2600 1596 2634 q.
1618 2601 1645 2625 s.
1667 2600 1726 2635 ap.
1748 2588 1867 2634 Serv]
1889 2599 2003 2624 exscr.

316 2652 347 2675 Sl
376 2667 383 2675 .
410 2650 462 2675 or.
626 2667 635 2683 ,

397 2750 415 2782 1
441 2746 526 2792 pro]
551 2757 619 2791 per
645 2745 679 2781 G
708 2745 720 2791 11
751 2748 772 2779 2
797 2743 880 2790 per]
907 2753 974 2787 pro
1003 2742 1038 2778 G
1067 2744 1080 2790 ss
1111 2747 1133 2778 4
1158 2754 1232 2780 non
1257 2743 1436 2779 insultare
1463 2744 1501 2779 et
1525 2742 1684 2779 inridere
1711 2743 1752 2778 F
1775 2744 1788 2790 ΙΙ
1819 2746 1840 2779 5
1866 2743 2003 2778 multos

299 2806 366 2830 om.
392 2793 522 2830 ΑΒΜ
535 2794 548 2839 ΙΙ
566 2794 614 2828 ab
639 2803 706 2828 om.
729 2791 765 2826 R
784 2791 796 2837 ΙΙ
815 2790 1063 2826 aduliscentia
1087 2790 1171 2826 LF
1204 2791 1394 2827 adulescia
1419 2792 1464 2826 H
1478 2792 1490 2837 ΙΙ
1507 2790 1770 2837 insultaverat]
1797 2790 2005 2826 sultaucrat

301 2842 342 2878 F
357 2843 368 2888 ΙΙ
400 2846 420 2877 6
447 2839 616 2885 quamvis
642 2868 650 2875 .
673 2867 680 2874 .
702 2865 710 2874 .
737 2838 985 2874 insultaverat
1009 2849 1075 2874 om.
1095 2838 1136 2873 F
1151 2839 1164 2884 ΙΙ
1195 2838 1466 2884 significatione
1493 2839 1584 2875 coni.
1611 2838 1851 2884 Dietschiusfl
1881 2836 1923 2872 id
1946 2838 2004 2872 est

303 2917 311 2926 .
327 2916 335 2924 .
351 2917 359 2924 .
379 2889 520 2924 fecerat
543 2898 607 2923 om.
630 2886 760 2922 RLH
782 2886 882 2932 (add.
903 2886 928 2931 l)
947 2887 960 2931 ΙΙ
980 2890 999 2921 7
1021 2886 1254 2922 exultauerat
1272 2886 1346 2922 AS
1362 2888 1374 2933 ΙΙ
1394 2890 1414 2922 8
1434 2886 1504 2922 hoc
1524 2886 1564 2921 F
1616 2890 1637 2920 9
1658 2885 1804 2930 decepit
1826 2885 1870 2920 H
1883 2885 1895 2931 ΙΙ
1914 2884 2004 2930 quia

301 2936 351 2983 si]
378 2935 485 2981 quasi
509 2934 597 2970 HF
612 2936 625 2979 ΙΙ
658 2937 701 2970 10
726 2933 838 2979 fugae
862 2944 929 2969 om.
955 2933 1043 2968 LH
1047 2934 1096 2968 M
1120 2934 1218 2980 (add.
1245 2935 1272 2980 l)
1292 2935 1304 2980 ΙΙ
1335 2937 1380 2969 16
1404 2933 1504 2969 iaces
1529 2933 1564 2968 L
1615 2960 1627 2977 ,
1653 2943 1743 2969 corr.
1769 2933 1812 2977 ΖΙΙ
1842 2936 1884 2967 17
1910 2932 2006 2993 non]

299 2995 387 3020 nam
412 2983 503 3018 LM
521 2983 533 3028 ΙΙ
565 2985 608 3017 18
634 2983 673 3017 et
697 2992 763 3017 om.
790 2980 830 3016 F
846 2982 857 3027 ΙΙ
887 2984 932 3017 20
958 2980 1145 3016 laetantur
1169 2981 1206 3017 R
1224 2982 1236 3028 ΙΙ
1265 2986 1307 3016 21
1335 2980 1547 3026 discrepant
1571 2980 1612 3015 F
1627 2981 1640 3026 ΙΙ
1668 2983 1712 3015 22
1737 2979 1899 3014 uolucris
1925 2979 1995 3014 LB

299 3031 454 3068 uoluens
480 3030 524 3065 H
544 3031 556 3075 ΙΙ
587 3033 631 3064 23
658 3029 856 3074 parebasin
881 3028 971 3063 RH
1000 3028 1216 3073 parentesin
1241 3029 1275 3063 L
1306 3028 1471 3073 (ecbasin
1497 3029 1522 3073 l)
1560 3026 1780 3072 parechasin
1805 3026 1846 3061 F
1866 3027 1879 3073 ΙΙ
1909 3030 1955 3062 24
1981 3037 2004 3062 a

300 3091 365 3115 om.
387 3077 516 3114 ΑΒΜ
538 3078 636 3122 (add.
664 3079 701 3121 a)
720 3077 732 3124 ΙΙ
752 3081 796 3112 26
823 3076 876 3122 et]
904 3076 968 3112 sed
993 3076 1037 3110 H
1052 3076 1064 3122 ΙΙ
1082 3075 1178 3111 sicut
1204 3103 1211 3111 .
1233 3105 1241 3112 .
1264 3104 1271 3112 .
1298 3075 1459 3122 poetica]
1485 3075 1583 3110 sicut
1607 3074 1721 3110 etiam
1745 3073 1784 3109 in
1810 3075 1889 3110 arte
1915 3085 2002 3119 poe-

299 3127 376 3162 tica
401 3125 498 3162 sicut
523 3123 662 3160 aratius
689 3124 798 3160 docet
824 3123 866 3161 F
881 3124 893 3169 ΙΙ
920 3127 965 3159 27
992 3123 1168 3159 adsuetur
1193 3123 1233 3158 F
1248 3125 1261 3169 n
1292 3127 1336 3159 29
1362 3123 1412 3159 ad
1435 3134 1467 3158 v.
1495 3126 1562 3158 653
1588 3122 1630 3157 in
1654 3132 1767 3167 mary.
1795 3121 2003 3168 crepidines

300 3173 474 3210 dicuntur
498 3171 613 3208 etiam
640 3173 835 3217 suggestus
859 3170 900 3207 id
925 3170 983 3207 est
1007 3170 1209 3207 eminentia
1233 3162 1317 3207 loca
1342 3171 1381 3207 in
1406 3168 1538 3215 quibus
1558 3168 1787 3205 collocantur
1805 3170 1927 3206 aedes.
1965 3169 2004 3204 et

301 3220 519 3257 altitudines
544 3219 689 3255 uiarum
717 3219 868 3255 dextera
893 3218 1051 3263 leuaque
1077 3218 1249 3253 dicuntur
1274 3217 1390 3253 etiam
1415 3216 1623 3265 crepidines
1652 3216 1685 3253 T
1713 3218 1725 3262 ΙΙ
1762 3221 1807 3252 30
1832 3216 2002 3253 conlocu-

301 3271 363 3305 tae
390 3268 431 3303 F
451 3269 464 3314 ΙΙ
493 3268 533 3303 id
558 3267 631 3314 est]
657 3266 757 3302 idem
784 3266 824 3302 F
1432 3282 1435 3284 ·
