2124 3600
267 995 311 1026 10

270 1350 312 1383 15

273 1708 319 1740 20

275 2063 322 2096 25

279 2420 324 2452 30

332 235 431 278 102-
1107 231 1270 268 SERVH

329 345 484 388 volunt
514 342 704 386 reverti?
755 343 856 398 quia
886 344 1059 398 potant,
1090 341 1251 397 inquit,
1283 341 1457 383 oblivia.
1508 340 1638 382 etiam
1668 341 1735 382 est
1764 339 1871 381 illud
1904 339 2040 381 ambi-

330 430 482 472 guum:
526 416 602 457 aut
639 417 688 456 ut
723 414 1055 469 praeteritarum
1095 412 1407 455 obliviscantur
1442 426 1698 468 poenarum,
1737 413 1812 454 aut
1849 413 1962 453 certe
1993 413 2042 453 ut

332 487 510 543 ignarae
540 485 675 528 futuri
712 484 903 527 habeant
940 483 1197 526 desiderium
1234 481 1441 525 redeundi
1477 482 1525 524 in
1562 496 1761 537 corpora,
1799 481 1912 537 quod
1950 481 2042 523 sine

332 558 535 614 passione
566 571 654 600 non
684 557 753 599 fit:
783 571 885 598 nam
911 555 1079 597 animus
1110 555 1156 595 in
1189 569 1273 610 quo
1301 556 1367 596 est
1396 554 1561 610 passio,
1593 555 1781 596 meretur
1811 553 1981 595 reverti.

334 641 523 673 CAELVM
554 643 635 685 pro
667 630 763 670 aere
795 629 839 669 et
869 625 1043 668 aethere
1075 625 1241 680 posuit,
1276 627 1323 667 ut
1354 624 1404 680 <1
1439 624 1552 679 133>
1584 624 1684 666 iam
1716 624 1911 666 caelum
1941 626 2042 665 ter-

333 714 555 756 ramque.
683 709 964 748 OAMPOSQVE
997 707 1264 747 movemus
1296 695 1340 737 id
1371 698 1438 738 est
1468 686 1637 738 marias

455 771 551 815 725.
601 780 950 819 LVCENTEMQVE
990 779 1184 810 GLOBVM
1222 779 1379 810 LVNAE
1422 767 1517 810 ideo
1558 782 1662 809 usus
1700 770 1768 809 est
1804 767 2047 823 participio,

335 846 385 886 ut
415 843 616 885 ostendat
653 844 749 884 eam
787 854 911 882 suum
950 840 1095 882 lumen
1133 854 1222 882 non
1258 839 1436 881 habere:
1478 853 1580 881 nam
1612 837 1802 881 ‘lucens'
1836 839 1901 880 est
1933 837 2046 892 quod

337 914 508 958 aliunde
540 913 843 967 inluminatur,
874 910 1080 954 ‘lucibile'
1114 911 1225 966 quod
1256 925 1334 967 per
1360 925 1405 953 se
1431 911 1564 965 lucet,
1595 912 1644 952 ut
1670 908 1899 965 ‘patulum'
1932 908 2047 965 quod

337 1000 507 1041 semper
543 987 684 1040 patet,
722 982 918 1040 ‘patens'
951 983 1065 1039 quod
1098 985 1141 1025 et
1173 983 1366 1038 aperitur
1397 984 1440 1024 et
1472 981 1704 1037 clauditur,
1735 983 1783 1024 ut
1815 981 1947 1035 oculi,
1986 994 2046 1022 os.

337 1055 546 1114 ‘globum'
579 1057 727 1098 autem
757 1055 871 1111 ideo,
910 1055 1012 1111 quia
1043 1055 1200 1098 dicitur
1231 1055 1335 1096 luna
1366 1049 1659 1110 σφαιροειδὴς
1690 1067 1795 1095 esse.
1917 1062 2047 1093 ΤΙΤΑ-

338 1140 513 1180 NIAQVE
544 1138 691 1170 ASTRA
731 1129 806 1175 aut
844 1126 995 1169 stellas
1035 1126 1156 1182 dicit,
1195 1128 1270 1168 aut
1307 1125 1459 1179 solem,
1498 1139 1626 1180 quem
1665 1126 1708 1167 et
1740 1138 1871 1179 supra
1901 1121 2046 1177 (580)

337 1215 471 1243 unum
502 1200 637 1242 fuisse
670 1198 720 1240 de
753 1198 980 1241 Titanibus
1013 1198 1212 1240 diximus.
1423 1253 1425 1255 Ι

460 1271 557 1314 726.
607 1281 813 1313 SPIRITVS
847 1269 1016 1312 divinus
1044 1269 1219 1312 scilicet.
1270 1270 1313 1310 et
1338 1283 1470 1310 unum
1498 1270 1563 1310 est
1595 1267 1684 1310 sive
1709 1268 1898 1309 mentem
1924 1265 2050 1320 dicat,

339 1344 429 1386 sive
461 1342 670 1397 animum,
702 1341 793 1384 sive
826 1340 1040 1397 spiritum.
1154 1352 1288 1383 IN'rvs
1320 1352 1428 1382 ALIT
1461 1341 1636 1394 vegetat
1667 1341 1711 1380 et
1741 1338 1787 1380 in
1819 1336 2048 1380 aeternita-

340 1418 428 1457 tem
467 1413 675 1469 custodit,
713 1413 816 1468 quia
853 1412 1013 1455 mixtus
1046 1414 1113 1457 est
1145 1415 1187 1454 et
1217 1412 1337 1454 nulla
1369 1426 1469 1466 pars
1503 1413 1570 1453 est
1601 1409 1803 1452 elementi
1835 1409 1926 1452 sine
1959 1408 2050 1451 deo.

430 1486 520 1528 PER
550 1496 699 1527 AR'rvs
730 1498 808 1539 per
838 1483 1071 1540 elementa,
1103 1498 1212 1539 quae
1244 1483 1440 1525 membra
1472 1485 1572 1524 sunt
1603 1481 1768 1524 muudi:
1810 1479 2052 1535 corporalia

342 1571 528 1613 namque
561 1558 680 1611 sunt,
712 1556 870 1611 quippe
903 1570 1011 1611 quae
1044 1556 1227 1610 possunt
1257 1553 1405 1596 videri.

464 1629 562 1670 727.
610 1639 734 1669 MENS
767 1638 945 1669 AGITAT
977 1638 1145 1670 MOLEM
1185 1625 1529 1681 magnitudinem
1566 1624 1715 1666 mundi
1747 1639 1867 1667 mens
1900 1624 2052 1680 agitat.

346 1702 390 1742 et
421 1700 477 1755 si,
514 1701 564 1741 ut
595 1697 744 1741 Cicero
778 1698 883 1740 dicit
912 1698 957 1739 in
989 1697 1245 1739 Tusculanis
1277 1696 1326 1750 <I
1357 1696 1461 1751 23>‚
1500 1698 1722 1738 aeternum
1754 1697 1821 1737 est
1853 1693 2054 1751 quicquid

343 1772 388 1813 in
420 1772 596 1813 aeterno
622 1772 743 1812 motu
770 1771 852 1824 est,
885 1769 977 1811 sine
1009 1768 1138 1811 dubio
1171 1768 1301 1811 etiam
1334 1767 1504 1809 animus
1538 1768 1737 1808 aeternus
1769 1769 1852 1809 est:
1885 1780 2054 1821 semper

345 1841 460 1884 enim
491 1841 536 1883 in
567 1843 689 1883 motu
721 1843 805 1895 est,
837 1839 943 1882 adeo
977 1841 1024 1880 ut
1055 1853 1108 1880 ne
1139 1839 1264 1881 nobis
1297 1839 1468 1894 quidem
1501 1837 1820 1894 quiescentibus
1853 1836 2053 1892 conquie-

346 1916 451 1956 scat.
549 1924 713 1955 MAGNO
741 1923 793 1954 SE
820 1922 1034 1954 CORPORE
1061 1921 1231 1953 MISCET
1265 1912 1339 1952 aut
1371 1909 1601 1965 antiptosis
1634 1911 1699 1951 est
1730 1923 1808 1964 pro
1840 1907 2055 1963 ‘corpori'‚

345 1987 394 2026 ut
426 1984 494 2039 <X
527 1983 642 2038 361>
674 1984 857 2026 haeret
886 1982 1010 2037 pede
1042 1996 1131 2038 pes
1165 1982 1452 2037 densusque
1485 1982 1594 2024 viro
1626 1980 1723 2023 vir:
1763 1980 1876 2035 quod
1908 1979 2054 2035 potius

346 2055 602 2099 credendum
628 2058 713 2098 est:
747 2056 822 2097 aut
845 2057 962 2097 certe
989 2054 1224 2097 secundum
1250 2068 1323 2096 eos
1349 2053 1517 2096 locutus
1544 2054 1627 2107 est,
1658 2051 1731 2107 qui
1757 2052 1903 2094 dicunt
1928 2051 2055 2093 deum

347 2127 616 2183 corporalem
660 2141 753 2169 esse
798 2128 841 2169 et
885 2141 980 2168 eum
1025 2126 1088 2167 ita
1125 2125 1334 2167 definiunt
1369 2125 1458 2181 πῦρ
1496 2120 1678 2180 νοερὸν,
1722 2123 1766 2164 id
1792 2125 1871 2166 -est
1907 2123 2052 2178 ignem

349 2198 603 2241 sensualem.
653 2196 766 2253 quod
794 2197 831 2239 si
857 2211 1005 2239 verum
1031 2199 1115 2251 est,
1148 2210 1303 2251 corpus
1336 2198 1419 2250 est,
1451 2209 1530 2237 nec
1561 2209 1638 2250 per
1665 2194 1902 2249 antiptosin
1935 2193 2055 2248 dixit,

349 2269 424 2311 sed
454 2284 531 2324 per
562 2268 854 2310 definitionem
887 2267 1062 2324 ‘magno
1095 2266 1302 2322 corpore',
1333 2267 1377 2308 id
1410 2269 1475 2307 est
1506 2280 1595 2308 non
1627 2265 1854 2307 communi.

471 2341 567 2382 728.
617 2351 729 2381 INDE
762 2351 982 2383 HOMINVM
1012 2350 1329 2389 PECVDVMQVE
1364 2348 1512 2380 GENVS
1552 2337 1602 2378 de
1635 2338 1840 2391 quattuor
1871 2336 2056 2377 elemen-

349 2412 406 2454 tis
439 2413 482 2453 et
513 2410 603 2453 deo,
892 2413 903 2421 '

449 2508 490 2539 11
517 2503 672 2550 globum
699 2531 706 2538 .
728 2532 736 2540 .
759 2532 765 2539 .
793 2501 1054 2549 σφαιροειδής]
1082 2503 1252 2541 οΐ.,Νοη.
1278 2515 1313 2549 p.
1340 2506 1421 2547 432,
1443 2506 1487 2537 15

448 2592 467 2623 1
494 2587 610 2623 etiam
627 2586 723 2621 illud.
742 2587 800 2621 est
817 2585 854 2621 R
873 2587 884 2632 ΙΙ
903 2589 924 2620 2
945 2587 1011 2621 aut
1030 2586 1073 2620 ut
1115 2587 1181 2621 aut
1203 2586 1252 2621 M
1267 2586 1279 2632 ΙΙ
1298 2587 1363 2620 aut
1382 2586 1483 2620 certe
1502 2585 1676 2630 ignorare
1696 2583 1813 2620 futuri
1832 2584 1875 2619 ut
1892 2583 2058 2619 habeant

353 2635 393 2670 F
401 2635 475 2671 GC
490 2636 502 2682 ΙΙ
521 2639 542 2670 3
568 2633 747 2670 redeundi
772 2632 995 2669 desiderium
1015 2634 1051 2667 A
1095 2633 1184 2669 RH
1198 2635 1210 2680 ΙΙ
1229 2637 1251 2668 4
1276 2632 1379 2679 nam]
1407 2634 1445 2668 et
1465 2633 1514 2667 M
1527 2634 1539 2679 ΙΙ
1558 2636 1579 2667 8
1599 2642 1673 2667 non
1692 2643 1758 2668 om.
1772 2631 1820 2676 R,
1845 2642 1946 2676 supr.
1967 2641 2058 2666 vers.

352 2684 438 2718 add.
463 2694 484 2719 r
507 2683 521 2728 ΙΙ
549 2686 569 2717 9
595 2680 768 2727 lucibile]
794 2680 959 2715 lucidum
985 2680 1183 2716 Bentleius.
1211 2682 1256 2724 cf.
1277 2681 1471 2716 Edmumli
1490 2681 1650 2716 Hedicke
1677 2680 1793 2715 Varia
1812 2690 1852 2724 p.
1874 2682 1893 2713 ’1
1920 2679 2057 2723 (proyr.

352 2741 473 2776 gymn.
495 2729 686 2776 Quedli‘nb.
707 2740 741 2764 a.
763 2729 868 2773 1879)
887 2729 900 2772 ΙΙ
918 2728 1104 2774 patulum]
1131 2729 1169 2763 et
1186 2730 1317 2774 patens
1336 2728 1507 2773 patulum
1528 2730 1585 2763 est
1603 2727 1687 2763 add.
1709 2727 1805 2762 ΕΜ
1821 2727 1832 2772 ΙΙ
1854 2729 1898 2761 10
1918 2726 1957 2760 et
1974 2728 2059 2761 ante

354 2777 519 2822 aperitur
543 2788 610 2812 om.
630 2779 678 2812 M
690 2777 702 2819 ΙΙ
721 2775 824 2817 oculi,
845 2786 886 2810 os
905 2775 994 2810 AS:
1021 2775 1149 2810 oculus
1168 2776 1257 2811 RH
1289 2774 1389 2811 oculi
1413 2775 1464 2809 M
1496 2774 1594 2810 oculi
1619 2779 1639 2810 5
1668 2774 1709 2809 F
1742 2772 1865 2809 occuli
1889 2772 1975 2808 sunt
1995 2771 2027 2808 0

356 2829 399 2859 11
427 2824 604 2860 sferoides
622 2823 744 2859 AFO
778 2821 968 2868 speroides
988 2822 1082 2857 ΒΜ
1118 2823 1326 2868 speroidest
1344 2822 1389 2857 H
1402 2823 1414 2868 11
1435 2827 1477 2858 13
1505 2822 1548 2857 de
1576 2820 1777 2857 dictinibus
1803 2820 1962 2855 diximus
1982 2820 2028 2855 H

357 2875 401 2906 15
427 2873 619 2907 aeternum
645 2871 682 2906 R
707 2872 738 2917 (t
762 2869 1024 2906 aeternitatem
1049 2880 1227 2914 superscr.
1253 2871 1287 2914 r)
1321 2870 1542 2905 aeternitate
1570 2869 1600 2904 Ο
1627 2871 1638 2916 ΙΙ
1674 2874 1715 2904 16
1741 2867 1846 2922 quia]
1874 2879 1949 2913 qua
1976 2867 2025 2902 M

356 2919 395 2954 et
423 2918 528 2953 nulla
558 2929 643 2963 pars
676 2920 734 2953 est
767 2928 834 2953 om.
860 2914 903 2952 H
930 2917 942 2963 ΙΙ
981 2920 1023 2951 17
1055 2927 1150 2961 quae
1182 2918 1350 2953 membra
1381 2918 1467 2952 sunt
1498 2917 1628 2952 mundi
1659 2915 1869 2960 corporalia
1901 2925 2059 2960 corpora

355 2976 516 3010 namque
543 2967 629 3000 sunt
654 2966 704 3001 M
732 2967 744 3012 {1
783 2969 825 3001 18
852 2964 989 3015 quippe
1026 2965 1112 2999 sunt
1143 2975 1238 3008 quae
1271 2966 1429 3010 possunt
1458 2964 1579 2999 uideri
1605 2964 1633 2999 S
1676 2963 1812 3008 quippe
1844 2972 1941 3007 quae
1973 2962 2061 2997 sunt

356 3013 478 3049 uideri
503 3012 544 3047 F
559 3014 571 3059 ΙΙ
591 3017 635 3048 20
662 3012 694 3048 si
719 3014 762 3048 ut
780 3012 918 3048 ASH:
945 3011 1041 3047 sicut
1065 3011 1243 3046 RMFO
1257 3012 1270 3055 ΙΙ
1289 3013 1481 3046 aeternum
1508 3011 1578 3057 est]
1607 3012 1758 3046 aeterna
1783 3009 1991 3053 (aeternum
2011 3009 2058 3053 G)

358 3061 416 3097 est
439 3061 633 3096 aeternum
659 3060 757 3095 enim
784 3062 842 3095 est
867 3059 947 3095 FG
982 3060 995 3105 ΙΙ
1031 3058 1210 3103 quidquid
1237 3058 1354 3093 FGC'
1387 3060 1399 3104 ΙΙ
1436 3062 1479 3092 21
1506 3058 1545 3092 in
1576 3069 1641 3094 om.
1668 3056 1740 3092 AS
1748 3056 1798 3091 M
1829 3057 1943 3101 (supr.
1968 3067 2058 3092 vers.

358 3108 443 3145 add.
469 3108 507 3153 a)
533 3108 545 3154 ss
576 3110 620 3142 22
646 3107 686 3142 in
710 3107 815 3142 motu
841 3109 898 3143 est
923 3135 930 3143 .
953 3136 961 3143 .
983 3134 990 3141 .
1018 3105 1168 3151 quidein
1193 3117 1257 3140 om.
1286 3104 1404 3140 FGG
1428 3106 1440 3151 ΙΙ
1471 3117 1516 3140 ne
1541 3105 1648 3140 nobis
1675 3103 1952 3148 quiescentibus
1979 3103 2059 3148 qui-

359 3156 444 3192 dem
468 3155 505 3190 R
523 3155 535 3202 11
555 3158 599 3190 23
625 3165 778 3199 corpore
804 3154 832 3190 S
850 3156 862 3201 n
881 3158 926 3189 24
952 3154 1040 3199 pedi
1064 3153 1141 3189 FO
1154 3153 1166 3199 ΙΙ
1185 3156 1230 3188 25
1256 3153 1475 3198 seeundum]
1503 3151 1694 3187 sciendum
1714 3150 1754 3185 F
1769 3151 1780 3197 ΙΙ
1799 3154 1844 3186 26
1869 3162 2004 3186 not-:pon
2022 3149 2060 3185 R

361 3203 372 3247 [ζ
395 3207 441 3239 27
468 3202 578 3249 dixit]
605 3201 757 3237 ductum
783 3202 841 3236 est
867 3201 907 3236 F
934 3202 946 3247 ΙΙ
976 3204 1021 3236 28
1048 3211 1200 3246 corpore
1225 3211 1269 3235 ex
1295 3198 1460 3245 eorporis
1484 3199 1521 3234 R
