2092 3614
139 733 175 764 s

332 258 418 299 234
704 250 707 255 '
826 243 836 256 “’
1105 257 1266 293 SERVH

330 363 415 409 ἀπὸ
449 367 527 421 τῆς
558 367 732 420 πείνας,
763 366 808 408 id
840 369 906 409 esta
935 382 961 409 a
985 367 1115 423 fame3
1147 382 1249 409 nam
1282 381 1428 409 senem
1458 366 1582 409 illum
1609 366 1834 410 Pinarium
1867 370 2041 411 constat

330 438 416 480 alio
448 438 622 480 nomine
652 440 960 493 nuncupatum.
1014 438 1116 481 hino
1149 441 1216 480 est
1247 438 1361 493 quod
1393 438 1524 493 paulo
1555 440 1655 494 post
1685 438 1837 481 Potitii
1869 441 2039 482 tantum

328 509 435 551 facit
468 509 939 562 commemorationem,
970 512 1018 552 ut,
1049 509 1318 565 ‘primusque
1350 509 1538 552 Potitius
1570 509 1697 553 ibat'.
1748 510 1862 565 quod
1894 515 2038 553 autem

297 622 300 625 ,
329 580 434 623 dicit
465 580 633 623 ‘domus
658 580 864 624 Herculei
889 583 1032 623 custos
1059 580 1236 623 Pinaria
1262 579 1389 623 saori'
1421 595 1508 623 non
1533 583 1600 622 est,
1626 581 1907 636 coniurarium3
1938 596 2039 624 nam

281 666 302 698 5
332 651 521 694 ‘custos'
562 654 629 694 est
666 652 887 707 ministra,
923 655 972 694 ut
1008 653 1053 694 in
1089 652 1316 694 undecimo
1348 652 1492 707 (836)
1531 655 1583 694 at
1620 651 1827 695 Triviae
1865 655 2039 695 custos

328 723 620 766 iamdudum
651 723 700 765 in
734 724 994 766 montibus
1026 723 1151 779 Opis
1184 724 1291 766 alta
1323 723 1481 776 sedet,
1523 722 1568 765 id
1601 725 1668 765 est
1699 724 1907 766 ministra.
1960 724 2039 766 alii

329 794 482 838 ‘custos
515 795 698 838 Pinaria
727 794 859 837 sacri'
897 796 1055 847 dicunt,
1092 796 1201 849 quod
1235 809 1327 838 cum
1363 809 1442 836 ara
1472 795 1661 837 maxima
1692 795 1824 837 vicino
1855 795 2039 837 incendio

328 866 618 921 conflaqraret,
660 881 688 908 a
718 866 911 909 Pinariis
948 867 1120 909 liberata
1156 867 1222 909 sit.
1283 869 1322 908 et
1350 867 1437 908 ideo
1470 864 1624 908 ‘custos
1653 864 1797 908 sacri'.
1859 865 2042 908 ‘auctor’

329 951 422 980 vero
454 936 675 980 ‘Potitius’
715 938 871 991 quare?
915 951 1017 980 num
1053 938 1161 992 quod
1195 938 1284 980 sine
1318 937 1489 990 familia
1518 937 1769 979 Potitiorum
1804 951 1925 980 sacra
1961 938 2044 980 ista

260 1024 302 1055 10
327 1023 413 1051 non
448 1009 616 1063 fiebant,
653 1010 776 1051 donec
811 1009 904 1051 illos
934 1009 1099 1063 Appius
1132 1008 1332 1052 Claudius
1368 1008 1552 1062 corrupit
1586 1009 1783 1063 pecunia,
1828 1011 1875 1050 ut
1909 1022 2043 1051 servos

320 1080 508 1135 publicos
537 1079 609 1122 hoc
638 1093 803 1122 sacrum
835 1080 1036 1135 docerent,
1070 1083 1238 1133 propter
1273 1080 1382 1133 quod
1417 1080 1569 1122 dicitur
1599 1082 1637 1121 et
1665 1080 1749 1133 ipse
1779 1093 1874 1123 mox
1905 1094 2043 1122 caecus

323 1152 461 1205 factus
491 1155 530 1193 et
560 1151 811 1194 Potitiorum
838 1150 1009 1203 familia
1039 1152 1154 1193 intra
1184 1150 1296 1192 breve
1327 1153 1483 1204 tempus
1513 1151 1703 1192 extincta.

447 1223 548 1265 270.
599 1239 738 1266 cvsros
768 1239 929 1266 PJNARJA
962 1238 1076 1264 SACRI
1102 1222 1272 1275 quidam
1304 1222 1477 1264 tradunt
1504 1222 1593 1264 ideo
1620 1220 1800 1276 ‘custos',
1829 1223 1939 1276 quod
1962 1221 2042 1264 Po-

330 1295 413 1337 titii
442 1307 564 1336 sacra
587 1293 756 1349 publica
785 1294 914 1336 servis
937 1293 1116 1347 publicis
1139 1293 1414 1347 prodiderint.
1469 1296 1507 1335 et
1535 1293 1723 1348 quamvis
1755 1293 1948 1335 tradatur
1978 1307 2044 1336 eos

260 1380 302 1412 15
328 1367 417 1409 ideo
435 1367 493 1408 ad
515 1379 637 1408 sacra
655 1365 850 1407 Herculis
869 1378 953 1407 non
973 1365 1155 1419 admitti,
1180 1365 1290 1418 quod
1310 1365 1442 1407 serius
1471 1365 1670 1419 venerint,
1694 1367 1732 1406 et
1755 1365 1842 1406 ideo
1869 1362 2043 1416 ‘custos',

328 1437 526 1491 quoniam
563 1451 635 1479 nec
668 1436 908 1491 prandendi
944 1436 1162 1478 habuerint
1200 1436 1456 1489 facultatem,
1500 1438 1536 1477 et
1573 1435 1620 1477 id
1657 1436 1778 1488 quasi
1817 1435 2043 1490 irreliqioso

330 1510 474 1551 datum
505 1509 560 1551 sit
588 1509 698 1562 quod
725 1507 986 1562 iynorantiae
1015 1510 1177 1550 eventus
1207 1507 1419 1561 attulerat,
1461 1510 1597 1548 tamen
1633 1506 1782 1549 liabent
1810 1506 2043 1556 Ciceronem

268 1580 279 1590 “
329 1583 552 1635 auctorem,
588 1580 660 1634 qui
696 1580 742 1621 in
779 1580 827 1622 de
862 1579 979 1621 domo
1017 1592 1095 1621 sua
1126 1577 1354 1621 Pinarium
1386 1577 1563 1620 Nattam
1598 1578 1813 1632 appellans
1848 1579 1908 1621 sic
1945 1580 2045 1621 dicit

331 1651 438 1707 (52,
472 1651 584 1706 134>
622 1665 757 1705 quem
793 1664 874 1705 cyo
911 1654 1071 1693 tamen
1109 1651 1264 1701 credo,
1307 1651 1351 1692 si
1386 1652 1456 1692 est
1491 1653 1629 1692 ortus
1667 1650 1721 1692 ab
1757 1650 1883 1705 illis,
1926 1664 2044 1704 quos

260 1739 306 1770 20
331 1723 597 1766 memoriae
619 1723 878 1777 proditum
904 1725 978 1765 est
1006 1722 1065 1764 ab
1095 1722 1200 1775 ipso
1230 1721 1461 1776 Hercule,
1485 1721 1747 1775 perfuncto
1778 1722 1878 1763 iam
1909 1721 2041 1764 labo-

329 1794 488 1850 ribus,
531 1807 676 1836 sacra
717 1794 963 1836 didicisse.
1024 1793 1194 1847 quidam
1238 1793 1411 1835 tradunt
1445 1792 1533 1835 ideo
1569 1792 1737 1835 Potitiis
1775 1793 1827 1835 ab
1864 1792 2043 1836 Hercule

328 1879 450 1908 sacra
481 1866 714 1919 commissa,
745 1866 854 1919 quod
882 1879 975 1907 cum
1006 1866 1092 1919 ipse
1122 1864 1338 1915 Hercules,
1369 1877 1455 1906 rem
1485 1864 1671 1907 divinam
1699 1864 1874 1920 faciens,
1905 1878 2043 1918 preces
2079 1869 2086 1877 '

322 1939 606 1992 praecaneret,
648 1950 753 1990 quas
789 1936 970 1979 Potitius
1009 1937 1170 1987 diceret,
1213 1939 1252 1978 et
1278 1949 1359 1989 pro
1399 1949 1442 1978 eo
1483 1936 1571 1986 dec,
1615 1937 1681 1978 cui
1720 1935 1918 1978 Hercules
1956 1950 2043 1978 rem

331 2009 517 2051 divinam
552 2008 746 2063 faciebat,
781 2008 920 2062 ipsum
956 2007 1178 2050 Herculem
1213 2007 1390 2060 fortuitu
1421 2007 1644 2049 invocasset
1677 2006 1873 2059 Potitius,
1908 2008 2043 2060 fertur

261 2094 306 2126 ⁶25
332 2083 427 2122 tunc
469 2078 690 2121 Herculem
734 2082 890 2133 accepto
933 2079 1067 2121 omine
1109 2078 1358 2132 divinitatis,
1401 2079 1543 2121 reiecto
1587 2078 1782 2134 Pinario,
1822 2082 2043 2133 perpetuae

429 2225 450 2256 6
476 2219 544 2256 alii
569 2231 601 2255 e.
626 2232 661 2265 q.
689 2219 735 2266 s.]
762 2218 809 2255 cf.
835 2218 997 2255 Macrob.
1025 2219 1099 2256 sat.
1126 2218 1179 2254 III
1207 2223 1239 2263 6,
1269 2222 1310 2254 12
1331 2230 1410 2264 sqq.

430 2357 447 2387 1
475 2363 547 2387 auo
571 2362 635 2386 Tne
660 2362 778 2386 nimae
803 2351 838 2385 A
875 2362 949 2385 cmo
975 2356 1079 2386 τεὼ(
1104 2361 1211 2385 mnae
1235 2349 1270 2384 L
1308 2361 1381 2385 Ano
1406 2361 1512 2385 'meuc
1536 2361 1650 2385 ITINAC
1674 2350 1720 2385 H
1750 2362 1823 2386 ano
1847 2362 1911 2386 ΤΗ(
1935 2363 2042 2387 mnae

334 2400 384 2435 M
413 2412 485 2435 «1110
505 2410 565 2434 'rec
585 2409 693 2434 mnae
712 2398 752 2433 F
782 2408 854 2433 «1,πο
873 2409 938 2433 'mc
956 2398 993 2433 R
1017 2399 1137 2442 spatio
1155 2398 1279 2433 relicto
1305 2398 1451 2442 (πείνης
1470 2398 1554 2433 add.
1572 2398 1616 2432 P.
1629 2397 1783 2443 Daniel)
1803 2398 1815 2444 ΙΙ
1834 2405 1856 2433 a
1881 2409 1947 2434 om.
1965 2399 2014 2434 M

334 2453 355 2482 3
382 2445 474 2482 facit,
500 2445 892 2482 commemorationem
917 2446 1065 2480 tantum
1090 2445 1162 2480 AS
1181 2445 1192 2490 ΙΙ
1224 2449 1245 2479 4
1271 2444 1446 2480 Herculei
1470 2456 1537 2480 om.
1563 2444 1599 2479 R
1618 2446 1629 2491 ΙΙ
1648 2445 1796 2489 pinaria.
1821 2447 1944 2482 custos
1968 2446 2006 2481 R

330 2493 481 2530 Pinaria
508 2522 515 2529 .
537 2523 545 2530 .
568 2523 575 2530 .
604 2505 691 2529 nam
716 2504 782 2529 om.
810 2492 850 2527 F
872 2494 884 2539 ΙΙ
916 2493 1026 2539 sacri]
1054 2504 1160 2528 sacra
1184 2492 1258 2529 AS
1281 2494 1388 2538 (corr.
1414 2493 1464 2537 a),
1491 2503 1556 2528 om.
1583 2492 1619 2527 R
1647 2494 1659 2539 ΙΙ
1690 2492 1762 2539 est]
1789 2493 1860 2528 hoe
1886 2493 1942 2529 est
1966 2493 2007 2528 F

333 2581 353 2611 5
379 2579 422 2612 ut
445 2576 485 2611 in
511 2575 583 2612 ΧΙ.
610 2575 665 2611 ait
690 2576 741 2611 M
765 2577 777 2622 ΙΙ
815 2580 835 2611 7
862 2577 911 2611 ad
936 2587 1063 2612 cvszros
1089 2587 1119 2610 P.
1147 2588 1174 2611 s.
1201 2576 1243 2611 in
1266 2586 1381 2621 marg.
1409 2575 1561 2620 quidam
1597 2577 1722 2610 eustos
1753 2575 1919 2611 herculei
1944 2576 2040 2611 sacri

332 2623 481 2669 pinaria
505 2623 635 2658 domus
662 2624 750 2668 quia
774 2624 869 2659 haec
894 2634 959 2658 ara
984 2622 1147 2658 maxima
1173 2627 1255 2658 eum
1281 2622 1404 2658 uicino
1429 2622 1600 2658 incendio
1627 2623 1874 2667 conflagralet
1893 2635 1915 2659 a
1934 2623 2036 2669 pina—

333 2671 397 2706 riis
425 2672 482 2706 est
506 2670 667 2705 liberata
695 2671 728 2704 Τ
743 2671 757 2715 ΙΙ
775 2670 914 2716 vicino]
942 2670 1028 2705 uino
1057 2670 1123 2716 Fu
1143 2674 1162 2705 9
1189 2670 1365 2715 Potitius]
1392 2668 1515 2715 potius
1540 2669 1581 2705 F
1595 2671 1608 2716 ΙΙ
1635 2674 1677 2705 13
1702 2671 1808 2707 schol.
1835 2672 1885 2707 ad
1910 2683 2037 2707 cvs'ros

332 2732 363 2753 Ρ.
391 2732 418 2754 s.
445 2719 527 2754 hab.
555 2718 589 2753 G
613 2719 624 2763 ΙΙ
656 2718 782 2753 lemma
808 2718 928 2791 zmisit
953 2717 1092 2753 Daniel
1116 2718 1128 2762 ΙΙ
1159 2717 1290 2753 Potitii
1314 2717 1468 2753 Daniel:
1495 2717 1608 2763 pomi
1633 2717 1671 2752 in
1697 2718 1738 2752 F
1762 2719 1774 2765 ΙΙ
1807 2722 1851 2752 14
1876 2718 2038 2764 publicis

333 2802 488 2836 Daniel:
516 2798 668 2845 supliois
695 2799 736 2834 F
758 2799 952 2845 (supblicis
981 2799 1030 2844 G)
1051 2801 1062 2846 ΙΙ
1092 2799 1332 2845 prodederint
1357 2800 1424 2847 Fu
1456 2800 1640 2847 quamvis]
1668 2800 1756 2845 quia
1780 2800 1837 2835 uis
1863 2800 1897 2835 G
1915 2802 1927 2845 ΙΙ
1958 2800 2036 2846 eos]

333 2849 357 2883 i.
384 2859 411 2884 e.
441 2848 620 2883 Pinarios
638 2849 650 2892 ss
680 2850 724 2882 16
749 2846 956 2892 prandendi
980 2848 1113 2891 scripsi
1140 2848 1199 2892 (cf.
1228 2848 1410 2883 Veranius
1435 2860 1493 2892 ap.
1523 2848 1688 2883 Mactffob
1715 2848 1768 2882 ΙΙΙ
1793 2848 2037 2893 6,14):pro-

333 2895 446 2931 dendi
473 2895 513 2930 F
547 2905 613 2939 pro
638 2894 792 2929 indendi
817 2893 851 2929 G
870 2895 881 2940 ΙΙ
913 2896 951 2928 et
975 2893 1015 2928 id
1039 2894 1144 2939 quasi
1167 2895 1377 2940 irreligioso
1403 2895 1532 2931 datum
1558 2896 1605 2931 sit
1629 2896 1775 2940 scripsi:
1803 2895 1841 2929 et
1865 2894 1903 2929 id
1929 2894 2036 2939 quasi

333 2943 510 2988 religioso
536 2942 678 2977 dictum
704 2942 762 2976 est
787 2941 827 2976 F
867 2942 906 2976 ei:
935 2940 974 2975 id
1006 2941 1112 2985 quasi
1143 2942 1320 2987 religioso
1352 2942 1482 2977 datum
1507 2942 1550 2977 G.
1602 2941 1872 2977 Floriaccnsem
1896 2946 2038 2978 secutus

332 2994 382 3026 est
413 2990 570 3033 Daniel,
602 2990 679 3024 nisi
709 2989 805 3034 quod
835 2987 1010 3033 religiose
1041 2989 1164 3023 edidit.
1216 2991 1253 3023 et
1283 2989 1322 3024 id
1354 2990 1526 3034 quamuis
1559 2989 1776 3034 religiosum
1814 2987 1957 3024 dict-um
1989 2989 2038 3024 sit

329 3038 508 3083 proposui
532 3040 666 3082 quaest.
693 3036 792 3071 Serv.
816 3047 854 3081 p.
882 3039 928 3071 34
951 3036 963 3082 ΙΙ
997 3039 1040 3070 18
1065 3035 1175 3070 indae
1201 3036 1241 3070 F
1274 3036 1360 3072 inde
1387 3037 1421 3071 G
1444 3038 1455 3083 ΙΙ
1479 3037 1652 3082 Ναί-1110111]
1678 3037 1806 3071 notam
1834 3036 1868 3071 G
1890 3038 1903 3082 ΙΙ
1934 3037 2036 3082 apel-

331 3085 413 3121 lans
438 3084 479 3120 F
501 3084 709 3129 (appellans
735 3084 782 3128 G)
801 3085 813 3129 ΙΙ
839 3083 890 3119 sic
917 3082 956 3117 F
971 3084 984 3128 ΙΙ
1010 3086 1053 3117 19
1080 3082 1145 3117 11101
1169 3082 1244 3117 illis
1270 3083 1311 3117 F
1326 3085 1338 3129 ΙΙ
1365 3087 1411 3118 20
1435 3083 1615 3118 memoria
1640 3083 1680 3117 Ι
1696 3085 1708 3128 ΙΙ
1727 3083 1802 3118 iam
1820 3083 2033 3130 laboribus]

332 3131 562 3168 iamboribus
588 3131 628 3167 F
662 3131 853 3167 laboribus
878 3131 1016 3166 Daniel
1034 3132 1046 3175 ΙΙ
1075 3133 1118 3165 21
1145 3130 1299 3174 quidam
1325 3130 1440 3165 etiam
1459 3131 1598 3165 Daniel
1617 3131 1627 3176 ΙΙ
1646 3131 1835 3166 tradicunt
1859 3131 1945 3167 ideo
1970 3142 2034 3176 po-

332 3180 439 3215 titius
465 3179 514 3223 F,
539 3189 631 3215 corr.
650 3178 789 3214 Daniel
807 3179 819 3224 ΙΙ
844 3182 889 3213 22
916 3177 1083 3213 diuinum
1108 3177 1148 3212 F
1164 3178 1176 3222 ΙΙ
1201 3180 1244 3211 23
1272 3188 1363 3221 quas
1389 3177 1514 3221 potius
1541 3177 1682 3213 diceret
1707 3178 1745 3212 et
1769 3189 1835 3223 pro
1863 3178 1913 3213 G:
1940 3189 2032 3224 quas

331 3227 490 3273 potitius
516 3226 657 3262 diceret
681 3237 749 3271 pro
776 3226 815 3260 F
837 3227 849 3272 ΙΙ
877 3230 922 3261 24
949 3224 1114 3260 diuinum
1141 3224 1209 3270 Fu
1232 3224 1356 3269 potius
1383 3224 1416 3260 G
1441 3226 1453 3271 ΙΙ
1483 3228 1529 3260 25
1555 3236 1662 3260 omne
1690 3225 1729 3260 F
