2092 3614
310 247 395 290 338
510 245 516 251 “
815 227 818 230 ⁴
1084 247 1244 284 SERVII

264 378 267 381 >
310 372 492 413 quorum
519 357 743 399 nominum
769 357 1063 400 nominativus
1085 357 1317 414 singularis
1336 372 1425 400 non
1449 358 1679 414 invenitur,
1704 359 1805 401 licet
1826 359 2014 402 dicamus

265 652 285 682 5

239 1009 283 1040 10

243 1365 284 1397 15

241 1724 286 1756 20

241 2439 287 2471 30

309 428 452 471 ‘huius
484 428 705 483 primoris'
739 427 881 470 ‘huius
912 428 1132 484 proceris'.

429 500 527 543 308.
577 511 712 543 VOTIS
752 502 827 542 aut
857 515 954 543 cum
986 501 1119 543 votis:
1158 502 1233 543 aut
1264 515 1340 556 pro
1373 501 1514 543 reditu
1546 504 1650 543 vota
1680 502 1898 544 facientes.
1959 517 2017 545 an

307 573 576 626 iuvenumque
605 585 825 627 senumque
854 585 1005 615 manas
1035 573 1093 614 aol
1112 575 1259 626 portas
1288 573 1391 614 votis
1413 573 1708 626 prosequitur?
1740 587 1797 615 an
1826 574 2017 616 iuvenum

309 644 474 697 quidem
505 657 655 687 manus
679 645 738 687 aol
757 647 922 699 portas,
952 657 1095 686 senam
1119 657 1210 685 vero
1236 644 1338 686 votis
1361 645 1643 698 prosequitur,
1672 648 1720 686 ut
1743 645 1905 687 iuvenes
1928 646 2015 699 qni-

308 716 399 757 dem
429 715 524 758 illos
553 716 808 771 deduxerint,
840 729 951 758 senes
981 729 1074 758 vero
1105 715 1334 769 optaverint
1363 715 1449 758 illis
1479 716 1666 758 reditum.

428 786 526 829 310.
576 804 778 830 PORTANDA
809 787 1056 829 nuntianda.

428 858 526 900 311.
576 870 636 900 ET
668 870 868 901 nvmssvs
900 870 1061 900 INRITA
1100 870 1295 901 DONANT
1334 861 1383 900 ut
1420 858 1511 913 ipse
1544 858 1634 914 <XI
1669 859 1782 915 795>
1821 862 2017 915 partem

309 929 547 972 volucres
579 929 833 985 dispersit
863 930 915 972 in
948 944 1109 972 auras.

429 1001 527 1044 312.
578 1017 783 1045 SVPERANT
811 1002 1182 1056 transyredinntar.

429 1073 528 1114 313.
579 1083 759 1115 CASTRA
791 1084 972 1115 INIMICA
1011 1087 1097 1114 non
1134 1074 1306 1114 tantum
1342 1072 1538 1129 hostilia,
1579 1073 1652 1115 sed
1685 1077 1729 1116 et
1759 1074 2019 1129 perniciosa3

310 1158 411 1185 nam
451 1158 547 1186 cum
587 1143 735 1186 dolore
773 1143 934 1186 dictum
974 1145 1041 1186 est
1080 1142 1309 1199 ‘inimica'‚
1353 1143 1465 1186 unde
1510 1144 1674 1186 scilicet
1718 1145 1897 1187 redituri
1933 1160 2019 1188 non

310 1217 445 1271 erant,
471 1214 585 1271 quod
612 1229 663 1256 ex
690 1215 968 1270 sequentibus
995 1215 1306 1270 conprobatur:
1338 1214 1515 1258 dicendo
1542 1215 1656 1262 enim
1684 1215 1848 1259 ‘multis
1872 1219 2020 1259 tamen

311 1289 410 1329 ante
442 1287 576 1329 futuri
609 1285 771 1341 exitio’,
803 1287 849 1329 id
876 1290 935 1329 est
964 1290 1185 1341 antequam
1214 1287 1297 1340 ipsi
1319 1287 1522 1343 perirent,
1554 1287 1745 1330 ostendit
1775 1288 2020 1343 perniciosa

312 1372 404 1400 esse
437 1361 580 1400 castra
612 1372 720 1413 quae
751 1358 859 1413 ipsis
893 1360 1076 1401 mortem
1115 1358 1287 1400 fuerant
1319 1358 1527 1402 adlatura.
1588 1362 1626 1401 et
1655 1359 1750 1401 bene
1780 1360 1856 1401 cito
1888 1359 2020 1402 dictus

310 1433 370 1472 est
398 1430 547 1482 exitus,
578 1444 670 1473 eum
701 1433 838 1473 castra
868 1430 1083 1483 mortifera
1114 1430 1320 1472 dieantur.

431 1501 529 1544 315.
579 1513 753 1544 LITORE
794 1513 971 1544 CVRRVS
1014 1501 1115 1557 quia
1154 1504 1254 1544 ante
1293 1501 1438 1557 <236>
1479 1502 1648 1544 dixerat
1692 1501 1866 1558 ‘portae
1912 1517 2020 1557 quae

310 1573 508 1630 proxima
545 1572 723 1628 ponto':
762 1575 837 1615 aut
875 1587 1019 1615 aream
1057 1573 1175 1615 litori
1213 1573 1473 1629 proximam,
1515 1574 1628 1616 sicut
1659 1573 1784 1616 solet.
1845 1573 2018 1628 quidam

313 1644 485 1687 ‘litore'
517 1645 709 1687 fluminis
741 1645 904 1687 volunt.

431 1717 529 1759 317.
580 1728 693 1760 VINA
726 1728 864 1759 SIMVL
896 1716 968 1759 hoe
998 1719 1057 1759 est
1086 1731 1190 1759 vasa
1219 1716 1324 1772 vini,
1356 1716 1520 1759 scilicet
1551 1717 1597 1758 in
1629 1716 1784 1772 quibus
1815 1716 1914 1759 vina
1944 1731 2019 1771 po-

311 1790 485 1831 nuntur.
607 1800 696 1831 ORE
729 1799 939 1831 LOCVTVS
971 1802 1059 1830 non
1091 1790 1158 1830 est
1188 1788 1494 1844 perissologia:
1534 1803 1634 1831 nam
1667 1787 1899 1831 secundum
1930 1787 2019 1830 Ho-

311 1874 478 1902 merum
512 1860 806 1916 exploratores
838 1875 947 1915 quae
980 1860 1149 1916 volunt,
1187 1860 1437 1915 plerumque
1469 1861 1576 1902 nutu
1608 1859 1859 1915 plerumque
1892 1859 2019 1902 sibilo

313 1931 570 1987 significant.

431 2003 530 2046 318.
579 2015 843 2046 AVDENDVM
875 2014 1066 2045 DEXTRA
1098 2003 1200 2059 quia
1231 2003 1436 2046 audemus
1469 2005 1511 2045 et
1543 2017 1669 2046 cursu
1701 2005 1745 2045 et
1776 2003 1932 2046 animo.

312 2091 419 2118 NVNC
447 2092 534 2118 IPSA
573 2092 692 2118 νοσᾼΤ
719 2092 793 2118 RES
821 2076 867 2118 id
896 2078 954 2118 est
982 2088 1150 2117 somnus
1180 2078 1219 2118 et
1246 2075 1400 2118 vinam.

431 2146 530 2189 319.
579 2158 672 2189 HAG
699 2159 807 2189 ITER
832 2158 917 2189 EST
948 2160 1024 2201 per
1054 2146 1249 2189 hostium
1280 2146 1453 2189 caedem
1486 2149 1530 2188 et
1556 2145 1779 2188 audaciam
1811 2147 2018 2188 nostram.

371 2234 420 2260 SE
449 2235 674 2261 ATTOLLERE
702 2219 932 2274 adsumere.

431 2289 532 2332 320.
582 2306 755 2333 ooNvaE
775 2290 957 2344 provide.

432 2361 530 2404 321.
580 2372 704 2404 HAEC
735 2372 830 2404 EGO
863 2372 1014 2404 VAsrA
1045 2372 1171 2403 DABo
1210 2361 1260 2402 de
1300 2361 1454 2416 quibus
1493 2360 1602 2403 dixit
1634 2361 1779 2416 <315>
1813 2358 2020 2416 ‘corpora

311 2431 408 2474 fusa
439 2431 620 2474 vident'.

409 2565 430 2596 2
456 2560 565 2596 huius
585 2561 747 2606 proceris
766 2572 831 2597 om.
847 2560 937 2596 LH
941 2561 991 2595 M
1007 2559 1132 2606 (huius
1150 2571 1280 2606 proces
1300 2561 1379 2606 (sic)
1398 2562 1484 2597 adol.
1503 2562 1529 2607 l)
1549 2562 1561 2606 l}
1580 2565 1602 2596 4
1622 2561 1842 2607 senumque]
1865 2572 1955 2596 senu
1967 2560 2018 2605 F,
2076 2583 2078 2585 v

314 2620 380 2645 om.
407 2609 589 2654 Daniel'fl
625 2612 647 2643 5
674 2608 820 2644 iuuenis
847 2608 881 2643 G
910 2608 938 2654 ΙΙ’
959 2612 980 2643 6
1007 2607 1240 2643 deduxerunt
1264 2611 1297 2643 et
1322 2609 1547 2654 optauerant
1572 2609 1621 2652 F,
1654 2620 1745 2644 corr.
1773 2609 1983 2644 Masvicias
2007 2608 2018 2655 Ιῑ

316 2661 336 2692 7
367 2655 590 2702 nuntianda]
621 2655 829 2691 fiuntianda
861 2655 902 2690 F
935 2657 947 2700 ΙΙ
989 2656 1039 2691 aol
1068 2666 1186 2691 AvnAs
1219 2667 1328 2691 ouum
1359 2668 1574 2691 mscmaepvsr
1604 2657 1669 2692 hoe
1699 2657 1874 2692 scholiam
1904 2656 2020 2692 edidit

314 2703 517 2740 Fabricius
541 2703 630 2748 quia
654 2714 730 2739 non
754 2702 989 2748 pertulerunt
1013 2702 1082 2737 illa
1106 2703 1285 2738 mandata
1309 2702 1468 2739 Aeneae.
1514 2714 1609 2748 quae
1635 2702 1820 2739 inutiliter
1844 2702 2019 2738 iubentur

315 2751 450 2787 dicitur
474 2752 607 2786 ventus
633 2751 853 2797 discerpere.
874 2751 885 2795 ΙΙ
905 2753 925 2784 8
951 2749 1088 2794 partim
1108 2749 1183 2786 As
1190 2750 1240 2785 M
1255 2751 1267 2795 ΙΙ
1290 2755 1330 2785 11
1357 2750 1564 2796 pernitiosa
1588 2754 1622 2786 et
1639 2752 1698 2786 hic
1722 2754 1755 2785 et
1774 2751 1837 2786 lin.
1862 2754 1905 2785 14
1931 2750 2018 2786 libri

307 2799 474 2844 plerique
501 2799 513 2843 11
546 2802 589 2834 13
616 2809 661 2834 ex
687 2797 940 2843 sequentibus]
967 2810 990 2831 x
1015 2798 1057 2832 in
1081 2809 1154 2833 ras.
1181 2798 1204 2833 l.
1244 2799 1283 2832 et
1308 2798 1548 2843 sequentibus
1573 2798 1689 2841 Lion,
1714 2799 1868 2842 fortasse
1891 2800 1983 2832 recte
2007 2796 2019 2843 Η

315 2849 360 2880 14
385 2845 465 2891 ipse
492 2845 533 2881 F
559 2846 572 2891 ss
605 2850 649 2882 15
676 2847 714 2882 et
738 2847 832 2881 bene
859 2844 932 2880 cito
959 2844 1101 2879 dictum
1127 2845 1184 2880 est
1209 2844 1322 2881 exitio
1347 2845 1494 2881 Daniel.
1537 2846 1613 2881 nisi
1635 2846 1763 2889 fallor,
1789 2844 2017 2880 laudandam

313 2903 386 2928 esse
410 2894 501 2929 dicit
520 2897 665 2938 poetam
690 2893 867 2938 interpres
891 2892 987 2937 quod
1012 2893 1053 2927 in
1078 2893 1187 2927 initio
1212 2893 1443 2928 narrationis
1461 2893 1642 2937 infelicem
1665 2893 1743 2936 fore
1760 2892 1816 2927 rei
1833 2894 2018 2936 susceptae

314 2941 451 2976 emitum
475 2941 747 2986 siqnisicaverit.
767 2942 779 2987 ΙΙ
799 2944 842 2976 17
868 2952 991 2974 mroim
1016 2940 1081 2974 aut
1106 2950 1231 2975 aream
1257 2967 1263 2974 .
1288 2969 1294 2976 .
1317 2969 1324 2976 .
1352 2940 1494 2976 volunt.
1533 2951 1666 2975 cvnnvs
1692 2937 1780 2983 quia
1806 2966 1813 2973 .
1836 2966 1843 2973 .
1865 2966 1872 2973 .
1899 2940 2016 2984 ponto

313 2988 453 3024 Daniel
470 2988 482 3033 ΙΙ
503 2991 545 3022 18
571 2989 725 3032 fortasse
749 2987 956 3034 proximam
981 2985 1076 3021 dixit
1094 2988 1106 3032 ΙΙ
1125 2986 1288 3032 quodam
1314 2991 1347 3023 et
1371 2987 1528 3023 uoluunt
1546 2987 1587 3022 F
1602 2987 1614 3032 ss
1633 2990 1678 3021 22
1704 2985 1816 3032 quae]
1844 2986 1944 3031 quod
1970 2986 2017 3030 R,

315 3046 382 3071 om.
409 3035 496 3070 LH
509 3036 522 3080 ΙΙ
549 3036 767 3081 plerumque
793 3035 901 3071 sibilo
927 3045 992 3069 om.
1015 3034 1079 3076 M,
1106 3034 1325 3079 plerumque
1351 3034 1459 3069 sibilo
1485 3033 1698 3079 significant
1721 3044 1787 3069 om.
1808 3032 1898 3068 LH
1917 3035 1966 3079 (p.
1987 3044 2015 3068 S.

313 3082 525 3129 significare
557 3084 642 3120 add.
668 3085 694 3129 l)
731 3085 744 3130 ΙΙ
781 3087 825 3118 23
858 3081 1086 3128 significant]
1119 3082 1217 3127 apud
1250 3093 1362 3126 quem
1387 3081 1515 3116 Vlixes
1545 3080 1719 3115 Diomedi
1751 3079 1861 3115 sibilo
1894 3080 2017 3115 innuit

315 3131 382 3176 (Il.
408 3129 443 3164 X
468 3131 550 3175 502)
576 3128 747 3175 ῥοίζησεν
773 3127 812 3166 δ’
839 3127 915 3175 ἄρα
939 3126 1167 3174 πιφαύσκων
1194 3126 1380 3174 Διομήδεϊ
1404 3129 1472 3175 δίῳ
1499 3128 1583 3163 add.
1609 3127 1743 3173 D1125
1769 3128 1819 3162 ad
1843 3141 1906 3162 nr-:s
1930 3138 1957 3163 s.
1983 3139 2015 3164 v.

315 3189 464 3213 somnus
496 3179 534 3212 et
563 3178 690 3213 uinum
722 3178 754 3213 Τ
786 3179 799 3224 ΙΙ
835 3181 880 3214 27
905 3177 1011 3213 schol.
1038 3177 1088 3212 ad
1113 3188 1152 3210 ss
1177 3188 1379 3211 ATTOLLERE
1405 3179 1438 3211 et
1462 3187 1617 3210 consvne
1651 3175 1732 3210 hab.
1764 3175 1797 3208 T
1830 3176 1842 3221 ΙΙ
1879 3178 1924 3210 29
1949 3187 2012 3211 vA·

314 3236 421 3260 STABO
447 3224 529 3260 HF
