2124 3600
512 239 665 276 comM.
691 241 744 276 IN
770 239 915 276 Vuae.
942 238 1052 276 AEN.
1080 229 1150 276 vii
1177 244 1351 277 'ze—111.
1420 290 1430 304 „
1653 207 1658 217 ¹
1703 242 1789 285 133

194 346 262 394 91.
313 362 600 407 AcHERONTA
642 361 865 393 ADFATVR
907 361 1105 393 Avnsms
1156 351 1395 405 potestates
1446 365 1557 406 quae
1600 353 1702 394 sunt
1743 351 1790 395 in

75 422 339 479 Acheronte,
378 423 432 465 ad
464 437 591 478 quem
622 437 700 478 per
730 422 952 464 Avernum
983 421 1169 464 venitur.
1229 421 1313 464 hoc
1352 424 1496 464 autem
1534 423 1648 479 ideo,
1686 423 1788 479 quia

73 493 246 558 Raunus
276 494 472 536 infernus
505 494 661 537 dicitur
693 494 813 537 deus:
846 496 889 536 et
920 507 1126 549 congrue3
1161 507 1264 536 nam
1294 493 1407 535 nihil
1439 497 1506 536 est
1536 497 1654 537 terra
1684 489 1804 538 infe-⁴

73 565 182 621 rius,
219 565 264 608 in
301 580 387 621 qua
424 565 608 608 habitat.
669 565 770 608 hinc
808 567 875 620 est
912 565 1025 621 quod
1065 580 1164 607 eum
1193 564 1403 608 Horatius
1434 565 1601 609 inducit
1632 581 1787 610 nocen-

72 638 180 692 tem,
218 637 363 680 dicens
400 637 780 693 lenisvincedas
821 637 1082 692 abeasque
1118 637 1295 692 parvis
1327 652 1518 693 aequus
1551 637 1786 682 alumnis.
1812 648 1833 680 5

193 709 262 751 92.
310 721 462 751 PATER
493 721 594 752 IPSE
626 711 702 751 aut
730 708 908 751 honoris
941 710 1027 764 est,
1059 710 1135 751 aut
1165 711 1290 764 pater
1318 707 1536 751 Laviniae.

192 780 261 823 93.
311 768 512 824 GENTVM'
540 782 615 823 aut
650 795 729 836 pro
769 780 981 836 qualitate
1018 780 1239 837 fortunae,
1276 780 1387 823 unde
1426 782 1470 823 et
1501 780 1627 823 ‘rite'
1660 781 1784 825 dixit:

72 854 148 894 aut
178 852 352 896 finitum
382 868 461 909 pro
493 852 663 895 infinito
695 852 854 908 posuit.

190 924 261 968 94.
310 936 462 968 TERGO
493 939 572 980 pro
605 924 872 981 tergoribus,
902 923 947 966 id
978 926 1046 966 est
1077 924 1219 967 coriis.

190 996 259 1038 97.
309 985 544 1039 THAJJAMIS
575 1008 670 1039 NEv
703 1008 855 1039 OREDE
888 1007 1086 1039 PARA‘rIs
1117 999 1295 1052 propter
1326 996 1533 1040 Turnum.
1813 1007 1856 1039 10

153 1062 156 1066 ’
191 1068 261 1111 98.
311 1080 513 1111 VENIENT
547 1068 702 1111 melius
734 1067 970 1123 tveniunt',
1000 1070 1050 1110 ut
1080 1068 1168 1110 iam
1200 1083 1274 1111 eos
1305 1068 1453 1111 venire
1486 1068 1713 1124 significet.

71 1150 244 1182 GENERI
275 1140 435 1196 plurali
466 1155 568 1182 usus
601 1142 668 1183 est
698 1154 778 1196 pro
811 1140 1034 1197 singulari.

189 1211 259 1253 99.
302 1223 333 1253 A
359 1223 522 1254 STIRPE
556 1211 736 1267 stirpem
768 1226 864 1254 cum
898 1211 948 1254 de
981 1225 1138 1268 genere
1169 1215 1209 1254 et
1228 1212 1427 1266 prosapie
1457 1211 1659 1268 dicimus,
1690 1214 1784 1255 tan-

69 1285 161 1325 tum
190 1283 447 1326 femininum
474 1286 557 1340 est,
588 1299 686 1327 cum
713 1284 764 1326 de
791 1284 961 1339 arbore,
993 1286 1037 1325 ct
1062 1283 1294 1326 masculini
1321 1283 1492 1340 generis
1520 1285 1563 1325 et
1587 1284 1783 1327 feminini

68 1355 303 1412 invenitur,
343 1357 393 1397 ut
424 1354 537 1409 <XII
570 1354 684 1410 770>
717 1354 802 1397 sed
842 1354 1057 1410 stirpem
1088 1355 1272 1398 Teucri
1303 1355 1447 1397 nullo
1480 1354 1783 1399 discrimine
1810 1365 1853 1398 15

69 1441 286 1483 sacrum,
318 1429 469 1470 contra
494 1426 704 1469 Horatius
731 1418 1028 1482 stirpesque
1054 1428 1231 1482 raptas
1258 1428 1308 1469 et
1338 1441 1493 1483 pecus
1521 1429 1570 1469 et
1595 1427 1782 1471 domos.

190 1499 286 1542 100.
337 1510 421 1541 svs
454 1509 651 1541 PEDIBvs
685 1498 763 1540 sub
795 1497 976 1553 imperio
1010 1512 1088 1540 suo
1122 1512 1172 1541 ac
1203 1500 1434 1554 potestate.

190 1570 285 1613 102.
334 1582 639 1621 MONITVSQVE
673 1569 779 1612 alibi
812 1569 980 1612 monita
1011 1569 1137 1625 dixit,
1168 1573 1217 1612 ut
1241 1569 1377 1625 <VIII
1399 1570 1514 1626 336>
1540 1569 1781 1614 Carmen-

67 1642 135 1685 tis
167 1642 420 1700 nymphae
452 1643 649 1685 monita
681 1644 732 1685 et
762 1641 885 1684 deus
918 1644 1098 1684 auctor
1129 1641 1332 1697 Apollo.

190 1715 285 1757 103.
336 1726 433 1758 NON
469 1726 569 1757 IPSE
603 1724 688 1758 svo
721 1726 894 1756 PREMJT
928 1725 1017 1756 ORE
1048 1725 1249 1756 LA'rmvs
1288 1729 1373 1770 quo
1413 1730 1437 1757 a
1470 1729 1515 1756 se
1551 1715 1782 1771 repelleret
1806 1724 1852 1758 20

68 1799 261 1842 generos.

189 1857 284 1901 104.
336 1869 421 1901 SED
449 1868 622 1900 CIROVM
646 1869 769 1899 LATE
791 1868 1026 1901 vomTAns
1054 1858 1206 1900 tmesis
1233 1860 1301 1900 est
1325 1857 1516 1901 ‘circum'
1544 1858 1778 1903 ‘volitans'.

190 1929 285 1971 109.
335 1940 528 1971 ADOREA
558 1939 669 1970 [ΔΒΑ
705 1928 812 1970 ador
849 1928 1023 1983 proprie
1055 1931 1122 1971 est
1153 1942 1290 1985 genus
1321 1928 1471 1985 farris,
1511 1930 1602 1972 liba
1633 1933 1779 1974 autem

71 2002 172 2042 sunt
202 2001 425 2056 placentae
457 2000 508 2042 de
539 2000 671 2054 farre,
702 2000 829 2042 melle
862 2001 905 2041 et
936 2000 1048 2055 oleo,
1081 2000 1216 2043 sacris
1250 2002 1390 2056 aptae.

187 2072 283 2114 110.
335 2082 579 2114 svmmvm*
611 2082 772 2114 EPVLIS
806 2071 1056 2127 subponunt
1087 2071 1133 2113 in
1165 2071 1390 2127 epularum
1421 2073 1574 2116 locum.
1665 2085 1776 2117 ILLE
1802 2083 1847 2115 25

66 2143 140 2199 qui
165 2158 239 2199 per
265 2143 495 2199 harpyiam
520 2142 779 2186 vaticinatus
806 2145 884 2198 est,
909 2144 959 2185 ut
982 2141 1213 2198 <111251>
1241 2157 1369 2199 quae
1394 2143 1601 2187 Phoebo
1628 2147 1777 2200 pater

66 2215 405 2271 omnipotens.

187 2286 282 2329 111.
336 2299 394 2329 ΕΤ
439 2297 651 2329 CEREALE
697 2297 850 2329 SOLVM
894 2286 1036 2329 solum
1081 2286 1237 2329 dicitur
1280 2301 1408 2330 omne
1453 2288 1570 2344 quod
1613 2288 1776 2344 aliquid

66 2358 268 2414 sustinet,
299 2358 411 2400 unde
441 2358 491 2400 de
517 2358 625 2401 mari
652 2373 784 2414 supra
810 2358 871 2400 ait
897 2357 967 2412 <V
990 2357 1104 2414 199>
1137 2358 1566 2424 subtrahiturque
1598 2361 1776 2405 solum.
1824 2360 1826 2362 ’

160 2492 182 2523 4
207 2487 400 2535 Horatius]
427 2499 539 2523 carm.
559 2487 611 2522 ΠΙ
633 2490 688 2531 18,
709 2491 730 2522 3
749 2488 761 2534 ΙΙ
781 2491 802 2522 6
827 2485 939 2522 Pater
959 2513 966 2522 .
989 2515 995 2522 .
1016 2487 1168 2523 honoris
1194 2488 1267 2534 est]
1295 2488 1340 2524 cf.
1366 2488 1451 2524 Isid.
1479 2488 1554 2526 diff.
1581 2489 1684 2526 verb.
1704 2493 1775 2527 274

66 2536 77 2582 ΙΙ
104 2539 146 2571 16
172 2534 367 2581 Horatius]
394 2546 504 2571 carm.
525 2536 576 2570 III
596 2539 653 2581 29,
673 2538 718 2570 37
738 2536 750 2582 ΙΙ
769 2539 814 2570 23
841 2534 932 2570 ador
1030 2535 1146 2571 sacris
1172 2535 1301 2583 aptae]
1329 2536 1374 2572 cf.
1400 2537 1496 2573 Non.
1523 2549 1560 2583 p.
1581 2541 1639 2583 52,
1658 2540 1703 2574 25
1724 2538 1776 2574 Μ.

64 2585 115 2666 {tl
127 2582 291 2666 Ipidhqr.
317 2582 385 2618 XX
410 2587 443 2628 2,
472 2584 547 2630 1711
574 2586 619 2618 28
646 2583 766 2618 solum
793 2610 800 2618 .
824 2611 831 2619 .
853 2610 861 2618 .
889 2581 1026 2629 solum]
1053 2593 1166 2619 exscr.
1192 2583 1280 2619 Isid.
1307 2595 1359 2619 or.
1385 2583 1472 2621 XIV
1498 2588 1531 2631 8,
1558 2589 1614 2622 24.
1648 2585 1694 2622 cf.
1722 2597 1774 2623 or.

167 2659 175 2676 2

159 2755 182 2786 4
206 2750 369 2795 habitat]
395 2749 528 2785 faunus
553 2750 639 2786 add.
665 2749 704 2785 D
734 2750 747 2796 ΙΙ
778 2752 799 2785 5
824 2749 918 2785 levis
942 2750 1050 2796 vulyo
1074 2750 1086 2796 ΙΙ
1113 2749 1266 2786 incedar
1289 2750 1327 2786 R
1353 2751 1459 2796 (corr.
1485 2751 1519 2796 r)
1545 2752 1558 2798 ΙΙ
1589 2751 1773 2799 abeasque

64 2798 185 2835 Frm:
218 2799 358 2844 absque
393 2796 521 2833 ΑΒΜ
556 2797 720 2842 abesque
745 2796 834 2832 RH
867 2797 1048 2844 abssssque
1074 2798 1109 2832 L
1144 2798 1157 2844 ΙΙ
1194 2798 1325 2843 aequis
1357 2797 1482 2834 ΑΒΗ
1514 2798 1620 2844 equis
1652 2799 1731 2836 RL

66 2850 86 2882 6
112 2847 178 2883 aut
201 2846 311 2892 pater
329 2844 526 2891 Laviniae]
553 2846 619 2880 aut
643 2855 683 2880 re
707 2856 798 2880 uera
821 2845 975 2890 propter
998 2845 1178 2880 lauiniam
1198 2846 1292 2880 MD
1309 2848 1322 2892 11
1341 2845 1494 2882 liuiniae
1512 2846 1550 2881 A
1578 2848 1684 2892 (corr.
1706 2850 1742 2892 a)

65 2898 86 2929 8
111 2895 178 2930 aut
203 2896 302 2929 certe
327 2892 475 2928 finitum
500 2892 541 2927 F
567 2894 580 2939 ΙΙ
610 2893 675 2928 aut
702 2918 710 2927 .
732 2921 739 2928 .
762 2921 770 2929 .
796 2891 937 2938 posuit]
970 2893 1036 2928 aut
1066 2894 1167 2928 certe
1198 2891 1325 2929 finitus
1352 2893 1401 2928 sit
1423 2904 1491 2939 pro
1516 2893 1661 2930 infinito
1688 2896 1739 2931 M

68 2944 110 2976 12
135 2941 219 2987 pro]
246 2953 312 2986 per
336 2940 408 2986 ΗΙΙ
435 2944 477 2975 13
503 2951 527 2975 A
552 2940 687 2986 emma]
714 2950 781 2976 om.
806 2939 897 2984 AS,
923 2951 968 2974 AB
995 2952 1116 2975 erum
1141 2940 1217 2987 Mn
1236 2940 1350 2987 stirps
1374 2941 1502 2978 ASR.
1546 2945 1700 2978 ceterwm
1724 2954 1769 2979 e.

64 2988 166 3024 Neue
190 2988 376 3025 Formenl.
402 2987 437 3022 12
456 2999 496 3033 p.
525 2991 592 3023 668
625 2988 637 3034 ΙΙ
672 2986 872 3033 prosapiae
898 2986 939 3022 F
965 2988 977 3034 ΙΙ
1015 2992 1059 3024 16
1086 2988 1217 3023 contra
1242 2988 1437 3035 Horatius]
1474 2989 1512 3024 et
1535 2989 1705 3031 feminini
1730 2991 1772 3025 ut

66 3035 231 3071 horatius
258 3036 308 3070 M
344 3036 474 3071 contra
498 3034 665 3070 horatius
690 3035 761 3070 hae
786 3034 874 3069 LH
894 3035 906 3082 ΙΙ
938 3035 1140 3081 stirpisque
1168 3036 1216 3070 M
1239 3036 1251 3082 ΙΙ
1282 3035 1413 3071 domus
1438 3035 1552 3072 ASL
1576 3037 1588 3083 ΙΙ
1621 3041 1664 3072 18
1691 3048 1769 3072 car-

64 3083 208 3118 mentes
234 3082 275 3118 F
290 3084 302 3130 ΙΙ
326 3087 372 3119 20
398 3083 489 3130 quo]
516 3081 555 3117 id
581 3084 639 3118 est
665 3092 736 3127 quo
763 3081 804 3117 F
819 3083 831 3129 ΙΙ
855 3093 878 3118 a
903 3093 968 3119 om.
990 3082 1064 3119 AS
1086 3084 1124 3128 (a
1148 3093 1186 3118 se
1210 3084 1241 3128 s)
1260 3083 1273 3129 ΙΙ
1301 3086 1344 3118 22
1370 3083 1524 3119 temesis
1548 3085 1603 3119 vel
1627 3084 1769 3119 theme-

66 3129 115 3164 sis
140 3130 227 3165 libri
245 3131 257 3176 ΙΙ
282 3134 327 3165 23
353 3131 411 3165 est
435 3141 501 3166 om.
530 3130 579 3165 M
595 3131 607 3177 ΙΙ
633 3133 679 3165 24
705 3130 744 3165 et
767 3129 879 3166 melle
904 3130 940 3165 A
978 3141 1022 3166 ex
1046 3130 1159 3165 melle
1184 3130 1228 3165 H
1243 3130 1256 3177 ΙΙ
1274 3132 1366 3176 apta
1390 3130 1431 3166 F
1447 3131 1459 3178 ΙΙ
1484 3135 1528 3167 25
1555 3131 1771 3176 supponunt

65 3175 102 3210 R
119 3177 132 3222 ΙΙ
154 3189 233 3212 mm
258 3177 425 3212 ASRH
430 3178 479 3212 M
484 3192 493 3213 ε
518 3189 595 3212 nvsa
621 3176 705 3212 LF
726 3178 739 3224 ΙΙ
763 3181 808 3213 26
834 3177 966 3224 arpian
990 3177 1115 3213 ΑΒΗ
1145 3177 1290 3222 arpiam
1313 3177 1410 3213 ΒΜ
1444 3177 1613 3223 arpyiam
1639 3177 1675 3212 L
1711 3188 1768 3212 ar-

67 3233 177 3268 pyam
204 3222 245 3258 F
270 3225 284 3271 u
319 3226 365 3259 28
390 3223 540 3270 dicitur]
568 3225 625 3260 est
652 3225 701 3260 M
722 3226 735 3271 ΙΙ
765 3235 873 3261 omne
898 3224 1037 3260 dicitur
1061 3224 1102 3260 F
1129 3225 1142 3271 ΙΙ
1178 3227 1223 3262 29
1251 3225 1386 3272 solum]
1414 3227 1452 3261 et
1476 3224 1623 3260 ouidius
1647 3224 1768 3270 primo
