2124 3600
521 261 672 299 COMM.
698 262 751 297 IN
775 261 919 297 VERG.
944 260 1057 297 AEN.
1082 261 1153 298 VII
1176 265 1330 298 48—73.
1701 260 1785 303 131

194 370 263 413 59.
312 381 491 413 LAVRVS
537 382 657 413 ERAT
701 370 884 413 Latinus
927 372 1030 426 post
1072 372 1258 413 mortem
1301 369 1451 412 fratris
1488 369 1644 412 Lavini
1691 384 1788 412 cum

74 442 286 485 Lavinum
324 442 629 498 amplificaret,
670 443 725 485 ab
762 442 938 485 inventa
974 442 1098 484 lauro
1130 441 1483 484 Laurolavinium
1520 441 1565 483 id
1597 441 1789 497 appella-

74 513 151 556 vit.
271 526 321 556 IN
350 525 697 557 PENETRALOEVS
735 513 958 569 penetrale
996 516 1063 556 est
1099 513 1239 556 omnis
1277 512 1459 554 interior
1490 528 1590 567 pars
1623 513 1790 567 domus,

75 585 176 627 licet
208 585 264 627 sit
295 585 475 628 intecta:
507 586 619 627 unde
650 585 822 627 laurum
853 585 899 627 in
929 584 1224 640 penetralibus
1256 583 1389 626 fuisse
1413 598 1503 626 non
1528 584 1686 626 mirum
1711 588 1790 627 est.
1829 581 1833 583 ⁴

195 657 264 699 60.
313 669 442 699 METV
472 656 703 711 religione,
734 670 843 710 quae
874 656 1069 715 nascitur
1098 670 1176 712 per
1205 655 1420 697 timorem.
1816 664 1837 694 5

196 727 264 769 61.
315 738 483 770 PRIMAS
518 738 614 769 CVM
640 738 887 769 CONDERET
912 739 1058 771 ARCES
1091 725 1298 783 ‘primas'
1332 726 1446 769 circa
1476 727 1647 769 laurum
1680 726 1790 768 scili-

77 801 163 841 cet:
194 814 295 841 nam
326 798 414 841 iam
446 796 599 841 civitas
630 798 784 841 fuerat.

196 870 265 912 65.
315 881 466 913 TRANS
498 881 720 912 AETHERA
752 869 971 912 aetherem
1001 884 1083 925 pro
1116 884 1213 912 aere
1244 870 1404 926 posuit.

196 941 265 983 66.
315 953 555 984 OBSEDERE
592 953 769 984 APICEM
812 941 992 984 verbum
1038 940 1376 997 oppugnationis
1420 942 1486 983 est
1530 939 1792 996 ‘obsedere',

77 1028 161 1069 quo
194 1027 297 1055 usus
330 1015 397 1055 est
428 1013 595 1068 signate
628 1016 807 1069 propter
840 1013 1001 1055 bellum
1032 1013 1239 1055 futurum.
1361 1025 1451 1055 PER
1484 1024 1647 1055 MVTVA
1683 1012 1791 1054 invi·
1820 1021 1864 1053 10

78 1099 188 1127 cem:
228 1087 273 1126 et
303 1087 370 1127 est
401 1084 659 1127 absolutum.
722 1083 924 1127 Melissus
957 1085 1032 1141 qui
1069 1084 1120 1126 de
1160 1084 1314 1139 apibus
1347 1084 1537 1139 scripsit,
1576 1084 1638 1126 ait
1670 1083 1792 1126 duo-

79 1156 174 1198 bus
204 1155 422 1211 pedibus
457 1170 507 1197 se
538 1158 717 1198 tenent
749 1158 798 1198 et
830 1156 1026 1199 duobus
1058 1156 1191 1198 alias
1224 1156 1498 1198 sustinent.

200 1227 269 1270 68.
311 1238 457 1270 VATES
483 1227 670 1270 divinus:
695 1242 772 1282 per
797 1243 926 1284 quam
953 1230 1098 1270 autem
1124 1230 1262 1270 artem
1280 1242 1369 1270 non
1393 1226 1514 1282 dixit,
1538 1241 1617 1270 nec
1636 1241 1795 1269 nomen

81 1299 189 1355 eius3
225 1298 305 1341 'sed
342 1298 469 1351 datur
506 1299 703 1355 intellegi
735 1299 994 1342 coniecturis
1027 1313 1125 1341 eum
1157 1298 1415 1354 quibusdam
1446 1297 1592 1340 futura
1623 1298 1794 1340 dixisse.

199 1370 268 1413 69.
317 1381 493 1412 PARTES
537 1382 714 1412 PETERE
760 1382 920 1413 AGMEN
963 1382 1154 1413 EASDEM
1203 1370 1497 1426 intellegimus
1548 1370 1602 1412 ab
1654 1360 1792 1412 infero
1821 1378 1865 1410 15

80 1442 189 1484 mari
226 1456 328 1498 apes
359 1442 546 1496 venisse,
575 1442 688 1484 unde
720 1444 764 1484 et
795 1441 984 1484 Troiani.
1027 1440 1218 1497 epartes'
1252 1443 1398 1484 autem
1431 1440 1645 1484 ‘easdem'
1679 1456 1794 1483 sum-

80 1513 253 1556 mitates
284 1527 431 1555 rerum
463 1515 610 1568 petere
642 1513 766 1570 dicit,
806 1513 919 1556 sicut
949 1527 1051 1569 apes
1084 1513 1251 1569 apicem
1283 1513 1415 1569 lauri,
1451 1528 1528 1569 per
1560 1527 1691 1569 quam
1723 1512 1794 1554 ad-

81 1599 287 1627 venarum
321 1584 500 1627 victoria
531 1585 793 1628 enuntiatur.
848 1620 852 1624 .

202 1657 270 1699 71.
320 1667 476 1699 OASTIS
508 1656 606 1713 piis.
651 1659 695 1698 et
720 1657 941 1699 sciendum
965 1656 1172 1699 Latinum
1198 1635 1466 1699 sacrificasse
1496 1656 1618 1698 iuxta
1649 1658 1794 1698 stante

81 1727 278 1770 Lavinia.
1820 1736 1866 1768 20

204 1799 271 1841 73.
320 1810 467 1842 NEFAS
495 1800 697 1842 absoluta
721 1800 1006 1855 parenthesis.
1056 1803 1100 1843 et
1126 1803 1193 1843 est
1216 1800 1447 1856 hypallage
1474 1798 1795 1855 ‘comprendere

84 1870 274 1914 crinibus
305 1869 480 1926 ignem',
512 1885 608 1913 cum
640 1871 754 1927 ignis
788 1872 928 1914 crines
961 1871 1310 1927 comprehendat.

180 1992 200 2023 5
225 2000 322 2024 ωιτν
346 1986 546 2035 religione]
576 1987 622 2024 cf.
647 1988 742 2024 Non.
768 2000 805 2034 p.
831 1992 912 2034 349,
941 1992 983 2024 17
1009 1987 1059 2024 Μ.

186 2088 203 2118 1
232 2084 318 2129 post
342 2083 468 2118 fratris
493 2083 611 2119 lauini
635 2085 795 2120 mortem
822 2084 871 2119 M
887 2084 899 2130 Η
916 2083 1064 2129 Lavini]
1093 2083 1170 2119 laui
1195 2083 1223 2119 S
1241 2084 1292 2130 112
1318 2082 1500 2118 lavinium
1525 2083 1609 2118 RF
1631 2083 1799 2118 lam'num

87 2132 218 2167 urbem
244 2131 278 2165 L
309 2132 320 2178 ΙΙ
358 2131 571 2166 aedificaret
595 2132 668 2167 AS
701 2132 963 2177 (amplificaret
988 2132 1027 2177 a)
1063 2131 1075 2177 Η
1111 2130 1265 2166 inuento
1290 2130 1502 2166 ASRHF
1533 2130 1702 2176 (inuenta
1725 2132 1759 2176 r)
1786 2130 1798 2177 ΙΙ

84 2177 377 2214 laurolauinium
403 2178 600 2214 ASRFl:
632 2178 815 2215 lauinium
841 2178 936 2214 LM
969 2178 1136 2213 lauinum
1162 2179 1208 2213 H
1233 2179 1245 2225 ΙΙ
1275 2177 1314 2213 id
1340 2189 1406 2213 om.
1432 2178 1543 2222 AM,
1569 2189 1685 2223 supra
1709 2188 1796 2214 vers.

85 2227 172 2262 add.
199 2238 236 2262 α.
273 2225 481 2271 appellauit
506 2226 544 2261 id
571 2226 606 2261 L
631 2227 642 2273 ΙΙ
673 2231 694 2262 3
720 2240 760 2261 m
786 2226 857 2262 SR
883 2228 989 2272 (corr.
1017 2226 1054 2271 a)
1083 2226 1095 2272 ΙΙ
1122 2237 1420 2274 pnnnmnmmnvs
1445 2225 1570 2260 ASH
1590 2227 1696 2271 (corr.
1723 2227 1760 2269 a)
1787 2224 1800 2271 11

85 2273 275 2320 penetrale
289 2273 367 2308 RL
377 2275 414 2308 H
421 2273 505 2309 Fa:
526 2274 696 2318 penetral
710 2274 840 2310 ASM
856 2275 868 2320 ΙΙ
888 2278 909 2309 4
925 2272 1068 2309 intecta
1087 2274 1135 2308 sit
1151 2274 1199 2308 M
1216 2274 1227 2320 Η
1246 2273 1285 2308 in
1303 2272 1601 2319 penetrabilibus
1615 2273 1747 2308 ALH
1752 2273 1802 2307 M

87 2323 194 2367 (corr.
214 2323 252 2365 α)
289 2320 639 2366 impenetrabilibus
659 2322 695 2357 R
714 2323 726 2367 ΙΙ
744 2333 818 2357 non
844 2323 900 2357 est
925 2321 1058 2356 mirum
1079 2321 1166 2355 LH
1173 2321 1215 2355 M
1236 2322 1247 2367 ΙΙ
1268 2324 1288 2356 5
1314 2320 1494 2365 nascitur]
1522 2322 1612 2356 nata
1632 2321 1695 2355 ¹est
1715 2320 1765 2355 M
1787 2319 1799 2366 11

86 2374 107 2404 6
133 2380 260 2404 Ριωινει
284 2368 321 2403 R
349 2371 455 2413 (corr.
481 2369 515 2415 r)
535 2370 547 2415 u
566 2368 725 2416 scilicet]
753 2369 886 2415 supple
911 2368 1051 2404 Daniel
1069 2369 1082 2414 ΙΙ
1107 2372 1128 2404 9
1153 2368 1309 2403 verbum
1338 2396 1345 2404 .
1430 2366 1617 2415 futurum]
1642 2368 1800 2403 uerbum

88 2416 378 2462 obpugnationis
403 2416 711 2462 (oppugnationis
739 2418 802 2462 M)
841 2416 987 2452 futurae
1013 2416 1143 2451 ASM
1171 2417 1184 2461 {l
1214 2415 1384 2460 verbum]
1421 2417 1546 2451 autem
1572 2416 1658 2451 add.
1685 2415 1764 2450 FG
1789 2414 1800 2461 Η

89 2462 380 2508 obpugnationis
405 2463 531 2499 HFG
555 2464 568 2511 ΙΙ
595 2467 638 2500 10
665 2464 897 2510 significante
923 2463 1002 2499 FG
1026 2465 1039 2510 ΙΙ
1068 2466 1111 2498 11
1137 2463 1323 2498 mellissus
1350 2463 1387 2498 R
1423 2462 1578 2498 melisus
1605 2462 1646 2498 F
1680 2462 1800 2498 melli-

89 2522 150 2546 sus
170 2522 195 2546 a
213 2510 226 2557 ΙΙ
244 2511 282 2545 et
308 2510 452 2546 duobus
477 2511 571 2546 alias
598 2511 783 2548 sustinent
801 2512 931 2547 RFa:
959 2513 997 2546 et
1022 2511 1165 2547 duobus
1190 2510 1256 2546 alii
1283 2510 1471 2545 sustinent
1489 2510 1563 2546 AS
1594 2511 1633 2545 et
1657 2510 1800 2545 duobus

88 2558 172 2594 aliis
200 2557 393 2593 continent
416 2557 453 2593 L
491 2560 530 2594 et
555 2559 698 2595 duobus
724 2560 808 2595 aliis
835 2559 1020 2595 sustinent
1044 2558 1105 2593 ΗΖ
1137 2559 1175 2594 et
1198 2558 1342 2594 duobus
1368 2557 1453 2592 aliis
1480 2569 1519 2593 se
1545 2557 1730 2593 sustinent
1754 2557 1804 2592 M

89 2607 127 2640 et
152 2605 294 2640 duabus
320 2605 390 2641 alis
415 2617 454 2641 se
480 2606 666 2642 sustinent
685 2606 892 2652 Stephanus
910 2608 922 2652 ΙΙ
944 2610 987 2641 13
1012 2617 1079 2651 per
1105 2605 1234 2652 quam]
1263 2616 1330 2651 per
1354 2605 1543 2651 quandam
1568 2605 1605 2640 A
1636 2616 1702 2650 per
1727 2615 1799 2649 que

90 2663 280 2710 quandam
299 2663 328 2699 S
345 2665 357 2712 ΙΙ
378 2667 422 2699 14
447 2664 672 2701 coniecturis
692 2665 829 2700 RLM
832 2678 870 2700 a:
899 2663 1132 2700 coniectorus
1151 2663 1188 2698 A
1225 2663 1458 2700 coniecturas
1484 2663 1513 2699 S
1520 2663 1608 2699 HF
1623 2665 1635 2710 ΙΙ
1657 2667 1700 2698 15
1719 2655 1801 2698 ΕἈΒ-

90 2711 180 2758 mm]
207 2723 243 2757 p.
271 2722 326 2747 ex.
353 2712 376 2747 i.
403 2713 488 2748 add.
515 2712 564 2747 M
579 2714 592 2758 ΙΙ
610 2713 728 2748 infero
755 2713 846 2748 LM
852 2712 893 2747 F
897 2724 936 2747 a:
964 2711 1138 2747 inferiore
1164 2711 1200 2746 R
1237 2710 1406 2747 inferiori
1430 2711 1554 2747 ASH
1573 2713 1585 2758 ΙΙ
1613 2715 1656 2746 16
1683 2711 1802 2746 maria

89 2758 304 2804 peruenisse
323 2758 360 2794 A
379 2760 485 2805 (corr.
500 2762 538 2805 a)
576 2760 671 2795 mari
696 2759 914 2805 aper-uenire
934 2758 963 2794 S
986 2760 1095 2802 (mari
1119 2759 1356 2804 aperuenisse
1374 2760 1406 2803 s)
1430 2760 1443 2806 ΙΙ
1468 2759 1565 2794 unde
1591 2761 1630 2793 et
1649 2757 1801 2794 Troiani

89 2817 155 2842 om.
184 2807 234 2842 M
250 2807 262 2853 ΙΙ
287 2804 453 2842 eiusdem
478 2806 515 2842 R
540 2807 648 2852 (corr.
673 2810 706 2853 r)
725 2808 738 2853 ΙΙ
764 2807 1019 2843 summitatem
1044 2806 1124 2842 AS.
1160 2807 1245 2850 fort.
1272 2806 1527 2842 summitatem
1553 2810 1616 2841 eos'
1635 2806 1647 2850 ΙΙ
1674 2807 1801 2851 petere

123 2882 131 2889 .
152 2881 159 2889 .
185 2853 414 2889 advenarum
440 2865 506 2890 om.
533 2854 625 2898 AS,
649 2866 750 2900 supr.
777 2866 865 2890 vers.
892 2854 977 2890 add.
1005 2865 1029 2888 a
1053 2854 1065 2900 ss
1098 2857 1140 2890 17
1167 2852 1263 2889 dixit
1286 2853 1323 2888 R
1342 2854 1354 2900 ΙΙ
1380 2865 1489 2898 quem
1516 2853 1551 2888 L
1575 2855 1587 2899 ΙΙ
1620 2857 1663 2888 18
1690 2865 1802 2889 enun-

91 2901 222 2947 tiatur]
254 2901 541 2946 praenuntiatur
566 2901 611 2937 F.
650 2901 751 2947 quod
782 2903 909 2937 autem
938 2900 979 2936 in
1003 2900 1109 2936 lauro
1135 2901 1312 2936 sederunt
1337 2900 1547 2936 ostenditur
1572 2900 1801 2936 aduenarum

91 2948 219 2983 futura
242 2948 403 2984 uictoria
428 2949 512 2985 add.
540 2948 590 2984 M
609 2949 622 2994 ΙΙ
655 2953 698 2989 19
725 2949 935 2996 sciendum]
960 2947 1215 2994 intellegimus
1245 2949 1294 2983 M
1316 2949 1327 2995 11
1359 2953 1404 2983 20
1430 2948 1557 2983 lauina
1582 2947 1668 2982 LH
1692 2947 1800 2993 (laui-

93 2995 157 3030 nia
181 2996 208 3041 l)
233 2997 245 3041 ΙΙ
274 2997 323 3031 ad
347 3007 487 3031 Anonm*
511 2996 554 3031 in
582 2996 788 3032 anonensi
812 2998 845 3032 is
869 2998 1048 3041 interpres
1073 2996 1137 3041 qui
1165 2996 1384 3031 Tironianis
1407 2996 1505 3031 notis
1529 3006 1618 3030 usus
1642 2998 1692 3030 est
1717 2996 1803 3029 haee

93 3043 292 3088 adscripsit
322 3042 462 3079 Adolet
492 3054 560 3089 pro
593 3043 778 3079 sacrificat
809 3043 871 3079 uel
902 3043 1080 3079 incendit.
1131 3042 1282 3078 adolere
1310 3071 1316 3077 .
1342 3070 1348 3077 .
1376 3045 1434 3078 est
1458 3053 1623 3078 creseere
1649 3042 1714 3076 sed
1741 3040 1802 3075 hic

97 3102 192 3124 κατα
219 3089 450 3134 euphismon.
489 3092 546 3126 est
569 3090 611 3126 id
636 3092 694 3126 est
717 3091 911 3138 inpropria
937 3089 1051 3126 dictio
1077 3089 1263 3125 cauebant
1281 3089 1379 3124 enim
1398 3101 1446 3124 ne
1468 3089 1509 3124 in
1527 3090 1639 3125 sacris
1659 3086 1802 3131 aliquid

98 3135 252 3171 uerbum
277 3137 487 3181 proferrent
511 3138 610 3183 quod
635 3140 762 3184 posset
785 3138 825 3173 in
850 3140 989 3174 malam
1014 3138 1161 3182 partem
1187 3137 1275 3181 poni
1301 3138 1339 3172 et
1363 3137 1505 3172 malum
1531 3147 1639 3171 omen
1664 3136 1802 3169 habere

100 3182 185 3217 ideo
212 3183 338 3219 adolet
363 3195 430 3228 pro
449 3184 618 3220 incendit
637 3185 732 3230 dixit
758 3187 845 3231 (pro
864 3187 961 3222 notis
974 3188 1117 3232 puncta
1137 3185 1274 3229 posui).
1301 3185 1347 3228 ef.
1368 3184 1466 3220 Serv.
1489 3185 1537 3219 ad
1556 3184 1646 3218 Aen.
1670 3183 1684 3215 I
1705 3185 1773 3216 704
1792 3181 1795 3226 1

103 3232 148 3264 21
163 3229 332 3265 absolute
345 3230 382 3264 R
396 3232 502 3275 (corr.
513 3232 547 3277 r)
566 3232 579 3277 ΙΙ
597 3234 807 3277 parantasis
817 3233 854 3268 R
871 3235 884 3278 11
904 3235 942 3269 et
955 3232 1028 3277 est]
1044 3232 1102 3266 est
1114 3233 1240 3266 autem
1254 3230 1294 3266 F
1310 3233 1322 3276 ΙΙ
1342 3229 1654 3276 comprehendere
1669 3229 1702 3262 A
1712 3229 1755 3262 H

1471 3289 1519 3323 9*
