2092 3614
535 242 684 278 COMM.
711 241 765 277 IN
791 241 934 277 VERG.
961 240 1070 276 AEN.
1100 240 1132 275 X
1158 244 1358 276 546—564.
1714 240 1801 282 449

207 351 306 394 558.
355 362 529 393 PATRIO
563 362 835 394 SEPVLCHRO
869 353 945 392 aui
975 350 1105 391 etiam
1137 349 1238 392 hinc
1271 351 1468 404 apparet,
1498 335 1693 391 Faunum
1727 348 1804 389 ho-

89 422 250 464 minem
286 422 439 464 fuisse:
478 425 569 478 aut,
605 426 653 464 ut
687 423 858 476 quidam
893 422 1050 474 volunt,
1081 424 1216 475 potest
1251 420 1323 462 hoc
1353 421 1411 463 ad
1441 424 1614 463 mairem
1646 421 1804 474 referri,

88 497 136 536 ut
164 494 275 536 dicat
299 494 462 536 Aeneas
491 495 601 548 quod
628 497 760 536 mater
791 507 883 536 eum
913 493 1081 547 sepelire
1110 506 1194 534 non
1219 493 1354 546 possit
1383 493 1428 534 in
1459 493 1526 534 sui
1550 493 1690 546 patris
1720 506 1803 534 mo-

88 566 311 617 numentis,
342 566 388 607 id
416 569 475 608 est
503 566 550 607 in
581 566 650 607 avi
679 566 767 608 cius
798 565 987 607 materni.

209 636 308 679 559.
358 653 542 680 Amrmvs
565 654 679 679 FEms
703 633 1008 690 σαρκοφάγοις
1035 637 1233 685 οἰωνοῖς.·
1260 635 1444 685 Plautus
1470 637 1550 678 avi
1578 650 1647 677 me
1668 636 1806 689 ferae
1831 643 1852 674 5

63 709 301 751 ‘similem
330 708 534 761 faciam,
565 711 620 750 ut
642 708 923 762 praedicas.

209 780 308 822 560.
357 791 542 822 INPAS'PI
580 780 642 821 ita
678 779 808 833 avidi,
846 782 894 820 ut
926 793 1094 834 semper
1125 779 1353 820 credantur
1390 779 1571 834 inpasti,
1610 779 1721 821 sicut
1754 779 1805 821 de

90 851 286 908 harpyiis
313 850 421 893 dixit
445 851 540 905 <ΙΙΙ
560 851 675 906 217)
702 853 751 892 et
775 850 975 905 pallida
1008 865 1206 905 semper
1237 865 1326 892 ora
1352 849 1502 906 fame,
1530 851 1651 906 quasi
1678 851 1804 893 fame.

210 922 308 965 561.
358 940 479 965 PRIMA
511 939 663 966 AGMINA
694 923 767 976 qui
796 923 977 977 ayminis
1007 926 1128 964 crant
1150 923 1295 976 primi.

209 994 307 1037 562.
358 1011 535 1042 FORTEMQ
545 1012 592 1037 VE
610 1011 755 1038 NVMAM
772 1010 1018 1041 FVLVVMQVE
1037 1010 1249 1036 CAMERTEM
1262 994 1424 1047 fulvum
1445 992 1629 1045 ξανθόν.
1660 995 1807 1037 horum
1835 1002 1878 1033 10

90 1066 137 1107 iri
167 1065 349 1119 cataloyo
380 1066 582 1108 meminit.

211 1137 310 1180 564.
360 1149 634 1180 AVSONIDVM
660 1153 738 1193 pro
760 1136 1125 1191 eAusonidarum',
1153 1138 1263 1180 sieut
1290 1136 1448 1179 ‘deum’
1475 1152 1553 1192 pro
1579 1136 1806 1180 ‘deorum'z

92 1223 194 1250 nam
215 1207 517 1251 ‘Ausonidum’
550 1224 575 1250 a
602 1223 756 1265 genere
781 1209 991 1251 feminino
1025 1209 1143 1251 venit
1175 1211 1223 1250 ut
1257 1208 1378 1250 ‘haec
1404 1208 1608 1250 Ausonis'
1641 1213 1679 1251 et
1710 1209 1806 1251 ‘hae

93 1278 366 1322 Ausonides'.
411 1279 766 1323 ‘Ausonidarum'
799 1295 900 1323 vero
933 1281 1052 1323 venit
1085 1281 1138 1322 ab
1166 1295 1215 1322 eo
1243 1280 1355 1336 quod
1382 1283 1449 1322 est
1477 1280 1562 1322 ‘hic
1583 1280 1808 1323 Ausonida

92 1351 218 1392 huius
250 1351 525 1394 Ausonidae'.
655 1363 838 1394 TAcrrls
871 1364 1107 1394 REGNAVI'P
1141 1364 1343 1395 AMchs
1382 1352 1496 1394 inter
1529 1351 1725 1395 Caietam
1765 1355 1809 1394 et
1836 1360 1878 1391 15

92 1422 367 1465 Terracinam
400 1423 606 1479 oppidum
640 1424 924 1466 constitutum
958 1426 1024 1466 est
1058 1439 1082 1465 a
1114 1423 1376 1479 Laconibus,
1409 1424 1481 1479 qui
1516 1423 1695 1466 comites
1729 1422 1809 1465 Ca-

94 1494 225 1536 storis
270 1497 313 1536 et
350 1494 538 1538 Pollucis
577 1495 755 1538 fuerunt
791 1521 841 1526 —
875 1509 967 1538 cum
1007 1495 1184 1549 Glauco,
1220 1495 1309 1549 filio
1341 1495 1519 1550 Minois,
1557 1496 1604 1537 in
1634 1495 1809 1537 Italiam

92 1570 290 1608 venerunt
324 1570 362 1609 et
391 1567 507 1610 misti
542 1581 634 1610 cum
665 1567 852 1610 Ausonis
886 1591 939 1597 -—-
974 1570 1018 1609 et
1056 1567 1110 1609 ab
1144 1566 1358 1622 Amyclis,
1396 1566 1645 1621 provinciae
1679 1566 1810 1609 Laco-

93 1638 216 1680 nicae
255 1638 448 1694 civitate,
487 1639 526 1681 ei
557 1639 742 1681 inditum
775 1653 935 1682 nomen
968 1641 1046 1682 est.
1109 1638 1302 1681 Lacones
1335 1638 1482 1693 itaque
1515 1638 1589 1680 isti
1621 1653 1715 1680 cum
1749 1653 1810 1680 se-

95 1709 280 1751 cundum
301 1709 619 1766 Pythagoream
650 1714 812 1753 sectam
839 1726 865 1752 a
889 1711 1015 1753 caede
1043 1710 1237 1752 omnium
1266 1709 1516 1752 animalium
1543 1710 1812 1752 abstinerent
1836 1719 1882 1751 20

96 1805 149 1810 -
179 1781 290 1823 unde
316 1781 531 1824 Iuvenalis
558 1782 671 1838 <XV
703 1782 815 1836 173>
849 1781 1050 1824 cunctis
1084 1782 1398 1824 animalibus
1433 1781 1694 1823 abstinuit
1726 1782 1813 1838 qui

94 1855 353 1907 tamquam
386 1853 591 1895 homine
619 1879 673 1884 —
708 1857 752 1896 et
778 1869 829 1896 ex
855 1854 1008 1895 vicinis
1040 1854 1272 1909 paludibus
1300 1856 1425 1895 natas
1453 1856 1675 1908 serpentes
1703 1854 1812 1895 occi-

96 1924 193 1966 dere
231 1917 353 1967 nefas
391 1927 615 1981 putarent,
655 1925 709 1967 ab
741 1926 894 1967 iisdem
927 1925 1180 1981 interempti
1212 1927 1329 1967 sunt:
1372 1925 1484 1967 unde
1518 1925 1718 1980 Amyclas
1750 1928 1813 1967 ta-

96 1995 204 2038 citas
243 1996 365 2051 dicit,
404 1997 446 2038 id
487 1999 554 2039 est
585 1997 901 2053 Pythagoreas:
939 2011 1039 2039 nam
1073 1996 1368 2052 Pythagorica
1407 1997 1546 2038 virtus
1587 2000 1653 2038 est
1691 1996 1812 2052 quin-

97 2068 307 2122 quennale
334 2068 564 2111 silentium.
615 2068 752 2111 Cicero
772 2059 774 2061 ¹
779 2072 947 2122 propter
970 2069 1149 2110 nimiam
1174 2068 1415 2110 modestiam
1441 2069 1596 2122 perisse
1621 2068 1714 2110 illos
1738 2069 1811 2124 ait,
1837 2077 1882 2108 25

96 2139 195 2180 dum
220 2153 247 2180 a
271 2140 464 2193 finitimis
490 2140 699 2193 accipiunt
728 2141 912 2182 iniurias
937 2143 974 2182 et
999 2143 1132 2182 taccat
1161 2153 1241 2182 cas.
1287 2141 1353 2181 est
1384 2142 1428 2181 et
1460 2140 1546 2181 alia
1579 2140 1811 2194 expositio:

97 2223 193 2251 cum
233 2209 480 2266 frequenter
520 2211 632 2253 falso
673 2212 978 2254 nuntiarentur
1017 2211 1165 2254 hostes
1209 2214 1252 2253 et
1292 2211 1412 2252 inani
1452 2213 1616 2253 terrore
1658 2211 1811 2254 civitas

98 2284 392 2338 quassaretur,
424 2283 516 2324 lata
546 2282 642 2339 lege
674 2285 844 2325 cautum
875 2284 941 2324 est
967 2296 1020 2324 ne
1053 2282 1148 2337 quis
1181 2297 1386 2338 umquam
1419 2282 1557 2324 hostis
1590 2284 1814 2325 nuntiaret

194 2403 215 2435 5
242 2399 413 2446 Plautus]
443 2400 591 2445 Captivi
615 2400 632 2434 I
657 2404 691 2443 2,
720 2404 763 2435 14

197 2510 214 2541 1
241 2506 303 2541 hic
329 2506 442 2542 ASR
459 2508 473 2553 ΙΙ
501 2511 522 2542 5
548 2509 658 2553 capto
684 2516 811 2553 φειΓοιε
836 2519 933 2543 Nawc
958 2507 998 2542 F
1033 2504 1290 2554 σαρκοφάγοις
1316 2504 1463 2552 ὀρνέοις
1488 2507 1628 2544 Daniel
1665 2507 1813 2550 οἰωνοῖς

99 2565 161 2599 eqo
186 2555 198 2599 ll
228 2557 249 2588 8
276 2554 389 2600 arpiis
415 2554 546 2590 ALH
550 2555 589 2589 F
624 2556 748 2601 arpyis
773 2555 869 2591 ΕΜ
891 2557 904 2602 ΙΙ
935 2566 1001 2591 ora
1027 2555 1148 2591 famae
1174 2555 1225 2590 L.
1245 2566 1310 2591 ora
1335 2556 1444 2591 stime
1472 2556 1512 2591 F
1538 2558 1551 2602 ss
1582 2556 1689 2601 quasi
1713 2557 1812 2592 fame

100 2601 173 2636 AS
181 2601 230 2635 M
233 2602 262 2636 l:
289 2602 395 2646 quasi
419 2602 543 2638 famae
564 2602 600 2638 R
638 2604 745 2648 quasi
769 2615 859 2649 prae
883 2603 984 2638 fame
1005 2603 1051 2638 H
1085 2603 1194 2648 quasi
1219 2603 1265 2638 de
1291 2603 1389 2639 fame
1410 2603 1450 2638 F
1485 2604 1593 2648 quasi
1617 2604 1812 2640 famelicae

101 2649 312 2684 Fabricius.
352 2650 398 2693 cf.
420 2649 518 2686 Serv.
546 2650 596 2685 ad
614 2651 706 2687 Aen.
727 2650 779 2685 III
799 2655 867 2686 218
887 2653 939 2696 119
967 2651 1016 2686 ad
1042 2662 1147 2686 mum
1168 2663 1200 2686 A.
1227 2662 1255 2686 3.
1275 2662 1306 2686 v.
1335 2651 1398 2696 qui
1424 2651 1535 2696 primi
1561 2654 1668 2687 erant
1693 2653 1811 2698 agmi-

99 2696 157 2731 nis
183 2696 221 2731 id
248 2698 306 2731 est
329 2696 523 2742 praecipui
548 2699 586 2732 et
610 2700 843 2743 praestantes
869 2699 1010 2734 uirtute
1035 2698 1068 2732 Τ
1081 2700 1093 2744 ΙΙ
1112 2710 1254 2735 svnvzm
1275 2698 1316 2733 F
1329 2700 1342 2744 Ι]
1371 2703 1414 2734 10
1434 2700 1484 2734 ad
1503 2711 1713 2739 Fvnvvmovs
1732 2711 1759 2735 s.
1780 2711 1811 2734 v.

102 2746 168 2779 aut
194 2744 430 2789 splendidum
452 2746 518 2779 aut
536 2745 658 2779 rufum
678 2748 744 2780 aut
768 2745 907 2781 flauum
932 2747 963 2780 T
979 2746 992 2791 ΙΙ
1014 2749 1053 2780 11
1081 2747 1118 2780 in
1139 2746 1341 2791 catalogon
1362 2747 1402 2781 F
1417 2748 1429 2793 ΙΙ
1452 2750 1493 2782 13
1520 2747 1589 2782 hae
1615 2747 1812 2782 ausonides

104 2791 285 2827 ASLM:
319 2791 427 2826 huius
461 2792 649 2827 ausonidis
675 2792 711 2827 R
747 2793 841 2829 haec
875 2793 1072 2828 ausonides
1098 2794 1144 2828 H
1181 2793 1275 2829 haec
1300 2794 1488 2829 ausonidis
1516 2794 1557 2829 F
1590 2795 1601 2840 ΙΙ
1641 2798 1684 2829 14
1709 2794 1814 2829 uenit

101 2849 166 2874 om.
194 2839 233 2874 F
249 2841 261 2884 ΙΙ
283 2843 325 2874 15
353 2838 478 2885 huius]
506 2841 554 2874 etv
570 2839 630 2874 hic
656 2839 882 2886 F11AM1cL1s
908 2841 1036 2875 ALH
1071 2853 1187 2876 mcms
1213 2841 1250 2876 R
1268 2843 1280 2887 Η
1299 2842 1459 2877 caietem
1485 2842 1640 2888 ASMn
1660 2843 1698 2877 et
1723 2842 1812 2877 Ter-

102 2886 266 2921 racinam
293 2898 358 2922 om.
378 2888 421 2921 M
441 2888 453 2932 ΙΙ
475 2892 517 2922 16
544 2887 767 2922 tarracinam
788 2888 861 2923 AS
898 2888 1122 2923 terrecinam
1141 2889 1175 2923 L
1213 2889 1462 2925 terraecinam
1488 2890 1531 2924 H
1546 2891 1558 2935 ΙΙ
1580 2893 1623 2925 18
1649 2893 1812 2934 expecta-

103 2937 164 2968 tur
189 2935 227 2969 et
251 2934 355 2969 misti
381 2938 468 2969 sunt
494 2947 575 2969 cum
604 2935 813 2970 Ausonibus
833 2936 845 2980 ΙΙ
865 2934 1078 2980 prouinciae
1105 2947 1193 2972 suae
1220 2936 1409 2972 laconicae
1436 2937 1477 2972 F
1492 2939 1504 2983 ΙΙ
1534 2941 1580 2972 20
1603 2937 1812 2983 phitagori-

103 2991 182 3016 cam
210 2982 243 3015 L
280 2993 522 3027 proagoream
550 2981 595 3016 H
628 2982 855 3027 pitagoriam
882 2983 923 3017 F
938 2984 950 3029 ΙΙ
977 2986 1021 3018 21
1049 2984 1146 3019 unde
1175 3012 1182 3019 .
1205 3011 1213 3019 .
1234 3012 1241 3019 .
1269 2984 1420 3019 homine
1445 2995 1512 3021 om.
1533 2985 1574 3020 F
1589 2986 1601 3032 ΙΙ
1620 2995 1643 3019 a
1668 2985 1811 3020 cunctis

103 3028 248 3065 ASMl
265 3031 278 3075 ΙΙ
297 3041 336 3065 se
362 3029 545 3065 abstinuit
569 3030 694 3064 ΑΒΜ
712 3031 723 3076 ΙΙ
742 3030 806 3075 qui
826 3030 915 3065 AS:
943 3030 1032 3076 quia
1050 3030 1194 3075 RLH,
1221 3042 1287 3067 om.
1310 3033 1379 3066 Ml
1396 3033 1408 3078 ΙΙ
1427 3036 1471 3067 22
1498 3033 1666 3079 homine]
1692 3032 1810 3067 homi-

105 3087 169 3110 nes
195 3076 284 3120 AS,
309 3088 375 3112 om.
403 3077 548 3120 RLH,
574 3077 621 3112 ab
646 3077 860 3113 hominibus
889 3078 936 3112 Μ
943 3078 955 3113 l
973 3079 985 3124 ΙΙ
1013 3079 1051 3113 et
1075 3089 1141 3114 om.
1168 3079 1205 3113 R
1214 3078 1302 3112 LH
1308 3109 1309 3112 ,
1324 3080 1423 3123 (add.
1451 3080 1479 3125 l)
1503 3081 1515 3127 ΙΙ
1544 3091 1588 3115 ex
1613 3079 1761 3125 vicinis]
1789 3091 1812 3114 a

104 3123 240 3158 tucinis
267 3124 333 3170 Fu
365 3127 472 3160 notos
497 3124 533 3159 R
570 3126 678 3160 natos
705 3124 740 3158 L
759 3126 771 3171 ΙΙ
802 3129 846 3159 23
874 3124 1018 3160 amiclis
1045 3126 1171 3161 tacitis
1197 3125 1233 3160 R
1252 3127 1264 3171 ΙΙ
1295 3130 1340 3161 25
1366 3126 1520 3161 nimiam
1546 3127 1586 3162 F
1602 3129 1614 3172 ΙΙ
1644 3127 1711 3161 illo
1738 3125 1779 3160 F
1801 3127 1809 3172 Η

105 3172 214 3252 26tet
232 3171 406 3253 ttzaceJr-tas
433 3172 472 3206 F
499 3174 512 3218 ΙΙ
542 3176 587 3207 27
613 3172 715 3207 inani
742 3173 898 3217 terrore]
924 3173 999 3207 iam
1023 3173 1083 3208 inf:
1111 3183 1233 3208 errore
1261 3173 1301 3208 F
1328 3175 1341 3219 ΙΙ
1371 3178 1418 3210 28
1444 3174 1697 3220 quassaretur]
1726 3185 1810 3209 con·

106 3227 150 3251 cu
170 3228 230 3252 ere
250 3230 291 3253 ur
