2092 3614
513 278 664 314 COMM.
691 277 743 312 IN
771 277 912 313 VERG.
940 277 1048 314 AEN.
1077 279 1163 313 V111
1189 283 1389 314 249—269.
1707 278 1794 320 233

201 388 300 429 264.
348 398 554 430 INFORME
587 399 805 430 CADAVER
836 386 1054 441 ‘informc’
1087 402 1311 443 magnum,
1349 389 1465 430 cuius
1499 389 1682 441 formam
1711 401 1795 430 non

79 459 137 501 sit
163 458 286 512 facilc
315 459 518 514 conplecti.
569 462 613 502 et
644 459 825 502 cadaver
857 462 923 501 est
954 474 1109 515 corpus
1141 458 1332 501 nondum
1364 460 1598 515 sepultum,
1631 459 1793 502 dictum

82 531 255 573 cadaver
286 531 399 586 quod
432 533 578 573 careat
609 531 772 574 honore
805 532 1062 587 sepulturae.
1269 540 1271 542 '

198 593 298 646 265.
348 614 602 653 NEQVEVNT
628 615 830 645 EXPLERI
855 614 1012 646 CORDA
1037 613 1224 645 TVENDO
1250 616 1338 643 non
1365 603 1571 657 poterant
1596 602 1792 644 homines
1824 644 1827 647 .

79 673 262 716 videndo
295 674 477 717 cadaver
509 689 588 716 sua
621 674 750 716 corda
781 674 953 717 satiare.
1015 673 1191 716 ‘tucndffi
1224 677 1360 716 autem
1386 687 1464 727 pro
1496 672 1733 716 ‘intuendo'.
1820 683 1840 714 ὅ

199 746 298 787 267.
348 763 539 797 sssmmffl
567 746 662 788 benc
693 745 916 800 ‘semiferi’,
950 759 1042 787 cum
1072 759 1202 799 supra
1234 744 1378 799 (194)
1412 743 1734 787 ‘semihominis'.

199 817 298 859 268.
348 829 587 867 LAETIQVE
613 828 821 859 MINORES
853 831 963 859 nove
996 819 1040 859 et
1074 817 1181 859 satis
1213 816 1394 858 licenter
1419 816 1640 858 ‘minores'
1674 816 1794 873 dixit,

81 903 178 930 cum
211 888 266 930 ab
298 888 392 943 ipso
419 888 626 930 Euandro
652 888 884 930 Herculem
911 891 1078 931 constet
1104 902 1198 930 esse
1231 890 1496 943 susceptum,
1530 891 1574 930 et
1605 888 1794 930 minores

78 974 163 1002 non
197 959 407 1015 dicamus,
449 960 533 1002 nisi
570 960 768 1015 quotiens
807 960 1019 1015 graduum
1052 960 1196 1002 deficit
1227 974 1402 1014 nomen,
1440 962 1489 1001 ut
1519 961 1625 1014 puta
1657 959 1793 1001 ‘filius

78 1046 212 1086 nepos
238 1046 452 1087 pronepos
479 1032 672 1087 abnepos
700 1031 918 1087 adnepos'.
969 1032 1042 1074 ubi
1068 1032 1141 1074 isti
1169 1031 1328 1087 gradus
1355 1031 1606 1086 defecerint,
1638 1032 1793 1073 merito
1823 1041 1865 1071 10

40 1097 42 1099 ¹
78 1103 167 1145 iam
205 1103 387 1145 dicimus
425 1103 634 1158 minores,
673 1103 786 1146 sicut
823 1103 957 1145 etiam
989 1103 1175 1146 maiores
1209 1103 1390 1145 dicimus
1421 1106 1522 1158 post
1552 1103 1692 1159 patris
1725 1104 1792 1145 avi

78 1175 230 1230 proavi
264 1175 391 1217 abavi
423 1175 624 1230 atavique
655 1175 924 1218 vocabulum.
967 1189 1059 1230 erqo
1091 1174 1298 1218 ‘minores'
1330 1175 1555 1229 accipimus
1580 1189 1659 1229 pro
1684 1175 1795 1218 dein-

77 1260 178 1300 ceps.
226 1246 286 1289 vel
310 1250 412 1288 certe
436 1245 643 1289 ‘minores'
670 1260 762 1288 cum
786 1247 936 1301 quibus
965 1247 1081 1299 vivit,
1112 1248 1212 1301 quia
1242 1248 1378 1301 ipsum
1410 1250 1568 1289 constat
1596 1261 1678 1289 cssc
1709 1247 1793 1289 lon—

73 1331 268 1372 qaevum:
303 1331 403 1359 nam
433 1312 530 1372 post
558 1318 621 1360 ait
651 1318 798 1373 (560)
830 1332 853 1361 o
884 1319 1006 1361 mihi
1034 1320 1339 1373 praeteritos
1375 1319 1569 1372 referat
1602 1319 1646 1361 si
1676 1319 1794 1373 Iup-

70 1390 208 1443 piter
238 1403 406 1431 annos.
1823 1397 1864 1429 15

198 1461 296 1503 269.
346 1472 612 1511 PRIMVSQVE
638 1473 853 1509 Porirws
881 1473 1066 1505 Avcron
1085 1474 1145 1504 ET
1172 1473 1331 1505 nomvs
1352 1472 1591 1504 HERchm
1617 1473 1792 1505 ovsros

77 1544 267 1575 PINARIA
306 1543 439 1575 SACRI
479 1532 591 1588 apud
630 1533 815 1575 maiores
853 1537 1012 1577 nostros
1056 1549 1153 1577 raro
1199 1534 1392 1576 advenae
1433 1533 1792 1588 suscipiebantur,

79 1603 165 1650 nisi
197 1603 409 1645 haberent
438 1603 505 1645 ius
538 1604 737 1659 hospitii3
769 1605 982 1647 incertum
1015 1605 1129 1647 enim
1161 1607 1254 1647 erat
1287 1620 1371 1661 quo
1405 1605 1551 1648 animo
1583 1605 1791 1649 venirent.
1848 1606 1853 1610 ⁵
1904 1658 1915 1670 Ι

79 1674 193 1717 unde
225 1675 355 1717 etiam
387 1674 594 1718 Hercules
632 1675 773 1730 primo
805 1691 894 1718 non
925 1678 992 1719 est
1025 1676 1078 1719 ab
1111 1676 1318 1720 Euandro
1357 1679 1600 1732 susceptus3
1637 1679 1791 1733 postea
1858 1671 1860 1673 ¹

80 1761 181 1789 vero
214 1761 311 1789 cum
344 1761 389 1789 se
421 1749 464 1789 et
494 1746 611 1789 Iovis
648 1747 787 1789 filium
825 1747 1004 1790 dixisset
1036 1750 1079 1790 et
1110 1750 1250 1791 morte
1283 1747 1386 1791 Caci
1423 1749 1628 1791 virtutem
1667 1764 1790 1791 suam
1817 1756 1863 1788 20

79 1818 326 1874 probasset,
359 1820 402 1860 et
427 1821 651 1874 susceptus
683 1820 727 1861 et
757 1834 836 1874 pro
862 1819 1037 1862 numine
1070 1820 1246 1863 habitus
1275 1823 1352 1864 est.
1402 1821 1585 1876 denique
1617 1835 1694 1863 ara
1726 1823 1792 1863 est

32 1892 40 1900 ”
80 1890 119 1931 ei
151 1889 340 1932 maxima
372 1890 626 1945 constituta,
659 1890 773 1945 quod
802 1890 982 1933 Herculi
1007 1890 1243 1948 Delphicus
1269 1892 1427 1948 Apollo
1459 1892 1504 1934 in
1536 1891 1668 1934 Italia
1699 1892 1791 1934 fore

79 1961 364 2016 praedixerat.
425 1975 521 2003 cum
560 1975 664 2017 ergo
696 1961 747 2003 de
780 1976 856 2004 suo
889 1965 1085 2006 armento
1118 1963 1172 2005 ad
1205 1978 1283 2006 sua
1314 1963 1525 2006 sacrificia
1556 1964 1687 2006 boves
1720 1963 1790 2006 de-

79 2032 231 2087 disset,
275 2032 438 2074 inventi
477 2034 577 2074 sunt
614 2031 698 2074 duo
738 2046 880 2087 senes,
920 2033 981 2075 vel
1017 2036 1065 2075 ut
1099 2035 1269 2088 quidam
1306 2036 1476 2078 tradunt
1505 2035 1557 2077 ab
1587 2035 1791 2077 Euandro

78 2104 185 2155 dati,
221 2103 419 2146 Pinarius
458 2106 501 2146 et
538 2103 743 2159 Potitius,
786 2104 941 2159 quibus
982 2104 1169 2160 qualiter
1209 2120 1255 2148 se
1297 2106 1379 2148 coli
1418 2106 1554 2151 vellet,
1588 2106 1790 2162 ostendit,
1817 2114 1862 2146 25

79 2175 243 2218 scilicet
273 2177 323 2218 ut
354 2190 482 2217 manc
513 2177 557 2217 et
587 2190 763 2231 vespere
797 2175 835 2217 ei
869 2175 1195 2219 sacrificaretur.
1251 2177 1442 2233 perfecto
1474 2177 1619 2232 itaque
1652 2180 1790 2219 matu-

78 2247 172 2289 tino
205 2246 415 2289 sacrificio
448 2261 545 2288 cum
577 2247 692 2289 circa
724 2246 830 2289 solis
864 2261 1063 2290 occasum
1096 2250 1243 2290 essent
1274 2263 1396 2290 sacra
1427 2248 1677 2303 repetenda,
1710 2248 1790 2291 Po-

79 2318 200 2360 titius
226 2318 344 2374 prior
371 2318 562 2375 advenit,
594 2318 792 2361 Pinarius
819 2321 989 2375 postea,
1021 2320 1131 2362 extis
1163 2320 1249 2362 iam
1276 2320 1466 2362 redditis.
1511 2320 1621 2361 unde
1654 2320 1790 2362 iratus

80 2380 291 2432 Hercules
324 2389 479 2432 statuit
509 2392 558 2432 ut
587 2389 862 2432 Pinariorum
902 2390 1070 2433 familia
1106 2394 1279 2434 tantum
1311 2392 1512 2434 ministra
1543 2393 1658 2433 esset
1689 2406 1792 2447 epu-

80 2460 273 2503 lantibus
305 2460 478 2503 Potitiis
517 2463 560 2503 et
598 2460 898 2516 conplentibus
937 2476 1076 2504 sacra:
1117 2462 1228 2504 unde
1267 2466 1311 2506 et
1342 2463 1508 2505 Pinarii
1547 2463 1651 2505 dicti
1691 2466 1792 2505 sunt
1818 2472 1863 2502 30

179 2629 196 2659 1
224 2624 380 2660 informe
408 2654 415 2661 .
439 2652 446 2661 .
468 2654 475 2662 .
502 2626 704 2673 conplecti]
734 2626 779 2661 cf.
807 2625 891 2662 Isid.
919 2626 994 2663 diff.
1021 2626 1121 2662 verb.
1152 2631 1217 2662 162
1246 2629 1259 2673 ΙΙ
1289 2631 1311 2663 8
1338 2629 1375 2663 et
1400 2628 1561 2664 minores
1588 2656 1596 2665 .
1619 2658 1625 2664 .
1648 2658 1656 2665 .
1684 2640 1790 2665 voca-

80 2672 226 2753 bulum}
253 2683 366 2707 exscr.
394 2671 480 2708 Isid.
507 2684 558 2710 or.
586 2673 636 2707 IX
662 2677 695 2717 5,
722 2678 764 2709 31
798 2675 810 2718 ΙΙ
849 2677 891 2727 12
917 2673 1096 2710 Hercules
1122 2674 1243 2720 primo
1270 2687 1300 2710 e.
1327 2688 1361 2720 q.
1389 2676 1432 2723 s.]
1462 2687 1576 2712 exscr.
1604 2677 1788 2723 mythogr.

82 2720 94 2754 I
122 2724 185 2764 693
231 2719 246 2753 l
274 2723 356 2764 1533
385 2720 436 2755 III
464 2724 519 2764 13,
547 2724 578 2756 7.
617 2721 662 2758 cf.
690 2722 815 2757 Aurel.
840 2721 937 2756 Vict.
965 2733 1016 2757 or.
1044 2726 1145 2767 gent.
1171 2722 1277 2759 Rom.
1308 2723 1392 2758 V111

178 2878 195 2908 1
224 2874 328 2909 cuius
355 2901 362 2908 .
385 2902 393 2910 .
416 2902 423 2909 .
450 2874 635 2919 conplecti
661 2875 776 2910 edidit
801 2875 1009 2920 Stephanus
1026 2877 1039 2922 ΙΙ
1070 2882 1091 2912 2
1117 2876 1258 2912 dictum
1286 2889 1352 2913 om.
1379 2878 1465 2913 LII
1485 2880 1497 2924 ΙΙ
1528 2884 1549 2914 3
1577 2879 1790 2924 sepulturae

80 2922 220 2956 honore
246 2922 283 2956 R
307 2922 320 2967 ΙΙ
351 2925 372 2956 5
399 2922 560 2958 cadauer
584 2922 747 2958 uidendo
772 2923 807 2957 L
829 2924 843 2968 ΙΙ
872 2924 921 2959 ‘ad
944 2937 1082 2959 'rvfflvno
1109 2935 1209 2969 supr.
1236 2937 1323 2960 vers.
1350 2925 1530 2961 intuendo
1560 2926 1594 2961 T
1612 2928 1626 2971 11
1659 2931 1703 2962 10
1728 2927 1790 2961 ad-

82 2980 196 3014 nepos
217 2969 263 3003 M
272 2984 280 3004 :
307 2970 464 3015 atnepos
485 2970 585 3015 LH,
605 2981 670 3005 om.
686 2970 800 3006 ΑΒΕ
808 2970 857 3014 F,
883 2971 1055 3017 abneptis
1081 2971 1248 3017 trinepos
1268 2973 1307 3007 D
1325 2974 1337 3019 ΙΙ
1360 2977 1401 3008 12
1428 2973 1538 3009 abavi
1564 2985 1630 3010 om.
1645 2974 1718 3009 AS
1725 2974 1761 3008 R
1781 3006 1783 3017 2

84 3017 278 3061 attauique
304 3016 339 3051 L
357 3018 370 3062 ΙΙ
389 3018 572 3053 uocabula
597 3018 634 3052 R
652 3019 664 3063 ΙΙ
693 3019 742 3053 ad
766 3029 917 3054 ninom-:s
943 3019 985 3054 in
1008 3031 1123 3065 mary.
1150 3019 1311 3055 minores
1335 3032 1402 3064 pro
1429 3021 1604 3066 deinceps
1630 3021 1788 3066 accipia-

82 3074 163 3098 mus
190 3064 268 3099 siue
295 3076 379 3099 cum
405 3065 540 3110 quibus
565 3065 663 3101 uiuit
688 3065 777 3110 quia
801 3067 948 3101 constat
971 3067 1091 3112 ipsum
1118 3066 1230 3103 fuisse
1262 3067 1464 3113 longeuum
1494 3068 1528 3103 T
1558 3071 1571 3113 ΙΙ
1610 3073 1652 3103 13
1686 3068 1789 3113 quia]

83 3110 147 3154 qui
173 3111 207 3146 G
236 3113 249 3156 ΙΙ
288 3115 330 3147 19
356 3111 516 3157 primum
543 3124 586 3148 em
611 3113 753 3158 primus
780 3112 821 3147 F
847 3114 860 3158 ΙΙ
890 3114 937 3149 ab
963 3115 1127 3150 euandro
1153 3126 1227 3150 non
1253 3115 1310 3149 est
1335 3117 1526 3160 susceptus
1552 3116 1593 3151 F
1617 3118 1628 3162 ΙΙ
1659 3117 1790 3160 postea
1823 3139 1828 3142 -

84 3184 91 3191 .
114 3183 122 3191 .
145 3183 151 3191 .
180 3162 373 3204 susceptus
393 3171 458 3195 om.
474 3160 515 3195 H
532 3161 545 3206 ΙΙ
564 3165 610 3196 20
636 3161 778 3196 diceret
796 3160 833 3196 R
851 3162 863 3207 ΙΙ
882 3165 925 3196 21
954 3162 1148 3206 probasset
1173 3163 1212 3196 et
1236 3172 1303 3196 om.
1322 3162 1359 3198 R
1377 3164 1390 3208 ΙΙ
1409 3164 1447 3198 et
1472 3167 1557 3199 ante
1581 3174 1647 3208 pro
1673 3174 1738 3197 om.
1755 3162 1790 3196 L

83 3204 183 3248 (add.
212 3206 237 3249 l)
268 3206 281 3250 ΙΙ
317 3210 361 3241 22
388 3207 611 3255 constituta]
638 3208 856 3244 consecrata
883 3209 922 3243 F
950 3211 962 3253 ΙΙ
998 3213 1043 3244 25
1077 3210 1115 3243 et
1138 3208 1299 3244 Potitius
1326 3238 1333 3246 .
1355 3238 1362 3246 .
1384 3237 1391 3246 .
1420 3209 1588 3245 Pinarius
1614 3221 1678 3245 om.
1708 3208 1748 3243 F
1778 3209 1789 3253 1}

86 3254 131 3286 26
157 3251 303 3296 uesperi
328 3254 453 3289 ASH
467 3256 480 3300 ss
505 3255 538 3290 ei
564 3267 631 3291 om.
657 3255 694 3290 R
712 3256 724 3300 11
750 3260 795 3291 30
822 3255 1026 3301 complenti
1050 3257 1084 3290 L
1110 3259 1214 3300 (corr.
1241 3257 1267 3301 Ζ)
