2124 3600
270 1027 313 1059 10

338 263 396 305 50
1111 261 1270 297 SERVII

339 375 483 414 autem
521 371 639 423 ideo,
681 371 784 426 quia
823 371 876 413 ab
914 370 1085 424 inferis3
1118 386 1221 413 nam
1261 384 1362 411 vera
1400 369 1579 411 mittunt
1616 370 1771 424 superi.
1832 369 2047 412 Homerus

339 442 412 485 καὶ
444 441 530 498 γάρ
560 439 603 484 τ’
640 439 752 498 ὄναρ
785 442 831 484 ἐκ
864 439 978 492 Διός
1010 441 1146 484 ἐστίν;
1178 441 1384 484 somnium
1415 441 1463 482 de
1492 440 1601 483 Iove.

457 514 554 557 286.
606 525 840 556 CENTAVRI
871 526 921 555 IN
952 524 1150 556 Fomssvs
1178 523 1453 555 STABVLANT
1487 512 1597 554 benc
1629 511 1690 554 ‘in
1721 512 1916 568 foribus',
1948 513 2049 568 quia

338 599 388 626 ea
419 599 528 640 quae
554 587 703 627 contra
727 586 929 627 naturam
960 587 1146 640 possunt
1172 583 1325 637 creari,
1358 582 1508 625 statim
1539 585 1730 637 pereunt.
1782 587 1857 626 aut
1885 584 1973 626 ideo
2002 584 2050 626 in

338 657 456 698 aditu
495 659 681 699 monstra
721 660 818 698 sunt
849 658 1006 710 posita,
1046 659 1093 698 ut
1124 658 1295 709 propter
1332 654 1404 696 hoc
1440 653 1690 695 terribiliora
1727 658 1857 697 essent
1891 655 2048 708 inferis.

338 726 592 770 ‘stabulant'
626 730 771 770 autem
802 727 1017 770 habitant.
1055 730 1099 769 et
1129 725 1379 780 usurpative
1409 724 1537 780 dixit,
1568 727 1617 766 ut
1649 724 1862 781 ‘populat‚
1893 727 2047 782 luctat3

336 813 438 840 nam
478 799 672 841 stabulor
711 798 905 841 dicimus.
967 801 1011 840 et
1049 798 1157 839 bene
1198 796 1377 851 adlusit,
1415 796 1516 851 quia
1554 810 1605 837 ex
1642 798 1766 850 parte
1807 787 2050 851 equi'sunt.

338 868 546 912 Centauri
590 872 734 912 autem
772 869 934 912 Ixionis
980 871 1023 911 et
1059 869 1186 911 nubis
1229 868 1310 910 filii
1355 870 1465 909 sunt.
1527 866 1653 908 Ixion
1698 867 1813 909 enim
1858 871 2049 911 amatam

336 941 544 983 Iunonem
578 941 627 983 de
661 944 812 997 stupro
844 940 1148 995 interpellavit.
1211 939 1288 981 illa
1319 938 1517 981 confessa
1547 937 1640 980 Iovi
1673 940 1756 994 est,
1798 941 1840 980 et
1873 954 1923 981 ex
1955 939 2047 982 eius

339 1014 563 1056 voluntate
595 1013 754 1054 nubem
782 1013 821 1055 ei
847 1013 892 1054 in
918 1027 1039 1055 suam
1066 1012 1252 1054 formam
1279 1024 1532 1053 conversam
1559 1009 1736 1065 obtulit,
1767 1010 1879 1052 unde
1906 1009 2047 1052 ferun-

338 1087 409 1126 tur
439 1084 533 1126 nati
566 1098 658 1126 esse
685 1082 905 1125 Centauri.
1012 1093 1315 1132 SCYLLAEQVE
1342 1091 1578 1122 BIFORMES
1611 1079 1720 1122 bene
1751 1080 1911 1135 plurali
1945 1095 2048 1123 usus

339 1158 405 1198 est
434 1169 632 1197 numero:
663 1169 765 1196 nam
797 1156 840 1196 et
870 1154 948 1195 illa
966 1152 1065 1195 Nisi
1097 1152 1328 1195 secundum
1362 1152 1470 1194 alios
1504 1152 1548 1193 in
1581 1165 1702 1193 avem
1733 1165 1940 1193 conversa
1971 1154 2048 1206 est,

339 1226 571 1268 secundum
598 1225 707 1267 alios
733 1226 779 1267 in
804 1225 979 1280 piscem.
1029 1237 1131 1280 ergo
1159 1223 1291 1265 etiam
1316 1223 1412 1278 ipsa
1437 1222 1635 1264 biformis
1667 1222 1767 1277 fuit,
1799 1222 1914 1264 sicut
1943 1222 2050 1265 haec

338 1299 384 1340 in
417 1297 592 1341 Siciliae
631 1297 754 1339 freto.
817 1296 977 1338 dictum
1015 1297 1159 1337 autem
1193 1296 1259 1336 est
1289 1308 1366 1349 per
1396 1296 1550 1349 poetae
1583 1293 1811 1335 scientiam
1841 1294 1902 1336 vel
1933 1294 2050 1337 lieen-

273 1383 314 1414 15
342 1370 455 1419 tiam.
516 1369 688 1422 quidam
710 1368 919 1422 pluralem
949 1379 1166 1409 numerum
1190 1379 1271 1419 pro
1301 1365 1508 1418 sinyulari
1531 1365 1714 1418 positum
1745 1365 1909 1407 volunt:
1950 1379 2050 1407 nam

339 1455 442 1495 quae
473 1441 518 1482 in
550 1454 664 1482 avem
695 1452 887 1482 conversa
916 1442 974 1481 est
1002 1437 1110 1481 nihil
1134 1437 1303 1480 terroris
1326 1435 1453 1478 habet.
1503 1435 1655 1478 harum
1679 1449 1778 1478 sane
1807 1436 1974 1488 fabulae
2004 1437 2050 1478 in

339 1512 530 1555 bucolicis
562 1510 653 1566 <VI
687 1510 771 1565 74>
799 1511 967 1564 plenius
996 1511 1195 1552 narratae
1225 1510 1334 1550 sunt.

458 1583 557 1626 287.
607 1592 1004 1625 CENTVMGEMINVS
1042 1590 1268 1622 BR1AREvs
1310 1578 1469 1620 centies
1508 1577 1683 1633 duplex:
1723 1577 1956 1620 secundum
1986 1577 2048 1620 fa-

341 1656 464 1698 bulas
496 1655 590 1710 ipse
621 1655 745 1696 etiam
777 1654 908 1695 diems
940 1654 1006 1694 est
1036 1650 1253 1707 Aegaeon.
1306 1649 1397 1703 qui,
1427 1652 1475 1691 ut
1503 1663 1588 1691 non
1617 1649 1726 1691 nulli
1758 1650 1946 1704 tradunt,
1973 1663 2050 1702 pro

268 1739 314 1771 20
340 1728 422 1769 diis
452 1727 647 1769 adversus
670 1725 870 1780 Giyantes
900 1723 1003 1766 bella
1030 1723 1171 1777 yessit,
1202 1725 1248 1763 ut
1276 1734 1368 1762 vero
1398 1721 1475 1762 alii
1508 1721 1752 1774 adfirmant,
1784 1723 1928 1762 eontra
1956 1721 2050 1764 deos

333 1798 538 1853 puynavit
567 1811 610 1839 eo
641 1797 823 1843 manime
855 1798 1028 1849 tempore
1058 1807 1136 1848 quo
1170 1794 1278 1835 inter
1307 1791 1446 1834 Iovem
1484 1794 1522 1833 et
1551 1790 1782 1834 Saturnum
1813 1792 1861 1834 de
1891 1786 2051 1835 eael'esti

337 1883 459 1924 reyno
490 1871 690 1911 certamen
719 1867 824 1920 fuit:
856 1867 964 1908 unde
994 1879 1085 1908 eum
1110 1878 1138 1906 a
1164 1864 1260 1907 Iove
1288 1863 1467 1916 fulmine
1498 1863 1555 1905 acl
1584 1862 1738 1915 inferos
1770 1863 1941 1906 tradunt
1970 1876 2050 1906 esse

340 1945 511 1983 trusum.
576 1940 654 1981 alii
690 1939 847 1992 dieunt,
885 1951 977 1979 eum
1006 1936 1117 1978 Iuno
1148 1938 1186 1978 et
1214 1935 1410 1977 Minerva
1444 1937 1482 1976 et
1512 1934 1731 1988 Neptunus
1766 1935 1959 1988 ceterique
1988 1935 2050 1977 dii

338 2012 477 2054 Iovem
515 2012 643 2066 liyare
679 2010 839 2060 vellent,
882 2023 910 2051 a
949 2008 1117 2050 Thetide
1153 2006 1383 2049 Briareum
1428 2005 1658 2047 adhibitum
1693 2004 1833 2047 Iovem
1874 2006 2050 2049 vinculis

274 2094 319 2126 25
345 2084 548 2126 exemisse.
668 2092 727 2123 Ac
771 2091 925 2123 BELVA
968 2090 1153 2121 LERNAE
1204 2077 1390 2132 hydram
1434 2076 1555 2131 dicit,
1604 2078 1824 2129 serpentem
1865 2077 2050 2120 inmomis

438 2239 456 2269 1
489 2234 687 2280 Homerus]
724 2225 766 2268 Il.
793 2233 809 2268 I
836 2237 880 2268 63
917 2233 929 2279 11
966 2236 986 2267 3
1019 2231 1113 2266 bene
1141 2258 1147 2266 .
1171 2259 1177 2266 .
1200 2257 1208 2265 .
1234 2229 1408 2275 pereunt]
1444 2238 1557 2263 exscr.
1596 2227 1783 2273 mythogr.
1817 2227 1869 2263 III
1902 2233 1940 2273 6,
1966 2231 2011 2264 25
2037 2229 2049 2276 11

341 2287 361 2319 8
390 2281 566 2318 Centauri
591 2282 718 2317 autem
745 2309 751 2315 .
774 2308 782 2316 .
805 2308 812 2315 .
839 2278 1030 2324 Centauri]
1058 2277 1102 2314 cf.
1124 2277 1310 2322 mythogr.
1332 2277 1347 2310 I
1371 2279 1448 2319 162,
1474 2275 1509 2310 II
1531 2279 1614 2318 106;
1642 2275 1745 2310 Luct.
1766 2274 1866 2311 Plac.
1894 2275 1932 2310 in
1953 2275 2046 2312 Stat.

341 2330 457 2365 Theb.
478 2328 530 2363 IV
551 2332 619 2364 539
639 2330 651 2375 11
670 2332 715 2364 20
741 2329 784 2363 ut
808 2338 895 2363 vero
922 2353 930 2362 .
953 2353 961 2360 .
984 2354 990 2361 .
1017 2323 1216 2370 pugnavit]
1244 2323 1291 2359 cf.
1315 2324 1420 2359 Luct.
1441 2322 1542 2358 Plac.
1569 2322 1617 2357 ad
1645 2321 1739 2357 Stat.
1759 2322 1874 2358 Theb.
1895 2323 1929 2357 Π
1949 2322 2049 2405 5961

340 2380 385 2413 25
410 2376 569 2421 hydram
595 2375 686 2411 dicit
712 2386 742 2410 e.
770 2387 803 2420 q.
832 2387 859 2410 s.
907 2385 1022 2409 exscr.
1048 2372 1235 2417 mythogr.
1261 2370 1279 2404 Ι
1306 2374 1366 2414 62;
1400 2370 1435 2405 ΙΙ
1462 2374 1546 2413 163;
1573 2370 1624 2404 III
1653 2373 1708 2414 13,
1733 2373 1771 2412 43
1804 2368 1890 2405 Isid.
1918 2381 1969 2406 or.
1997 2370 2030 2405 X

340 2429 374 2469 3,
401 2428 447 2459 34
473 2424 511 2458 et
531 2423 604 2459 -XII
630 2427 664 2468 4,
691 2426 746 2458 23.
793 2422 838 2457 cf.
895 2422 969 2457 uct.
996 2419 1094 2456 Plac.
1123 2419 1171 2455 ad
1197 2418 1294 2454 Stat.
1320 2417 1436 2454 Theb.
1462 2418 1479 2452 Ι
1505 2421 1574 2453 384

437 2570 458 2601 2
485 2578 548 2600 ΚΑΙ
572 2577 776 2600 PTAPTONAP
802 2575 844 2599 ex
871 2574 952 2598 Διο(
977 2574 1085 2598 ecmn
1109 2561 1146 2597 R
1182 2573 1266 2597 xarr
1291 2571 1403 2595 amon
1432 2570 1521 2605 aper
1548 2559 1627 2594 dios
1654 2571 1755 2595 eccm
1779 2559 1825 2594 H
1855 2570 2048 2596 xanar‘ron
2074 2586 2076 2589 ψ

341 2625 488 2650 apeme<
514 2613 564 2647 M
587 2613 599 2658 11
628 2616 650 2646 4
674 2611 728 2658 in]
756 2613 799 2646 ut
824 2611 858 2646 G
884 2612 896 2657 11
924 2614 944 2645 5
970 2608 1214 2646 terribiliores
1238 2607 1335 2651 ΕΘ,
1361 2608 1503 2642 correoei
1527 2608 1539 2653 11
1569 2610 1588 2642 7
1615 2607 1782 2642 adlusdit
1806 2606 1885 2642 Fe*
1903 2608 1916 2654 11
1944 2607 2030 2652 equi

342 2661 406 2707 qui
431 2660 465 2696 G
490 2661 502 2706 11
534 2663 555 2695 8
581 2658 724 2694 oxionis
751 2658 785 2693 G
809 2659 821 2704 11
847 2659 886 2692 et
910 2657 1111 2695 nubis-om.
1140 2656 1204 2738 GP„
1228 2655 1310 2691 exio
1336 2653 1416 2689 FG
1434 2655 1446 2700 11
1471 2653 1587 2700 6111111]
1615 2655 1741 2690 autem
1768 2653 1848 2690 Fa
1872 2655 1884 2701 11
1915 2658 1936 2689 9
1962 2653 2030 2690 illa

342 2708 443 2753 quod.
466 2707 535 2742 illa
559 2706 595 2740 R
614 2707 626 2752 11
645 2706 739 2752 eius]
766 2705 823 2740 uis
849 2705 882 2740 G
901 2706 912 2751 11
940 2708 983 2739 10
1009 2704 1044 2739 61
1068 2714 1134 2739 om.
1209 2703 1242 2739 G
1261 2703 1274 2749 11
1301 2705 1341 2737 11
1367 2702 1474 2737 schol.
1501 2702 1551 2737 ad
1576 2713 1798 2742 senumve
1823 2715 1856 2736 B.
1882 2712 1949 2737 om.
1977 2701 2011 2736 G·

343 2760 386 2791 12
413 2756 452 2791 et
477 2765 542 2790 om.
571 2754 620 2788 M
649 2754 661 2799 11
697 2752 780 2798 illa]
808 2751 913 2787 scilla
937 2762 957 2786 r
993 2763 1035 2799 ,p
1061 2762 1098 2788 n.
1124 2761 1300 2796 superscr.
1326 2760 1361 2784 m
1400 2748 1524 2794 Scylla
1548 2748 1626 2784 filia
1650 2749 1713 2784 vul
1737 2759 1757 2784 ο
1788 2749 1800 2795 11
1835 2759 1945 2784 uersa
1970 2748 2016 2782 H

344 2807 386 2838 13
411 2803 495 2848 ipsa
526 2800 640 2836 etiam
665 2799 702 2834 R
733 2800 745 2846 11
784 2802 827 2834 14
860 2798 916 2834 est
947 2809 1012 2833 om.
1039 2797 1076 2832 R
1106 2799 1119 2844 11
1154 2797 1344 2834 licentiam
1370 2796 1432 2830 uel
1457 2795 1651 2831 scientiam
1677 2760 1736 2831 Fq
1765 2795 1823 2831 vel
1855 2794 2047 2831 licentiam

342 2850 456 2885 edidit
481 2848 688 2893 Stephanus
712 2848 724 2893 11
752 2849 795 2881 15
821 2856 981 2889 namque
1007 2844 1048 2879 F
1068 2846 1080 2891 11
1111 2848 1154 2880 18
1181 2846 1231 2880 ad
1255 2855 1424 2879 nmsmzvs
1451 2844 1493 2878 in
1520 2843 1811 2879 Oaroliruhensis
1835 2853 1950 2888 maa-9.
1975 2843 2045 2886 inf.

341 2898 443 2932 homo
467 2906 558 2931 saec.
587 2894 685 2929 XII
707 2895 793 2929 haec
818 2892 1014 2937 adscripsit
1043 2892 1215 2927 Briareus
1246 2902 1341 2926 unus
1374 2890 1420 2925 de
1451 2890 1537 2925 filiis
1568 2891 1701 2926 terrae.
1754 2890 1817 2935 qui
1855 2888 2046 2935 potentior

343 2943 475 2980 ceteris
500 2941 583 2977 suit.
628 2942 667 2976 et
692 2940 763 2976 diis
788 2939 965 2976 auxilium
992 2938 1121 2974 contra
1147 2939 1319 2984 gigantes
1343 2937 1443 2973 tulit.
1483 2938 1520 2973 et
1546 2937 1617 2972 diis
1643 2947 1747 2972 arma
1772 2937 1901 2972 suasit.
1942 2936 2044 2972 ideo-

342 3002 413 3036 que
437 2991 477 3026 in
503 2990 623 3025 celum
648 2989 819 3034 receptus
846 2988 912 3023 est.
952 2987 991 3021 et
1016 2985 1102 3030 quia
1128 2986 1278 3020 centum
1303 2994 1376 3020 uno
1402 2984 1480 3020 ictu
1504 2985 1702 3020 interfecit.
1740 2986 1890 3019 centum
1911 2994 2043 3019 manus

342 3036 517 3075 habuisse
544 3035 692 3072 dicitur.
717 3036 730 3083 11
761 3035 901 3071 centies
927 3033 1084 3079 (cencies
1108 3033 1159 3077 A)
1186 3032 1318 3067 similis
1345 3031 1483 3076 duplex
1507 3031 1580 3066 AS
1603 3033 1615 3078 11
1646 3032 1696 3067 ad
1718 3042 1750 3066 v.
1778 3033 1847 3066 287
1878 3030 1961 3075 ipse
1988 3031 2045 3065 est

342 3096 460 3132 egeon
486 3083 550 3131 qui
574 3084 617 3118 ut
642 3083 811 3118 nonnulli
836 3081 990 3117 tradunt
1015 3109 1022 3116 .
1045 3108 1052 3115 .
1075 3108 1082 3114 .
1109 3079 1288 3115 exemisse
1313 3080 1355 3114 in
1378 3090 1494 3123 mary.
1522 3079 1556 3113 Τ
1584 3079 1596 3124 11
1629 3082 1671 3113 19
1698 3076 1889 3122 Aegaeon]
1923 3087 2043 3122 egeon

339 3133 430 3169 RH
461 3142 604 3178 aegeon
628 3130 657 3165 S
693 3130 872 3165 ducentas
896 3128 1033 3164 formas
1058 3126 1200 3162 habens
1225 3127 1308 3162 adel.
1339 3126 1388 3161 M
1403 3127 1415 3172 11
1440 3129 1486 3160 20
1511 3126 1568 3160 dis
1597 3125 1631 3159 T
1653 3126 1665 3171 11
1693 3128 1739 3159 23
1766 3124 1805 3159 di
1833 3124 1866 3158 T
1883 3124 1894 3170 11
1920 3127 1967 3159 24
1991 3122 2043 3159 io-

339 3191 425 3216 nem
450 3179 578 3226 lagare
603 3176 683 3212 Fa
718 3178 730 3223 11
765 3175 946 3211 briarium
973 3174 1013 3210 F
1045 3175 1056 3221 11
1093 3177 1138 3209 25
1164 3174 1300 3209 scholia
1325 3173 1374 3208 ad
1398 3184 1443 3207 Ac
1469 3185 1500 3208 Β.
1526 3183 1558 3208 1..
1584 3175 1617 3206 et
1642 3171 1691 3206 ad
1715 3181 1747 3206 υ.
1774 3173 1842 3206 288
1877 3181 1943 3206 om.
1971 3170 2006 3206 G
2029 3171 2040 3216 11

338 3228 471 3272 ydram
495 3224 663 3262 RASH
686 3225 698 3270 11
728 3223 894 3259 inmanes
921 3222 961 3257 F
