<?xml version="1.0" encoding="UTF-8"?>
<!DOCTYPE html PUBLIC "-//W3C//DTD XHTML 1.0 Transitional//EN"
    "http://www.w3.org/TR/xhtml1/DTD/xhtml1-transitional.dtd">
<html xmlns="http://www.w3.org/1999/xhtml" xml:lang="en" lang="en">
 <head>
  <title>
</title>
<meta http-equiv="Content-Type" content="text/html;charset=utf-8" />
  <meta name='ocr-system' content='tesseract 3.04.00' />
  <meta name='ocr-capabilities' content='ocr_page ocr_carea ocr_par ocr_line ocrx_word'/>
</head>
<body>
  <div class='ocr_page' id='page_1' title='image "./invergiliicarmin02servuoft_0205.png"; bbox 0 0 2092 3614; ppageno 0'>
   <div class='ocr_carea' id='block_1_1' title="bbox 489 220 1759 284">
    <p class='ocr_par' dir='ltr' id='par_1_1' title="bbox 489 220 1759 284">
     <span class='ocr_line' id='line_1_1' title="bbox 489 220 1759 284; baseline -0.002 -2"><span class='ocrx_word' id='word_1_1' title='bbox 489 245 640 282; x_wconf 84' lang='lat' dir='ltr'><strong>cOMM.</strong></span> <span class='ocrx_word' id='word_1_2' title='bbox 666 220 719 282; x_wconf 61' lang='lat' dir='ltr'><strong>iis</strong></span> <span class='ocrx_word' id='word_1_3' title='bbox 743 243 887 281; x_wconf 73' lang='lat' dir='ltr'><strong>Vane.</strong></span> <span class='ocrx_word' id='word_1_4' title='bbox 913 244 1024 280; x_wconf 78' lang='lat' dir='ltr'>AEN.</span> <span class='ocrx_word' id='word_1_5' title='bbox 1051 243 1120 279; x_wconf 82' lang='lat' dir='ltr'><strong>vn</strong></span> <span class='ocrx_word' id='word_1_6' title='bbox 1147 248 1342 281; x_wconf 80' lang='lat'>739—750.</span> <span class='ocrx_word' id='word_1_7' title='bbox 1675 242 1759 284; x_wconf 83' lang='lat'><strong>191</strong></span> 
     </span>
    </p>
   </div>
   <div class='ocr_carea' id='block_1_2' title="bbox 51 352 1767 2267">
    <p class='ocr_par' dir='ltr' id='par_1_2' title="bbox 52 352 1765 482">
     <span class='ocr_line' id='line_1_2' title="bbox 52 352 1765 413; baseline -0.004 -11"><span class='ocrx_word' id='word_1_8' title='bbox 52 359 237 412; x_wconf 78' lang='lat' dir='ltr'><strong>aliosque</strong></span> <span class='ocrx_word' id='word_1_9' title='bbox 263 357 462 413; x_wconf 73' lang='lat' dir='ltr'><strong>faqientes</strong></span> <span class='ocrx_word' id='word_1_10' title='bbox 483 357 734 399; x_wconf 75' lang='lat' dir='ltr'><em>Moeranum</em></span> <span class='ocrx_word' id='word_1_11' title='bbox 764 355 894 398; x_wconf 80' lang='lat' dir='ltr'><strong>abisse</strong></span> <span class='ocrx_word' id='word_1_12' title='bbox 924 352 1078 396; x_wconf 76' lang='lat' dir='ltr'><strong>eteius</strong></span> <span class='ocrx_word' id='word_1_13' title='bbox 1107 354 1254 396; x_wconf 79' lang='lat' dir='ltr'><strong>incolis</strong></span> <span class='ocrx_word' id='word_1_14' title='bbox 1283 367 1324 396; x_wconf 86' lang='lat' dir='ltr'><strong>se</strong></span> <span class='ocrx_word' id='word_1_15' title='bbox 1354 354 1559 396; x_wconf 75' lang='lat' dir='ltr'><strong>iunxisse:</strong></span> <span class='ocrx_word' id='word_1_16' title='bbox 1590 356 1628 395; x_wconf 89' lang='lat' dir='ltr'><strong>et</strong></span> <span class='ocrx_word' id='word_1_17' title='bbox 1656 353 1765 407; x_wconf 81' lang='lat' dir='ltr'><strong>qaod</strong></span> 
     </span>
     <span class='ocr_line' id='line_1_3' title="bbox 57 423 1527 482; baseline -0.003 -10"><span class='ocrx_word' id='word_1_18' title='bbox 57 430 287 472; x_wconf 83' lang='lat' dir='ltr'><strong>inbelliores</strong></span> <span class='ocrx_word' id='word_1_19' title='bbox 315 429 476 482; x_wconf 78' lang='lat' dir='ltr'><strong>fuerint</strong></span> <span class='ocrx_word' id='word_1_20' title='bbox 498 427 721 470; x_wconf 76' lang='lat' dir='ltr'><em>Abellanos</em></span> <span class='ocrx_word' id='word_1_21' title='bbox 751 427 887 470; x_wconf 80' lang='lat' dir='ltr'><strong>dictos.</strong></span> <span class='ocrx_word' id='word_1_22' title='bbox 1223 431 1227 432; x_wconf 69' lang='grc'>’</span> <span class='ocrx_word' id='word_1_23' title='bbox 1524 423 1527 425; x_wconf 66' lang='grc'>’</span> 
     </span>
    </p>

    <p class='ocr_par' dir='ltr' id='par_1_3' title="bbox 51 496 1766 900">
     <span class='ocr_line' id='line_1_4' title="bbox 174 496 1761 544; baseline -0.004 -1"><span class='ocrx_word' id='word_1_24' title='bbox 174 501 270 544; x_wconf 93' lang='grc'><strong>741.</strong></span> <span class='ocrx_word' id='word_1_25' title='bbox 322 510 517 543; x_wconf 83' lang='lat' dir='ltr'><strong>oATEIAS</strong></span> <span class='ocrx_word' id='word_1_26' title='bbox 555 499 644 541; x_wconf 88' lang='lat' dir='ltr'><strong>tela</strong></span> <span class='ocrx_word' id='word_1_27' title='bbox 681 498 865 541; x_wconf 85' lang='lat' dir='ltr'><strong>Gallica:</strong></span> <span class='ocrx_word' id='word_1_28' title='bbox 910 497 1022 541; x_wconf 92' lang='lat' dir='ltr'><strong>unde</strong></span> <span class='ocrx_word' id='word_1_29' title='bbox 1060 499 1104 540; x_wconf 90' lang='lat' dir='ltr'><strong>et</strong></span> <span class='ocrx_word' id='word_1_30' title='bbox 1140 496 1422 539; x_wconf 71' lang='lat' dir='ltr'>Teutonicum</span> <span class='ocrx_word' id='word_1_31' title='bbox 1466 497 1598 538; x_wconf 88' lang='lat' dir='ltr'><strong>ritum</strong></span> <span class='ocrx_word' id='word_1_32' title='bbox 1644 496 1761 539; x_wconf 86' lang='lat' dir='ltr'><strong>dixit.</strong></span> 
     </span>
     <span class='ocr_line' id='line_1_5' title="bbox 54 568 1763 626; baseline -0.002 -12"><span class='ocrx_word' id='word_1_33' title='bbox 54 572 227 615; x_wconf 82' lang='lat' dir='ltr'><strong>cateiam</strong></span> <span class='ocrx_word' id='word_1_34' title='bbox 264 572 434 626; x_wconf 79' lang='lat' dir='ltr'><strong>qnidam</strong></span> <span class='ocrx_word' id='word_1_35' title='bbox 470 573 660 613; x_wconf 81' lang='lat' dir='ltr'><strong>asserunt</strong></span> <span class='ocrx_word' id='word_1_36' title='bbox 696 570 765 612; x_wconf 86' lang='lat' dir='ltr'><strong>teli</strong></span> <span class='ocrx_word' id='word_1_37' title='bbox 797 583 926 624; x_wconf 66' lang='lat' dir='ltr'><strong>qenas</strong></span> <span class='ocrx_word' id='word_1_38' title='bbox 963 583 1045 612; x_wconf 85' lang='lat' dir='ltr'><strong>esse</strong></span> <span class='ocrx_word' id='word_1_39' title='bbox 1081 569 1161 611; x_wconf 90' lang='lat' dir='ltr'><strong>tale</strong></span> <span class='ocrx_word' id='word_1_40' title='bbox 1200 568 1319 622; x_wconf 80' lang='lat' dir='ltr'><strong>quale</strong></span> <span class='ocrx_word' id='word_1_41' title='bbox 1355 568 1516 622; x_wconf 71' lang='lat' dir='ltr'><strong>aclydes</strong></span> <span class='ocrx_word' id='word_1_42' title='bbox 1557 571 1670 619; x_wconf 84' lang='lat' dir='ltr'><strong>sant,</strong></span> <span class='ocrx_word' id='word_1_43' title='bbox 1714 581 1763 610; x_wconf 76' lang='lat' dir='ltr'><strong>ex</strong></span> 
     </span>
     <span class='ocr_line' id='line_1_6' title="bbox 54 638 1764 697; baseline -0.003 -11"><span class='ocrx_word' id='word_1_44' title='bbox 54 644 230 686; x_wconf 84' lang='lat' dir='ltr'><strong>materia</strong></span> <span class='ocrx_word' id='word_1_45' title='bbox 253 657 378 697; x_wconf 75' lang='lat' dir='ltr'><strong>qaam</strong></span> <span class='ocrx_word' id='word_1_46' title='bbox 403 642 584 685; x_wconf 81' lang='lat' dir='ltr'><strong>maxime</strong></span> <span class='ocrx_word' id='word_1_47' title='bbox 609 641 736 696; x_wconf 81' lang='lat' dir='ltr'><strong>lenta,</strong></span> <span class='ocrx_word' id='word_1_48' title='bbox 767 642 924 684; x_wconf 79' lang='lat' dir='ltr'><strong>cubitus</strong></span> <span class='ocrx_word' id='word_1_49' title='bbox 948 641 1217 695; x_wconf 62' lang='lat' dir='ltr'><strong>longitudine,</strong></span> <span class='ocrx_word' id='word_1_50' title='bbox 1249 642 1333 681; x_wconf 86' lang='lat' dir='ltr'><strong>tota</strong></span> <span class='ocrx_word' id='word_1_51' title='bbox 1360 638 1446 692; x_wconf 89' lang='lat' dir='ltr'><strong>fere</strong></span> <span class='ocrx_word' id='word_1_52' title='bbox 1470 639 1597 681; x_wconf 84' lang='lat' dir='ltr'><strong>clavis</strong></span> <span class='ocrx_word' id='word_1_53' title='bbox 1618 639 1764 692; x_wconf 83' lang='lat' dir='ltr'><strong>ferreis</strong></span> 
     </span>
     <span class='ocr_line' id='line_1_7' title="bbox 53 710 1764 770; baseline -0.004 -12"><span class='ocrx_word' id='word_1_54' title='bbox 53 715 234 770; x_wconf 71' lang='lat' dir='ltr'><strong>illiqata,</strong></span> <span class='ocrx_word' id='word_1_55' title='bbox 278 728 382 768; x_wconf 79' lang='lat' dir='ltr'><strong>quas</strong></span> <span class='ocrx_word' id='word_1_56' title='bbox 425 715 472 756; x_wconf 87' lang='lat' dir='ltr'><strong>in</strong></span> <span class='ocrx_word' id='word_1_57' title='bbox 513 714 664 756; x_wconf 76' lang='lat' dir='ltr'><strong>hostem</strong></span> <span class='ocrx_word' id='word_1_58' title='bbox 716 713 943 755; x_wconf 77' lang='lat' dir='ltr'><strong>iaculantes</strong></span> <span class='ocrx_word' id='word_1_59' title='bbox 992 712 1129 763; x_wconf 86' lang='lat' dir='ltr'><strong>lineis,</strong></span> <span class='ocrx_word' id='word_1_60' title='bbox 1177 710 1324 765; x_wconf 72' lang='lat' dir='ltr'><strong>quibus</strong></span> <span class='ocrx_word' id='word_1_61' title='bbox 1363 724 1432 752; x_wconf 84' lang='lat' dir='ltr'><strong>eas</strong></span> <span class='ocrx_word' id='word_1_62' title='bbox 1471 711 1764 761; x_wconf 79' lang='lat' dir='ltr'><strong>adnexaerant,</strong></span> 
     </span>
     <span class='ocr_line' id='line_1_8' title="bbox 51 781 1766 841; baseline -0.003 -13"><span class='ocrx_word' id='word_1_63' title='bbox 51 788 277 841; x_wconf 76' lang='lat' dir='ltr'><strong>reciprocas</strong></span> <span class='ocrx_word' id='word_1_64' title='bbox 304 785 523 839; x_wconf 78' lang='lat' dir='ltr'><strong>faciebant.</strong></span> <span class='ocrx_word' id='word_1_65' title='bbox 638 801 800 828; x_wconf 63' lang='lat' dir='ltr'><strong>onnus</strong></span> <span class='ocrx_word' id='word_1_66' title='bbox 828 785 875 827; x_wconf 84' lang='lat' dir='ltr'><strong>id</strong></span> <span class='ocrx_word' id='word_1_67' title='bbox 903 787 962 827; x_wconf 88' lang='lat' dir='ltr'><strong>est</strong></span> <span class='ocrx_word' id='word_1_68' title='bbox 990 783 1142 826; x_wconf 78' lang='lat' dir='ltr'><strong>hastas.</strong></span> <span class='ocrx_word' id='word_1_69' title='bbox 1197 782 1349 825; x_wconf 83' lang='lat' dir='ltr'><strong>eateiae</strong></span> <span class='ocrx_word' id='word_1_70' title='bbox 1380 782 1524 836; x_wconf 72' lang='lat' dir='ltr'><strong>linqua</strong></span> <span class='ocrx_word' id='word_1_71' title='bbox 1553 781 1766 826; x_wconf 75' lang='lat' dir='ltr'><em>Theotisca</em></span> 
     </span>
     <span class='ocr_line' id='line_1_9' title="bbox 55 857 431 900; baseline 0 0"><span class='ocrx_word' id='word_1_72' title='bbox 55 857 197 900; x_wconf 80' lang='lat' dir='ltr'><strong>hastae</strong></span> <span class='ocrx_word' id='word_1_73' title='bbox 219 858 431 900; x_wconf 76' lang='lat' dir='ltr'><strong>dicantar.</strong></span> 
     </span>
    </p>

    <p class='ocr_par' dir='ltr' id='par_1_4' title="bbox 53 923 1765 1114">
     <span class='ocr_line' id='line_1_10' title="bbox 174 923 1764 981; baseline -0.003 -10"><span class='ocrx_word' id='word_1_74' title='bbox 174 928 271 971; x_wconf 84' lang='grc'><strong>742.</strong></span> <span class='ocrx_word' id='word_1_75' title='bbox 320 939 499 970; x_wconf 78' lang='lat' dir='ltr'><strong>RAPTvs</strong></span> <span class='ocrx_word' id='word_1_76' title='bbox 532 940 596 970; x_wconf 85' lang='lat' dir='ltr'><strong>DE</strong></span> <span class='ocrx_word' id='word_1_77' title='bbox 627 939 804 971; x_wconf 83' lang='lat' dir='ltr'>SVBERE</span> <span class='ocrx_word' id='word_1_78' title='bbox 831 939 1021 971; x_wconf 83' lang='lat' dir='ltr'>CORTEX</span> <span class='ocrx_word' id='word_1_79' title='bbox 1052 926 1161 968; x_wconf 90' lang='lat' dir='ltr'><strong>bene</strong></span> <span class='ocrx_word' id='word_1_80' title='bbox 1194 923 1400 981; x_wconf 79' lang='lat' dir='ltr'><strong>‘raptus&#39;,</strong></span> <span class='ocrx_word' id='word_1_81' title='bbox 1430 924 1474 967; x_wconf 89' lang='lat' dir='ltr'><strong>id</strong></span> <span class='ocrx_word' id='word_1_82' title='bbox 1506 927 1573 966; x_wconf 86' lang='lat' dir='ltr'><strong>est</strong></span> <span class='ocrx_word' id='word_1_83' title='bbox 1604 925 1764 980; x_wconf 85' lang='lat' dir='ltr'><strong>raptim</strong></span> 
     </span>
     <span class='ocr_line' id='line_1_11' title="bbox 54 995 1765 1055; baseline -0.003 -12"><span class='ocrx_word' id='word_1_84' title='bbox 54 1001 266 1054; x_wconf 87' lang='lat' dir='ltr'><strong>sublatus,</strong></span> <span class='ocrx_word' id='word_1_85' title='bbox 298 999 400 1055; x_wconf 87' lang='lat' dir='ltr'><strong>quia</strong></span> <span class='ocrx_word' id='word_1_86' title='bbox 430 1013 580 1042; x_wconf 83' lang='lat' dir='ltr'><strong>recens</strong></span> <span class='ocrx_word' id='word_1_87' title='bbox 613 999 780 1042; x_wconf 88' lang='lat' dir='ltr'><strong>suberis</strong></span> <span class='ocrx_word' id='word_1_88' title='bbox 812 1001 960 1042; x_wconf 86' lang='lat' dir='ltr'><strong>cortex</strong></span> <span class='ocrx_word' id='word_1_89' title='bbox 990 999 1036 1040; x_wconf 89' lang='lat' dir='ltr'><strong>in</strong></span> <span class='ocrx_word' id='word_1_90' title='bbox 1067 997 1263 1054; x_wconf 89' lang='lat' dir='ltr'><strong>quamvis</strong></span> <span class='ocrx_word' id='word_1_91' title='bbox 1295 995 1482 1039; x_wconf 83' lang='lat' dir='ltr'><strong>formam</strong></span> <span class='ocrx_word' id='word_1_92' title='bbox 1513 998 1608 1038; x_wconf 89' lang='lat' dir='ltr'><strong>tota</strong></span> <span class='ocrx_word' id='word_1_93' title='bbox 1633 996 1765 1038; x_wconf 88' lang='lat' dir='ltr'><strong>flecti-</strong></span> 
     </span>
     <span class='ocr_line' id='line_1_12' title="bbox 53 1071 1034 1114; baseline -0.004 0"><span class='ocrx_word' id='word_1_94' title='bbox 53 1075 126 1114; x_wconf 86' lang='lat' dir='ltr'><strong>tur</strong></span> <span class='ocrx_word' id='word_1_95' title='bbox 156 1071 380 1114; x_wconf 72' lang='lat' dir='ltr'><strong>facilitate.</strong></span> <span class='ocrx_word' id='word_1_96' title='bbox 1032 1073 1034 1075; x_wconf 82' lang='lat'>&#39;</span> 
     </span>
    </p>

    <p class='ocr_par' dir='ltr' id='par_1_5' title="bbox 175 1140 1492 1196">
     <span class='ocr_line' id='line_1_13' title="bbox 175 1140 1492 1196; baseline -0.002 -12"><span class='ocrx_word' id='word_1_97' title='bbox 175 1142 272 1185; x_wconf 84' lang='lat'>744.</span> <span class='ocrx_word' id='word_1_98' title='bbox 322 1153 575 1185; x_wconf 81' lang='lat' dir='ltr'><strong>MONTOSAE</strong></span> <span class='ocrx_word' id='word_1_99' title='bbox 608 1153 788 1185; x_wconf 75' lang='lat' dir='ltr'><strong>NERSAE</strong></span> <span class='ocrx_word' id='word_1_100' title='bbox 821 1142 975 1184; x_wconf 88' lang='lat' dir='ltr'><strong>civitas</strong></span> <span class='ocrx_word' id='word_1_101' title='bbox 1007 1141 1052 1183; x_wconf 91' lang='lat' dir='ltr'><strong>in</strong></span> <span class='ocrx_word' id='word_1_102' title='bbox 1084 1141 1305 1183; x_wconf 88' lang='lat' dir='ltr'><strong>montibus</strong></span> <span class='ocrx_word' id='word_1_103' title='bbox 1337 1140 1492 1196; x_wconf 87' lang='lat' dir='ltr'><strong>posita.</strong></span> 
     </span>
    </p>

    <p class='ocr_par' dir='ltr' id='par_1_6' title="bbox 55 1210 1763 1340">
     <span class='ocr_line' id='line_1_14' title="bbox 175 1210 1763 1269; baseline -0.001 -14"><span class='ocrx_word' id='word_1_104' title='bbox 175 1213 273 1256; x_wconf 83' lang='lat'><strong>745.</strong></span> <span class='ocrx_word' id='word_1_105' title='bbox 324 1225 549 1256; x_wconf 80' lang='lat' dir='ltr'><strong>INSIGNEM</strong></span> <span class='ocrx_word' id='word_1_106' title='bbox 567 1225 694 1269; x_wconf 68' lang='lat' dir='ltr'><strong>FAMA</strong></span> <span class='ocrx_word' id='word_1_107' title='bbox 718 1214 828 1256; x_wconf 91' lang='lat' dir='ltr'><strong>bene</strong></span> <span class='ocrx_word' id='word_1_108' title='bbox 856 1212 1015 1269; x_wconf 79' lang='lat' dir='ltr'><strong>‘fama&#39;,</strong></span> <span class='ocrx_word' id='word_1_109' title='bbox 1048 1213 1149 1268; x_wconf 89' lang='lat' dir='ltr'><strong>quia</strong></span> <span class='ocrx_word' id='word_1_110' title='bbox 1175 1212 1408 1267; x_wconf 88' lang='lat' dir='ltr'><strong>occidetur,</strong></span> <span class='ocrx_word' id='word_1_111' title='bbox 1439 1213 1490 1253; x_wconf 84' lang='lat' dir='ltr'><strong>ut</strong></span> <span class='ocrx_word' id='word_1_112' title='bbox 1515 1210 1628 1265; x_wconf 86' lang='lat' dir='ltr'>&lt;XII</span> <span class='ocrx_word' id='word_1_113' title='bbox 1647 1211 1763 1266; x_wconf 83' lang='lat'>460&gt;</span> 
     </span>
     <span class='ocr_line' id='line_1_15' title="bbox 55 1283 1384 1340; baseline 0 -14"><span class='ocrx_word' id='word_1_114' title='bbox 55 1284 398 1339; x_wconf 83' lang='lat' dir='ltr'><strong>erntemque</strong></span> <span class='ocrx_word' id='word_1_115' title='bbox 431 1283 588 1340; x_wconf 80' lang='lat' dir='ltr'><strong>Gyas,</strong></span> <span class='ocrx_word' id='word_1_116' title='bbox 619 1285 761 1328; x_wconf 87' lang='lat' dir='ltr'><strong>cadit</strong></span> <span class='ocrx_word' id='word_1_117' title='bbox 792 1287 842 1327; x_wconf 92' lang='lat' dir='ltr'><strong>et</strong></span> <span class='ocrx_word' id='word_1_118' title='bbox 875 1285 1179 1327; x_wconf 85' lang='lat' dir='ltr'><strong>Tolumnius</strong></span> <span class='ocrx_word' id='word_1_119' title='bbox 1212 1297 1384 1340; x_wconf 85' lang='lat' dir='ltr'><strong>augur.</strong></span> 
     </span>
    </p>

    <p class='ocr_par' dir='ltr' id='par_1_7' title="bbox 54 1354 1767 1756">
     <span class='ocr_line' id='line_1_16' title="bbox 175 1354 1764 1412; baseline -0.003 -13"><span class='ocrx_word' id='word_1_120' title='bbox 175 1357 273 1399; x_wconf 83' lang='lat'>746.</span> <span class='ocrx_word' id='word_1_121' title='bbox 320 1367 534 1399; x_wconf 79' lang='lat' dir='ltr'><strong>HORRIDA</strong></span> <span class='ocrx_word' id='word_1_122' title='bbox 566 1369 827 1400; x_wconf 81' lang='lat' dir='ltr'>PRAECIPVE</span> <span class='ocrx_word' id='word_1_123' title='bbox 861 1368 937 1400; x_wconf 76' lang='lat' dir='ltr'><strong>cvi</strong></span> <span class='ocrx_word' id='word_1_124' title='bbox 970 1367 1089 1399; x_wconf 74' lang='lat' dir='ltr'>GENS</span> <span class='ocrx_word' id='word_1_125' title='bbox 1121 1356 1406 1412; x_wconf 87' lang='lat' dir='ltr'><strong>Aequiculam</strong></span> <span class='ocrx_word' id='word_1_126' title='bbox 1445 1356 1618 1410; x_wconf 81' lang='lat' dir='ltr'><strong>gentem</strong></span> <span class='ocrx_word' id='word_1_127' title='bbox 1650 1354 1764 1407; x_wconf 88' lang='lat' dir='ltr'><strong>dicit,</strong></span> 
     </span>
     <span class='ocr_line' id='line_1_17' title="bbox 57 1426 1764 1484; baseline -0.002 -13"><span class='ocrx_word' id='word_1_128' title='bbox 57 1431 101 1471; x_wconf 91' lang='lat' dir='ltr'><strong>et</strong></span> <span class='ocrx_word' id='word_1_129' title='bbox 131 1442 299 1471; x_wconf 91' lang='lat' dir='ltr'><strong>morum</strong></span> <span class='ocrx_word' id='word_1_130' title='bbox 331 1429 375 1470; x_wconf 86' lang='lat' dir='ltr'><strong>et</strong></span> <span class='ocrx_word' id='word_1_131' title='bbox 406 1428 522 1470; x_wconf 86' lang='lat' dir='ltr'><strong>vitae</strong></span> <span class='ocrx_word' id='word_1_132' title='bbox 554 1428 764 1484; x_wconf 80' lang='lat' dir='ltr'><strong>qualitate</strong></span> <span class='ocrx_word' id='word_1_133' title='bbox 795 1427 1065 1483; x_wconf 88' lang='lat' dir='ltr'><strong>praeduram.</strong></span> <span class='ocrx_word' id='word_1_134' title='bbox 1117 1442 1220 1469; x_wconf 89' lang='lat' dir='ltr'><strong>sane</strong></span> <span class='ocrx_word' id='word_1_135' title='bbox 1251 1426 1367 1469; x_wconf 88' lang='lat' dir='ltr'><strong>aliud</strong></span> <span class='ocrx_word' id='word_1_136' title='bbox 1398 1426 1556 1481; x_wconf 88' lang='lat' dir='ltr'><em>pendet</em></span> <span class='ocrx_word' id='word_1_137' title='bbox 1582 1440 1633 1468; x_wconf 88' lang='lat' dir='ltr'><strong>ex</strong></span> <span class='ocrx_word' id='word_1_138' title='bbox 1659 1426 1764 1468; x_wconf 87' lang='lat' dir='ltr'><strong>alio:</strong></span> 
     </span>
     <span class='ocr_line' id='line_1_18' title="bbox 54 1496 1767 1555; baseline -0.003 -13"><span class='ocrx_word' id='word_1_139' title='bbox 54 1500 150 1542; x_wconf 89' lang='lat' dir='ltr'><strong>ideo</strong></span> <span class='ocrx_word' id='word_1_140' title='bbox 178 1500 302 1542; x_wconf 88' lang='lat' dir='ltr'><strong>erant</strong></span> <span class='ocrx_word' id='word_1_141' title='bbox 331 1499 507 1555; x_wconf 82' lang='lat' dir='ltr'><strong>horridi,</strong></span> <span class='ocrx_word' id='word_1_142' title='bbox 539 1499 641 1555; x_wconf 88' lang='lat' dir='ltr'><strong>quia</strong></span> <span class='ocrx_word' id='word_1_143' title='bbox 666 1500 955 1555; x_wconf 84' lang='lat' dir='ltr'><strong>venabantur3</strong></span> <span class='ocrx_word' id='word_1_144' title='bbox 988 1499 1082 1541; x_wconf 90' lang='lat' dir='ltr'><strong>ideo</strong></span> <span class='ocrx_word' id='word_1_145' title='bbox 1109 1498 1390 1554; x_wconf 82' lang='lat' dir='ltr'><strong>venabantur,</strong></span> <span class='ocrx_word' id='word_1_146' title='bbox 1416 1498 1519 1553; x_wconf 87' lang='lat' dir='ltr'><strong>quia</strong></span> <span class='ocrx_word' id='word_1_147' title='bbox 1542 1496 1767 1540; x_wconf 83' lang='lat' dir='ltr'><strong>habebant</strong></span> 
     </span>
     <span class='ocr_line' id='line_1_19' title="bbox 55 1568 1765 1627; baseline -0.003 -13"><span class='ocrx_word' id='word_1_148' title='bbox 55 1571 183 1614; x_wconf 86' lang='lat' dir='ltr'><strong>duras</strong></span> <span class='ocrx_word' id='word_1_149' title='bbox 216 1571 383 1627; x_wconf 82' lang='lat' dir='ltr'><strong>glebas,</strong></span> <span class='ocrx_word' id='word_1_150' title='bbox 413 1570 457 1612; x_wconf 88' lang='lat' dir='ltr'><strong>id</strong></span> <span class='ocrx_word' id='word_1_151' title='bbox 483 1573 549 1613; x_wconf 87' lang='lat' dir='ltr'><strong>est</strong></span> <span class='ocrx_word' id='word_1_152' title='bbox 573 1571 805 1614; x_wconf 81' lang='lat' dir='ltr'><strong>infertiles:</strong></span> <span class='ocrx_word' id='word_1_153' title='bbox 837 1585 937 1613; x_wconf 92' lang='lat' dir='ltr'><strong>nam</strong></span> <span class='ocrx_word' id='word_1_154' title='bbox 965 1570 1115 1613; x_wconf 87' lang='lat' dir='ltr'><strong>molles</strong></span> <span class='ocrx_word' id='word_1_155' title='bbox 1146 1570 1311 1612; x_wconf 88' lang='lat' dir='ltr'><strong>feraces</strong></span> <span class='ocrx_word' id='word_1_156' title='bbox 1339 1572 1458 1625; x_wconf 83' lang='lat' dir='ltr'><strong>sunt,</strong></span> <span class='ocrx_word' id='word_1_157' title='bbox 1490 1570 1538 1610; x_wconf 94' lang='lat' dir='ltr'><strong>ut</strong></span> <span class='ocrx_word' id='word_1_158' title='bbox 1572 1568 1617 1611; x_wconf 93' lang='lat' dir='ltr'><strong>in</strong></span> <span class='ocrx_word' id='word_1_159' title='bbox 1643 1582 1765 1624; x_wconf 86' lang='lat' dir='ltr'><strong>geor-</strong></span> 
     </span>
     <span class='ocr_line' id='line_1_20' title="bbox 56 1640 1766 1703; baseline -0.002 -18"><span class='ocrx_word' id='word_1_160' title='bbox 56 1643 164 1699; x_wconf 86' lang='lat' dir='ltr'><strong>gicis</strong></span> <span class='ocrx_word' id='word_1_161' title='bbox 198 1642 324 1685; x_wconf 88' lang='lat' dir='ltr'><strong>docet</strong></span> <span class='ocrx_word' id='word_1_162' title='bbox 357 1641 429 1698; x_wconf 88' lang='lat' dir='ltr'><strong>&lt;II</strong></span> <span class='ocrx_word' id='word_1_163' title='bbox 462 1642 579 1697; x_wconf 80' lang='lat'>204&gt;</span> <span class='ocrx_word' id='word_1_164' title='bbox 613 1644 663 1684; x_wconf 91' lang='lat' dir='ltr'><strong>et</strong></span> <span class='ocrx_word' id='word_1_165' title='bbox 694 1643 775 1685; x_wconf 91' lang='lat' dir='ltr'><strong>cui</strong></span> <span class='ocrx_word' id='word_1_166' title='bbox 807 1644 956 1703; x_wconf 81' lang='lat' dir='ltr'><strong>putre</strong></span> <span class='ocrx_word' id='word_1_167' title='bbox 990 1641 1173 1697; x_wconf 86' lang='lat' dir='ltr'><strong>solum,</strong></span> <span class='ocrx_word' id='word_1_168' title='bbox 1210 1655 1429 1696; x_wconf 90' lang='lat' dir='ltr'><strong>namque</strong></span> <span class='ocrx_word' id='word_1_169' title='bbox 1466 1640 1561 1683; x_wconf 88' lang='lat' dir='ltr'><strong>hoc</strong></span> <span class='ocrx_word' id='word_1_170' title='bbox 1592 1640 1766 1682; x_wconf 88' lang='lat' dir='ltr'><strong>imita-</strong></span> 
     </span>
     <span class='ocr_line' id='line_1_21' title="bbox 56 1714 401 1756; baseline 0.003 -1"><span class='ocrx_word' id='word_1_171' title='bbox 56 1728 165 1756; x_wconf 88' lang='lat' dir='ltr'><strong>mur</strong></span> <span class='ocrx_word' id='word_1_172' title='bbox 196 1714 401 1756; x_wconf 89' lang='lat' dir='ltr'><strong>arando.</strong></span> 
     </span>
    </p>

    <p class='ocr_par' dir='ltr' id='par_1_8' title="bbox 57 1781 1767 2267">
     <span class='ocr_line' id='line_1_22' title="bbox 177 1781 1767 1836; baseline -0.002 -9"><span class='ocrx_word' id='word_1_173' title='bbox 177 1784 273 1827; x_wconf 85' lang='lat'>750.</span> <span class='ocrx_word' id='word_1_174' title='bbox 324 1796 438 1836; x_wconf 76' lang='lat' dir='ltr'><strong>va</strong></span> <span class='ocrx_word' id='word_1_175' title='bbox 476 1796 535 1826; x_wconf 80' lang='lat' dir='ltr'><strong>ET</strong></span> <span class='ocrx_word' id='word_1_176' title='bbox 572 1796 815 1827; x_wconf 79' lang='lat' dir='ltr'><strong>MARRVBIA</strong></span> <span class='ocrx_word' id='word_1_177' title='bbox 853 1796 997 1828; x_wconf 84' lang='lat' dir='ltr'>VENIT</span> <span class='ocrx_word' id='word_1_178' title='bbox 1034 1795 1098 1826; x_wconf 84' lang='lat' dir='ltr'><strong>DE</strong></span> <span class='ocrx_word' id='word_1_179' title='bbox 1137 1795 1295 1826; x_wconf 78' lang='lat' dir='ltr'>GENTE</span> <span class='ocrx_word' id='word_1_180' title='bbox 1337 1794 1574 1826; x_wconf 78' lang='lat' dir='ltr'><strong>SAcnnDos</strong></span> <span class='ocrx_word' id='word_1_181' title='bbox 1615 1781 1767 1824; x_wconf 83' lang='lat' dir='ltr'><em>Medea</em></span> 
     </span>
     <span class='ocr_line' id='line_1_23' title="bbox 57 1854 1766 1911; baseline -0.002 -13"><span class='ocrx_word' id='word_1_182' title='bbox 57 1856 227 1911; x_wconf 86' lang='lat' dir='ltr'><strong>quando</strong></span> <span class='ocrx_word' id='word_1_183' title='bbox 259 1856 419 1899; x_wconf 87' lang='lat' dir='ltr'><strong>relictis</strong></span> <span class='ocrx_word' id='word_1_184' title='bbox 451 1854 623 1898; x_wconf 80' lang='lat' dir='ltr'><strong>Colchis</strong></span> <span class='ocrx_word' id='word_1_185' title='bbox 655 1855 854 1898; x_wconf 85' lang='lat' dir='ltr'><strong>Iasonem</strong></span> <span class='ocrx_word' id='word_1_186' title='bbox 887 1858 1033 1898; x_wconf 88' lang='lat' dir='ltr'><strong>secuta</strong></span> <span class='ocrx_word' id='word_1_187' title='bbox 1071 1857 1156 1910; x_wconf 86' lang='lat' dir='ltr'><strong>est,</strong></span> <span class='ocrx_word' id='word_1_188' title='bbox 1193 1855 1350 1897; x_wconf 86' lang='lat' dir='ltr'><strong>dicitur</strong></span> <span class='ocrx_word' id='word_1_189' title='bbox 1381 1855 1435 1897; x_wconf 90' lang='lat' dir='ltr'><strong>ad</strong></span> <span class='ocrx_word' id='word_1_190' title='bbox 1465 1854 1640 1896; x_wconf 89' lang='lat' dir='ltr'><strong>Italiam</strong></span> <span class='ocrx_word' id='word_1_191' title='bbox 1673 1868 1766 1910; x_wconf 87' lang='lat' dir='ltr'><strong>per·</strong></span> 
     </span>
     <span class='ocr_line' id='line_1_24' title="bbox 58 1924 1767 1982; baseline -0.002 -12"><span class='ocrx_word' id='word_1_192' title='bbox 58 1927 245 1982; x_wconf 83' lang='lat' dir='ltr'><strong>venisse,</strong></span> <span class='ocrx_word' id='word_1_193' title='bbox 284 1930 327 1969; x_wconf 91' lang='lat' dir='ltr'><strong>et</strong></span> <span class='ocrx_word' id='word_1_194' title='bbox 363 1927 547 1982; x_wconf 89' lang='lat' dir='ltr'><strong>populos</strong></span> <span class='ocrx_word' id='word_1_195' title='bbox 586 1926 794 1981; x_wconf 89' lang='lat' dir='ltr'><strong>quosdam</strong></span> <span class='ocrx_word' id='word_1_196' title='bbox 832 1926 945 1968; x_wconf 87' lang='lat' dir='ltr'><strong>circa</strong></span> <span class='ocrx_word' id='word_1_197' title='bbox 975 1925 1185 1968; x_wconf 85' lang='lat' dir='ltr'><strong>Fucinum</strong></span> <span class='ocrx_word' id='word_1_198' title='bbox 1217 1926 1439 1981; x_wconf 86' lang='lat' dir='ltr'><strong>ingentem</strong></span> <span class='ocrx_word' id='word_1_199' title='bbox 1470 1926 1613 1968; x_wconf 90' lang='lat' dir='ltr'><strong>lacum</strong></span> <span class='ocrx_word' id='word_1_200' title='bbox 1645 1924 1767 1966; x_wconf 84' lang='lat' dir='ltr'><strong>habi-</strong></span> 
     </span>
     <span class='ocr_line' id='line_1_25' title="bbox 57 1996 1767 2056; baseline -0.002 -16"><span class='ocrx_word' id='word_1_201' title='bbox 57 1996 222 2053; x_wconf 81' lang='lat' dir='ltr'><strong>tantes,</strong></span> <span class='ocrx_word' id='word_1_202' title='bbox 273 1997 346 2053; x_wconf 89' lang='lat' dir='ltr'><strong>qui</strong></span> <span class='ocrx_word' id='word_1_203' title='bbox 390 1997 602 2040; x_wconf 85' lang='lat' dir='ltr'><strong>Marrubii</strong></span> <span class='ocrx_word' id='word_1_204' title='bbox 646 1997 978 2056; x_wconf 62' lang='lat' dir='ltr'><strong>appellabantur</strong></span> <span class='ocrx_word' id='word_1_205' title='bbox 1023 1997 1144 2052; x_wconf 86' lang='lat' dir='ltr'><strong>quasi</strong></span> <span class='ocrx_word' id='word_1_206' title='bbox 1188 1997 1301 2039; x_wconf 87' lang='lat' dir='ltr'><strong>circa</strong></span> <span class='ocrx_word' id='word_1_207' title='bbox 1345 2011 1462 2039; x_wconf 89' lang='lat' dir='ltr'><strong>mare</strong></span> <span class='ocrx_word' id='word_1_208' title='bbox 1505 1996 1767 2051; x_wconf 87' lang='lat' dir='ltr'><strong>habitantes,</strong></span> 
     </span>
     <span class='ocr_line' id='line_1_26' title="bbox 58 2068 1766 2125; baseline -0.002 -14"><span class='ocrx_word' id='word_1_209' title='bbox 58 2071 234 2125; x_wconf 87' lang='lat' dir='ltr'><strong>propter</strong></span> <span class='ocrx_word' id='word_1_210' title='bbox 277 2068 448 2124; x_wconf 88' lang='lat' dir='ltr'><strong>paludis</strong></span> <span class='ocrx_word' id='word_1_211' title='bbox 491 2069 856 2125; x_wconf 83' lang='lat' dir='ltr'><strong>magnitudinem,</strong></span> <span class='ocrx_word' id='word_1_212' title='bbox 907 2068 1052 2111; x_wconf 91' lang='lat' dir='ltr'><strong>docuit</strong></span> <span class='ocrx_word' id='word_1_213' title='bbox 1095 2068 1286 2110; x_wconf 89' lang='lat' dir='ltr'><strong>remedia</strong></span> <span class='ocrx_word' id='word_1_214' title='bbox 1329 2070 1481 2110; x_wconf 86' lang='lat' dir='ltr'><strong>contra</strong></span> <span class='ocrx_word' id='word_1_215' title='bbox 1525 2070 1766 2123; x_wconf 84' lang='lat' dir='ltr'><strong>serpentes:</strong></span> 
     </span>
     <span class='ocr_line' id='line_1_27' title="bbox 59 2138 1767 2196; baseline -0.002 -14"><span class='ocrx_word' id='word_1_216' title='bbox 59 2155 319 2195; x_wconf 88' lang='lat' dir='ltr'><strong>quamquam</strong></span> <span class='ocrx_word' id='word_1_217' title='bbox 363 2140 438 2182; x_wconf 89' lang='lat' dir='ltr'><strong>alii</strong></span> <span class='ocrx_word' id='word_1_218' title='bbox 479 2139 725 2183; x_wconf 86' lang='lat' dir='ltr'><strong>Marrubios</strong></span> <span class='ocrx_word' id='word_1_219' title='bbox 770 2156 795 2182; x_wconf 89' lang='lat' dir='ltr'><strong>a</strong></span> <span class='ocrx_word' id='word_1_220' title='bbox 838 2153 939 2196; x_wconf 86' lang='lat' dir='ltr'><strong>rege</strong></span> <span class='ocrx_word' id='word_1_221' title='bbox 983 2139 1120 2182; x_wconf 89' lang='lat' dir='ltr'><strong>dictos</strong></span> <span class='ocrx_word' id='word_1_222' title='bbox 1165 2139 1315 2182; x_wconf 84' lang='lat' dir='ltr'><strong>velint.</strong></span> <span class='ocrx_word' id='word_1_223' title='bbox 1377 2139 1424 2181; x_wconf 91' lang='lat' dir='ltr'><strong>hi</strong></span> <span class='ocrx_word' id='word_1_224' title='bbox 1469 2153 1573 2195; x_wconf 87' lang='lat' dir='ltr'><strong>ergo</strong></span> <span class='ocrx_word' id='word_1_225' title='bbox 1617 2138 1767 2194; x_wconf 88' lang='lat' dir='ltr'><strong>populi</strong></span> 
     </span>
     <span class='ocr_line' id='line_1_28' title="bbox 58 2210 1766 2267; baseline -0.001 -14"><span class='ocrx_word' id='word_1_226' title='bbox 58 2211 254 2254; x_wconf 88' lang='lat' dir='ltr'><strong>Medeam</strong></span> <span class='ocrx_word' id='word_1_227' title='bbox 286 2210 511 2267; x_wconf 84' lang='lat' dir='ltr'><strong>Angitiam</strong></span> <span class='ocrx_word' id='word_1_228' title='bbox 548 2211 881 2254; x_wconf 89' lang='lat' dir='ltr'><strong>nominaverunt</strong></span> <span class='ocrx_word' id='word_1_229' title='bbox 922 2211 975 2253; x_wconf 92' lang='lat' dir='ltr'><strong>ab</strong></span> <span class='ocrx_word' id='word_1_230' title='bbox 1015 2225 1064 2254; x_wconf 91' lang='lat' dir='ltr'><strong>eo</strong></span> <span class='ocrx_word' id='word_1_231' title='bbox 1103 2210 1216 2266; x_wconf 92' lang='lat' dir='ltr'><strong>quod</strong></span> <span class='ocrx_word' id='word_1_232' title='bbox 1254 2211 1344 2253; x_wconf 86' lang='lat' dir='ltr'><strong>eius</strong></span> <span class='ocrx_word' id='word_1_233' title='bbox 1383 2210 1643 2253; x_wconf 85' lang='lat' dir='ltr'><strong>carminibus</strong></span> <span class='ocrx_word' id='word_1_234' title='bbox 1683 2223 1766 2251; x_wconf 90' lang='lat' dir='ltr'><strong>ser-</strong></span> 
     </span>
    </p>
   </div>
   <div class='ocr_carea' id='block_1_3' title="bbox 58 2307 341 2312">
    <p class='ocr_par' dir='ltr' id='par_1_9' title="bbox 58 2307 341 2312">
     <span class='ocr_line' id='line_1_29' title="bbox 58 2307 341 2312; baseline 0 0"><span class='ocrx_word' id='word_1_235' title='bbox 58 2307 341 2312; x_wconf 95' lang='lat' dir='ltr'><strong> </strong></span> 
     </span>
    </p>
   </div>
   <div class='ocr_carea' id='block_1_4' title="bbox 59 2349 1766 2446">
    <p class='ocr_par' dir='ltr' id='par_1_10' title="bbox 59 2349 1766 2446">
     <span class='ocr_line' id='line_1_30' title="bbox 154 2349 1766 2399; baseline -0.002 -11"><span class='ocrx_word' id='word_1_236' title='bbox 154 2357 175 2388; x_wconf 88' lang='lat'><strong>3</strong></span> <span class='ocrx_word' id='word_1_237' title='bbox 200 2352 278 2388; x_wconf 86' lang='lat' dir='ltr'><strong>tela</strong></span> <span class='ocrx_word' id='word_1_238' title='bbox 303 2351 449 2388; x_wconf 85' lang='lat' dir='ltr'><strong>Gallica</strong></span> <span class='ocrx_word' id='word_1_239' title='bbox 475 2363 506 2388; x_wconf 88' lang='lat' dir='ltr'><strong>e.</strong></span> <span class='ocrx_word' id='word_1_240' title='bbox 532 2364 567 2397; x_wconf 87' lang='lat' dir='ltr'><strong>q.</strong></span> <span class='ocrx_word' id='word_1_241' title='bbox 594 2353 639 2399; x_wconf 89' lang='lat' dir='ltr'><strong>s.]</strong></span> <span class='ocrx_word' id='word_1_242' title='bbox 668 2353 713 2388; x_wconf 89' lang='lat' dir='ltr'><strong>cf.</strong></span> <span class='ocrx_word' id='word_1_243' title='bbox 740 2351 825 2388; x_wconf 91' lang='lat' dir='ltr'><strong>Isid.</strong></span> <span class='ocrx_word' id='word_1_244' title='bbox 854 2363 903 2388; x_wconf 87' lang='lat' dir='ltr'><strong>or.</strong></span> <span class='ocrx_word' id='word_1_245' title='bbox 930 2351 1051 2387; x_wconf 85' lang='lat' dir='ltr'>XVIII</span> <span class='ocrx_word' id='word_1_246' title='bbox 1077 2356 1109 2396; x_wconf 81' lang='lat'><strong>7,</strong></span> <span class='ocrx_word' id='word_1_247' title='bbox 1137 2356 1155 2387; x_wconf 79' lang='lat'>7</span> <span class='ocrx_word' id='word_1_248' title='bbox 1185 2353 1197 2398; x_wconf 82' lang='grc'><strong>11</strong></span> <span class='ocrx_word' id='word_1_249' title='bbox 1229 2355 1272 2387; x_wconf 83' lang='grc'><strong>21</strong></span> <span class='ocrx_word' id='word_1_250' title='bbox 1301 2350 1434 2386; x_wconf 85' lang='lat' dir='ltr'><strong>Medea</strong></span> <span class='ocrx_word' id='word_1_251' title='bbox 1459 2361 1489 2386; x_wconf 91' lang='lat' dir='ltr'><strong>e.</strong></span> <span class='ocrx_word' id='word_1_252' title='bbox 1517 2362 1551 2394; x_wconf 90' lang='lat' dir='ltr'><strong>q.</strong></span> <span class='ocrx_word' id='word_1_253' title='bbox 1580 2349 1625 2396; x_wconf 90' lang='lat' dir='ltr'><strong>s.]</strong></span> <span class='ocrx_word' id='word_1_254' title='bbox 1653 2360 1766 2386; x_wconf 87' lang='lat' dir='ltr'><strong>exscr.</strong></span> 
     </span>
     <span class='ocr_line' id='line_1_31' title="bbox 59 2397 1765 2446; baseline -0.002 -11"><span class='ocrx_word' id='word_1_255' title='bbox 59 2400 244 2446; x_wconf 84' lang='lat' dir='ltr'><strong>mythogr.</strong></span> <span class='ocrx_word' id='word_1_256' title='bbox 263 2399 298 2435; x_wconf 90' lang='lat'><strong>11</strong></span> <span class='ocrx_word' id='word_1_257' title='bbox 319 2403 390 2435; x_wconf 77' lang='grc'><strong>136</strong></span> <span class='ocrx_word' id='word_1_258' title='bbox 406 2401 496 2435; x_wconf 85' lang='lat' dir='ltr'><strong>extr.</strong></span> <span class='ocrx_word' id='word_1_259' title='bbox 530 2400 576 2436; x_wconf 86' lang='lat' dir='ltr'><strong>cf.</strong></span> <span class='ocrx_word' id='word_1_260' title='bbox 598 2400 690 2436; x_wconf 84' lang='lat' dir='ltr'><strong>Plin.</strong></span> <span class='ocrx_word' id='word_1_261' title='bbox 717 2401 793 2435; x_wconf 85' lang='lat' dir='ltr'><strong>nat.</strong></span> <span class='ocrx_word' id='word_1_262' title='bbox 819 2400 905 2436; x_wconf 89' lang='lat' dir='ltr'><strong>hist.</strong></span> <span class='ocrx_word' id='word_1_263' title='bbox 925 2399 995 2435; x_wconf 90' lang='lat' dir='ltr'><strong>VII</strong></span> <span class='ocrx_word' id='word_1_264' title='bbox 1015 2403 1036 2442; x_wconf 67' lang='grc' dir='ltr'>ἓ</span> <span class='ocrx_word' id='word_1_265' title='bbox 1057 2403 1112 2444; x_wconf 84' lang='grc'><strong>15,</strong></span> <span class='ocrx_word' id='word_1_266' title='bbox 1131 2399 1234 2434; x_wconf 93' lang='lat' dir='ltr'><strong>XXV</strong></span> <span class='ocrx_word' id='word_1_267' title='bbox 1255 2402 1274 2441; x_wconf 67' lang='grc' dir='ltr'>ξ</span> <span class='ocrx_word' id='word_1_268' title='bbox 1296 2402 1349 2442; x_wconf 88' lang='grc'><strong>11,</strong></span> <span class='ocrx_word' id='word_1_269' title='bbox 1377 2397 1471 2433; x_wconf 82' lang='lat' dir='ltr'><strong>Gen.</strong></span> <span class='ocrx_word' id='word_1_270' title='bbox 1493 2397 1579 2432; x_wconf 90' lang='lat' dir='ltr'><strong>XVI</strong></span> <span class='ocrx_word' id='word_1_271' title='bbox 1601 2401 1656 2443; x_wconf 86' lang='lat'><strong>11,</strong></span> <span class='ocrx_word' id='word_1_272' title='bbox 1679 2402 1693 2432; x_wconf 96' lang='lat'>1</span> <span class='ocrx_word' id='word_1_273' title='bbox 1712 2408 1765 2441; x_wconf 88' lang='lat' dir='ltr'><strong>sq.</strong></span> 
     </span>
    </p>
   </div>
   <div class='ocr_carea' id='block_1_5' title="bbox 60 2486 341 2491">
    <p class='ocr_par' dir='ltr' id='par_1_11' title="bbox 60 2486 341 2491">
     <span class='ocr_line' id='line_1_32' title="bbox 60 2486 341 2491; baseline 0 0"><span class='ocrx_word' id='word_1_274' title='bbox 60 2486 341 2491; x_wconf 95' lang='lat' dir='ltr'><strong> </strong></span> 
     </span>
    </p>
   </div>
   <div class='ocr_carea' id='block_1_6' title="bbox 58 2528 1770 3003">
    <p class='ocr_par' dir='ltr' id='par_1_12' title="bbox 58 2528 1770 3003">
     <span class='ocr_line' id='line_1_33' title="bbox 158 2528 1769 2576; baseline -0.001 -11"><span class='ocrx_word' id='word_1_275' title='bbox 158 2534 175 2564; x_wconf 93' lang='lat'>1</span> <span class='ocrx_word' id='word_1_276' title='bbox 204 2529 325 2565; x_wconf 86' lang='lat' dir='ltr'><strong>abisse</strong></span> <span class='ocrx_word' id='word_1_277' title='bbox 351 2530 405 2576; x_wconf 90' lang='lat' dir='ltr'><strong>et]</strong></span> <span class='ocrx_word' id='word_1_278' title='bbox 430 2531 552 2576; x_wconf 74' lang='lat' dir='ltr'><strong>primo</strong></span> <span class='ocrx_word' id='word_1_279' title='bbox 576 2531 663 2567; x_wconf 83' lang='lat' dir='ltr'><strong>haec</strong></span> <span class='ocrx_word' id='word_1_280' title='bbox 686 2531 882 2576; x_wconf 78' lang='lat' dir='ltr'><strong>scripserat</strong></span> <span class='ocrx_word' id='word_1_281' title='bbox 907 2531 1085 2575; x_wconf 75' lang='lat' dir='ltr'><strong>interpres</strong></span> <span class='ocrx_word' id='word_1_282' title='bbox 1114 2529 1335 2565; x_wconf 77' lang='lat' dir='ltr'><strong>Turonensis</strong></span> <span class='ocrx_word' id='word_1_283' title='bbox 1360 2528 1474 2564; x_wconf 84' lang='lat' dir='ltr'><strong>fuisse</strong></span> <span class='ocrx_word' id='word_1_284' title='bbox 1500 2530 1538 2563; x_wconf 88' lang='lat' dir='ltr'><strong>et</strong></span> <span class='ocrx_word' id='word_1_285' title='bbox 1562 2539 1662 2573; x_wconf 86' lang='lat' dir='ltr'><strong>eam,</strong></span> <span class='ocrx_word' id='word_1_286' title='bbox 1693 2531 1769 2563; x_wconf 82' lang='lat' dir='ltr'><strong>tum</strong></span> 
     </span>
     <span class='ocr_line' id='line_1_34' title="bbox 61 2574 1768 2624; baseline -0.001 -12"><span class='ocrx_word' id='word_1_287' title='bbox 61 2577 175 2612; x_wconf 84' lang='lat' dir='ltr'><strong>fuisse</strong></span> <span class='ocrx_word' id='word_1_288' title='bbox 200 2581 233 2613; x_wconf 87' lang='lat' dir='ltr'><strong>et</strong></span> <span class='ocrx_word' id='word_1_289' title='bbox 257 2588 340 2612; x_wconf 89' lang='lat' dir='ltr'><strong>eam</strong></span> <span class='ocrx_word' id='word_1_290' title='bbox 364 2579 584 2613; x_wconf 82' lang='lat' dir='ltr'><strong>oblitteravit</strong></span> <span class='ocrx_word' id='word_1_291' title='bbox 609 2582 642 2614; x_wconf 88' lang='lat' dir='ltr'><strong>et</strong></span> <span class='ocrx_word' id='word_1_292' title='bbox 666 2578 786 2614; x_wconf 80' lang='lat' dir='ltr'><strong>abisse</strong></span> <span class='ocrx_word' id='word_1_293' title='bbox 805 2589 920 2624; x_wconf 73' lang='lat' dir='ltr'><strong>supra</strong></span> <span class='ocrx_word' id='word_1_294' title='bbox 938 2578 1052 2614; x_wconf 87' lang='lat' dir='ltr'><strong>fuisse</strong></span> <span class='ocrx_word' id='word_1_295' title='bbox 1071 2577 1220 2622; x_wconf 81' lang='lat' dir='ltr'><strong>scripsit</strong></span> <span class='ocrx_word' id='word_1_296' title='bbox 1237 2578 1250 2622; x_wconf 77' lang='grc' dir='ltr'><strong>ΙΙ</strong></span> <span class='ocrx_word' id='word_1_297' title='bbox 1269 2588 1307 2612; x_wconf 86' lang='lat' dir='ltr'><strong>se</strong></span> <span class='ocrx_word' id='word_1_298' title='bbox 1331 2575 1493 2611; x_wconf 85' lang='lat' dir='ltr'><strong>iunxisse</strong></span> <span class='ocrx_word' id='word_1_299' title='bbox 1518 2576 1564 2610; x_wconf 87' lang='lat' dir='ltr'><strong>T:</strong></span> <span class='ocrx_word' id='word_1_300' title='bbox 1591 2574 1768 2611; x_wconf 81' lang='lat' dir='ltr'><strong>struxisse</strong></span> 
     </span>
     <span class='ocr_line' id='line_1_35' title="bbox 61 2623 1768 2661; baseline -0.002 0"><span class='ocrx_word' id='word_1_301' title='bbox 61 2625 200 2661; x_wconf 81' lang='lat' dir='ltr'><strong>Daniel</strong></span> <span class='ocrx_word' id='word_1_302' title='bbox 236 2624 405 2660; x_wconf 85' lang='lat' dir='ltr'><strong>serviisse</strong></span> <span class='ocrx_word' id='word_1_303' title='bbox 434 2624 673 2661; x_wconf 83' lang='lat' dir='ltr'><strong>Gommelinus</strong></span> <span class='ocrx_word' id='word_1_304' title='bbox 710 2627 748 2661; x_wconf 89' lang='lat' dir='ltr'><strong>et</strong></span> <span class='ocrx_word' id='word_1_305' title='bbox 773 2625 851 2661; x_wconf 87' lang='lat' dir='ltr'><strong>eius</strong></span> <span class='ocrx_word' id='word_1_306' title='bbox 877 2625 1019 2661; x_wconf 86' lang='lat' dir='ltr'><strong>incolas</strong></span> <span class='ocrx_word' id='word_1_307' title='bbox 1049 2625 1226 2660; x_wconf 82' lang='lat' dir='ltr'><strong>struxisse</strong></span> <span class='ocrx_word' id='word_1_308' title='bbox 1251 2624 1418 2660; x_wconf 86' lang='lat' dir='ltr'><strong>Moeram</strong></span> <span class='ocrx_word' id='word_1_309' title='bbox 1438 2623 1630 2659; x_wconf 85' lang='lat' dir='ltr'><strong>Danielem</strong></span> <span class='ocrx_word' id='word_1_310' title='bbox 1649 2623 1768 2658; x_wconf 87' lang='lat' dir='ltr'><strong>Hein-</strong></span> 
     </span>
     <span class='ocr_line' id='line_1_36' title="bbox 59 2670 1770 2720; baseline -0.001 -13"><span class='ocrx_word' id='word_1_311' title='bbox 59 2673 156 2708; x_wconf 79' lang='lat' dir='ltr'><strong>siam</strong></span> <span class='ocrx_word' id='word_1_312' title='bbox 182 2673 371 2708; x_wconf 82' lang='lat' dir='ltr'><strong>coniecisse</strong></span> <span class='ocrx_word' id='word_1_313' title='bbox 390 2671 632 2710; x_wconf 77' lang='lat' dir='ltr'><strong>Burmannus</strong></span> <span class='ocrx_word' id='word_1_314' title='bbox 656 2674 765 2716; x_wconf 81' lang='lat' dir='ltr'><strong>refert</strong></span> <span class='ocrx_word' id='word_1_315' title='bbox 784 2674 796 2720; x_wconf 78' lang='grc' dir='ltr'><strong>ΙΙ</strong></span> <span class='ocrx_word' id='word_1_316' title='bbox 815 2677 836 2708; x_wconf 88' lang='grc'><strong>3</strong></span> <span class='ocrx_word' id='word_1_317' title='bbox 862 2671 1052 2708; x_wconf 84' lang='lat' dir='ltr'><strong>teutonico</strong></span> <span class='ocrx_word' id='word_1_318' title='bbox 1078 2671 1151 2707; x_wconf 88' lang='lat' dir='ltr'><strong>ritu</strong></span> <span class='ocrx_word' id='word_1_319' title='bbox 1169 2672 1205 2707; x_wconf 81' lang='lat' dir='ltr'><strong><em>R</em></strong></span> <span class='ocrx_word' id='word_1_320' title='bbox 1227 2673 1239 2718; x_wconf 80' lang='grc' dir='ltr'><strong>ΙΙ</strong></span> <span class='ocrx_word' id='word_1_321' title='bbox 1259 2676 1280 2707; x_wconf 84' lang='grc'><strong>4</strong></span> <span class='ocrx_word' id='word_1_322' title='bbox 1306 2670 1463 2707; x_wconf 86' lang='lat' dir='ltr'><strong>cateiam</strong></span> <span class='ocrx_word' id='word_1_323' title='bbox 1486 2697 1494 2705; x_wconf 94' lang='lat'>.</span> <span class='ocrx_word' id='word_1_324' title='bbox 1515 2697 1523 2705; x_wconf 88' lang='lat'>.</span> <span class='ocrx_word' id='word_1_325' title='bbox 1545 2699 1552 2707; x_wconf 93' lang='lat'><strong>.</strong></span> <span class='ocrx_word' id='word_1_326' title='bbox 1579 2670 1770 2706; x_wconf 83' lang='lat' dir='ltr'><strong>faciebant</strong></span> 
     </span>
     <span class='ocr_line' id='line_1_37' title="bbox 58 2717 1767 2765; baseline -0.002 -10"><span class='ocrx_word' id='word_1_327' title='bbox 58 2731 172 2765; x_wconf 71' lang='lat' dir='ltr'><strong>mary.</strong></span> <span class='ocrx_word' id='word_1_328' title='bbox 196 2719 236 2755; x_wconf 89' lang='lat' dir='ltr'><strong>T.</strong></span> <span class='ocrx_word' id='word_1_329' title='bbox 275 2719 314 2754; x_wconf 90' lang='lat' dir='ltr'><strong>id</strong></span> <span class='ocrx_word' id='word_1_330' title='bbox 339 2721 397 2754; x_wconf 86' lang='lat' dir='ltr'><strong>est</strong></span> <span class='ocrx_word' id='word_1_331' title='bbox 421 2719 550 2755; x_wconf 83' lang='lat' dir='ltr'><strong>hastas</strong></span> <span class='ocrx_word' id='word_1_332' title='bbox 577 2749 585 2757; x_wconf 93' lang='lat'><em>.</em></span> <span class='ocrx_word' id='word_1_333' title='bbox 606 2749 613 2756; x_wconf 96' lang='lat'>.</span> <span class='ocrx_word' id='word_1_334' title='bbox 637 2749 644 2756; x_wconf 93' lang='lat'>.</span> <span class='ocrx_word' id='word_1_335' title='bbox 670 2720 844 2756; x_wconf 86' lang='lat' dir='ltr'><strong>dicuntur</strong></span> <span class='ocrx_word' id='word_1_336' title='bbox 869 2721 967 2755; x_wconf 82' lang='lat' dir='ltr'><strong>alias</strong></span> <span class='ocrx_word' id='word_1_337' title='bbox 992 2720 1170 2765; x_wconf 77' lang='lat' dir='ltr'><strong>interpres</strong></span> <span class='ocrx_word' id='word_1_338' title='bbox 1194 2730 1295 2764; x_wconf 79' lang='lat' dir='ltr'><strong>supr.</strong></span> <span class='ocrx_word' id='word_1_339' title='bbox 1315 2729 1405 2755; x_wconf 80' lang='lat' dir='ltr'><strong>vers,</strong></span> <span class='ocrx_word' id='word_1_340' title='bbox 1432 2719 1481 2752; x_wconf 78' lang='lat' dir='ltr'><strong>acl</strong></span> <span class='ocrx_word' id='word_1_341' title='bbox 1509 2717 1674 2754; x_wconf 83' lang='lat' dir='ltr'><strong>‘cateias’</strong></span> <span class='ocrx_word' id='word_1_342' title='bbox 1703 2718 1767 2753; x_wconf 74' lang='lat' dir='ltr'><strong>acl-</strong></span> 
     </span>
     <span class='ocr_line' id='line_1_38' title="bbox 62 2764 1769 2814; baseline -0.002 -11"><span class='ocrx_word' id='word_1_343' title='bbox 62 2768 209 2813; x_wconf 76' lang='lat' dir='ltr'><strong>scripsit</strong></span> <span class='ocrx_word' id='word_1_344' title='bbox 227 2768 239 2813; x_wconf 76' lang='grc' dir='ltr'><strong>Η</strong></span> <span class='ocrx_word' id='word_1_345' title='bbox 259 2771 279 2801; x_wconf 87' lang='lat'>5</span> <span class='ocrx_word' id='word_1_346' title='bbox 300 2770 386 2812; x_wconf 76' lang='lat' dir='ltr'><strong>post</strong></span> <span class='ocrx_word' id='word_1_347' title='bbox 403 2766 506 2802; x_wconf 83' lang='lat' dir='ltr'><strong>lenta</strong></span> <span class='ocrx_word' id='word_1_348' title='bbox 526 2768 697 2802; x_wconf 79' lang='lat' dir='ltr'><strong>lacunam</strong></span> <span class='ocrx_word' id='word_1_349' title='bbox 715 2768 896 2803; x_wconf 79' lang='lat' dir='ltr'><strong>indicavit</strong></span> <span class='ocrx_word' id='word_1_350' title='bbox 915 2768 1053 2803; x_wconf 83' lang='lat' dir='ltr'><strong>Daniel</strong></span> <span class='ocrx_word' id='word_1_351' title='bbox 1071 2768 1083 2814; x_wconf 85' lang='grc'><strong>11</strong></span> <span class='ocrx_word' id='word_1_352' title='bbox 1102 2770 1312 2811; x_wconf 79' lang='lat' dir='ltr'><strong>eoepeetatar</strong></span> <span class='ocrx_word' id='word_1_353' title='bbox 1332 2764 1451 2801; x_wconf 85' lang='lat' dir='ltr'><strong>cubiti</strong></span> <span class='ocrx_word' id='word_1_354' title='bbox 1470 2767 1481 2811; x_wconf 90' lang='grc' dir='ltr'><strong>ΙΙ</strong></span> <span class='ocrx_word' id='word_1_355' title='bbox 1501 2769 1522 2799; x_wconf 89' lang='grc'><strong>6</strong></span> <span class='ocrx_word' id='word_1_356' title='bbox 1542 2765 1709 2811; x_wconf 86' lang='lat' dir='ltr'><strong>illigatas</strong></span> <span class='ocrx_word' id='word_1_357' title='bbox 1727 2765 1769 2810; x_wconf 79' lang='lat' dir='ltr'><strong>T,</strong></span> 
     </span>
     <span class='ocr_line' id='line_1_39' title="bbox 60 2813 1768 2861; baseline -0.001 -12"><span class='ocrx_word' id='word_1_358' title='bbox 60 2816 121 2850; x_wconf 85' lang='lat' dir='ltr'><strong>seol</strong></span> <span class='ocrx_word' id='word_1_359' title='bbox 145 2815 310 2854; x_wconf 75' lang='lat' dir='ltr'><strong>slittera</strong></span> <span class='ocrx_word' id='word_1_360' title='bbox 329 2817 413 2859; x_wconf 81' lang='lat' dir='ltr'><strong>post</strong></span> <span class='ocrx_word' id='word_1_361' title='bbox 439 2814 580 2850; x_wconf 83' lang='lat' dir='ltr'><strong>addita.</strong></span> <span class='ocrx_word' id='word_1_362' title='bbox 618 2815 703 2859; x_wconf 79' lang='lat' dir='ltr'><strong>fort.</strong></span> <span class='ocrx_word' id='word_1_363' title='bbox 729 2814 877 2860; x_wconf 88' lang='lat' dir='ltr'><strong>illigata</strong></span> <span class='ocrx_word' id='word_1_364' title='bbox 902 2816 970 2852; x_wconf 85' lang='lat' dir='ltr'><strong>est.</strong></span> <span class='ocrx_word' id='word_1_365' title='bbox 989 2815 1001 2861; x_wconf 77' lang='grc' dir='ltr'><strong>ΙΙ</strong></span> <span class='ocrx_word' id='word_1_366' title='bbox 1020 2825 1113 2860; x_wconf 88' lang='lat' dir='ltr'><strong>quas</strong></span> <span class='ocrx_word' id='word_1_367' title='bbox 1142 2814 1175 2848; x_wconf 86' lang='grc' dir='ltr'><em>Τ</em></span> <span class='ocrx_word' id='word_1_368' title='bbox 1211 2825 1323 2858; x_wconf 88' lang='lat' dir='ltr'><strong>quam</strong></span> <span class='ocrx_word' id='word_1_369' title='bbox 1343 2813 1482 2848; x_wconf 85' lang='lat' dir='ltr'><strong>Daniel</strong></span> <span class='ocrx_word' id='word_1_370' title='bbox 1500 2814 1512 2859; x_wconf 86' lang='grc' dir='ltr'><strong>ΙΙ</strong></span> <span class='ocrx_word' id='word_1_371' title='bbox 1531 2824 1593 2848; x_wconf 88' lang='lat' dir='ltr'><strong>eas</strong></span> <span class='ocrx_word' id='word_1_372' title='bbox 1618 2813 1768 2857; x_wconf 84' lang='lat' dir='ltr'><strong>scripsi:</strong></span> 
     </span>
     <span class='ocr_line' id='line_1_40' title="bbox 62 2860 1769 2908; baseline -0.001 -12"><span class='ocrx_word' id='word_1_373' title='bbox 62 2873 143 2897; x_wconf 85' lang='lat' dir='ltr'><strong>eam</strong></span> <span class='ocrx_word' id='word_1_374' title='bbox 173 2861 205 2896; x_wconf 83' lang='lat' dir='ltr'><em>T</em></span> <span class='ocrx_word' id='word_1_375' title='bbox 221 2862 234 2908; x_wconf 80' lang='grc'><strong>11</strong></span> <span class='ocrx_word' id='word_1_376' title='bbox 265 2866 284 2897; x_wconf 79' lang='grc'><strong>7</strong></span> <span class='ocrx_word' id='word_1_377' title='bbox 311 2861 539 2906; x_wconf 87' lang='lat' dir='ltr'><strong>reciprocam</strong></span> <span class='ocrx_word' id='word_1_378' title='bbox 564 2862 702 2897; x_wconf 88' lang='lat' dir='ltr'><strong>Daniel</strong></span> <span class='ocrx_word' id='word_1_379' title='bbox 720 2863 732 2908; x_wconf 85' lang='grc' dir='ltr'><strong>ΙΙ</strong></span> <span class='ocrx_word' id='word_1_380' title='bbox 761 2866 781 2897; x_wconf 90' lang='grc'><strong>9</strong></span> <span class='ocrx_word' id='word_1_381' title='bbox 807 2861 846 2896; x_wconf 90' lang='lat' dir='ltr'><strong>id</strong></span> <span class='ocrx_word' id='word_1_382' title='bbox 873 2863 931 2897; x_wconf 86' lang='lat' dir='ltr'><strong>est</strong></span> <span class='ocrx_word' id='word_1_383' title='bbox 954 2861 1092 2908; x_wconf 84' lang='lat' dir='ltr'><strong>raptim</strong></span> <span class='ocrx_word' id='word_1_384' title='bbox 1118 2861 1287 2897; x_wconf 85' lang='lat' dir='ltr'><strong>sublatus</strong></span> <span class='ocrx_word' id='word_1_385' title='bbox 1313 2871 1380 2895; x_wconf 78' lang='lat' dir='ltr'><strong>oni.</strong></span> <span class='ocrx_word' id='word_1_386' title='bbox 1405 2860 1493 2895; x_wconf 83' lang='lat' dir='ltr'><strong>LH</strong></span> <span class='ocrx_word' id='word_1_387' title='bbox 1517 2861 1616 2904; x_wconf 80' lang='lat' dir='ltr'><strong>(add.</strong></span> <span class='ocrx_word' id='word_1_388' title='bbox 1643 2861 1670 2906; x_wconf 89' lang='lat' dir='ltr'><strong>l)</strong></span> <span class='ocrx_word' id='word_1_389' title='bbox 1691 2861 1702 2907; x_wconf 88' lang='grc' dir='ltr'><strong>ΙΙ</strong></span> <span class='ocrx_word' id='word_1_390' title='bbox 1730 2860 1769 2894; x_wconf 89' lang='lat' dir='ltr'><strong>id</strong></span> 
     </span>
     <span class='ocr_line' id='line_1_41' title="bbox 62 2904 1768 2956; baseline -0.001 -12"><span class='ocrx_word' id='word_1_391' title='bbox 62 2911 119 2944; x_wconf 85' lang='lat' dir='ltr'><strong>est</strong></span> <span class='ocrx_word' id='word_1_392' title='bbox 144 2919 210 2944; x_wconf 88' lang='lat' dir='ltr'><strong>om.</strong></span> <span class='ocrx_word' id='word_1_393' title='bbox 239 2909 288 2944; x_wconf 92' lang='lat' dir='ltr'><strong>M</strong></span> <span class='ocrx_word' id='word_1_394' title='bbox 304 2910 316 2955; x_wconf 88' lang='grc' dir='ltr'><strong>ΙΙ</strong></span> <span class='ocrx_word' id='word_1_395' title='bbox 344 2909 481 2954; x_wconf 88' lang='lat' dir='ltr'><strong>raptim</strong></span> <span class='ocrx_word' id='word_1_396' title='bbox 508 2910 547 2943; x_wconf 89' lang='lat' dir='ltr'><strong>et</strong></span> <span class='ocrx_word' id='word_1_397' title='bbox 572 2909 740 2944; x_wconf 83' lang='lat' dir='ltr'><strong>sublatus</strong></span> <span class='ocrx_word' id='word_1_398' title='bbox 767 2908 807 2944; x_wconf 91' lang='lat' dir='ltr'><em>F</em></span> <span class='ocrx_word' id='word_1_399' title='bbox 823 2910 835 2956; x_wconf 80' lang='grc' dir='ltr'><strong>ΙΙ</strong></span> <span class='ocrx_word' id='word_1_400' title='bbox 865 2912 905 2944; x_wconf 92' lang='grc'><strong>11</strong></span> <span class='ocrx_word' id='word_1_401' title='bbox 933 2904 1114 2946; x_wconf 71' lang='lat' dir='ltr'><strong>felicitate</strong></span> <span class='ocrx_word' id='word_1_402' title='bbox 1141 2909 1185 2943; x_wconf 91' lang='lat' dir='ltr'><em>H</em></span> <span class='ocrx_word' id='word_1_403' title='bbox 1199 2910 1211 2955; x_wconf 77' lang='grc' dir='ltr'><strong>ΙΙ</strong></span> <span class='ocrx_word' id='word_1_404' title='bbox 1241 2912 1284 2943; x_wconf 80' lang='lat'><strong>12</strong></span> <span class='ocrx_word' id='word_1_405' title='bbox 1311 2920 1467 2943; x_wconf 62' lang='lat' dir='ltr'><strong>mansu:</strong></span> <span class='ocrx_word' id='word_1_406' title='bbox 1493 2907 1543 2942; x_wconf 89' lang='lat' dir='ltr'><strong>M</strong></span> <span class='ocrx_word' id='word_1_407' title='bbox 1561 2909 1574 2955; x_wconf 85' lang='grc' dir='ltr'><strong>ΙΙ</strong></span> <span class='ocrx_word' id='word_1_408' title='bbox 1605 2911 1647 2942; x_wconf 91' lang='grc'><strong>13</strong></span> <span class='ocrx_word' id='word_1_409' title='bbox 1674 2907 1768 2942; x_wconf 88' lang='lat' dir='ltr'><strong>occi-</strong></span> 
     </span>
     <span class='ocr_line' id='line_1_42' title="bbox 61 2955 1766 3003; baseline 0 -13"><span class='ocrx_word' id='word_1_410' title='bbox 61 2956 161 2991; x_wconf 84' lang='lat' dir='ltr'><strong>ditur</strong></span> <span class='ocrx_word' id='word_1_411' title='bbox 186 2956 275 2991; x_wconf 87' lang='lat' dir='ltr'><strong>LM</strong></span> <span class='ocrx_word' id='word_1_412' title='bbox 301 2957 313 3003; x_wconf 76' lang='grc' dir='ltr'><strong>ΙΙ</strong></span> <span class='ocrx_word' id='word_1_413' title='bbox 346 2960 390 2991; x_wconf 84' lang='grc'><strong>14</strong></span> <span class='ocrx_word' id='word_1_414' title='bbox 416 2956 657 3001; x_wconf 87' lang='lat' dir='ltr'><strong>ufontemque</strong></span> <span class='ocrx_word' id='word_1_415' title='bbox 683 2956 726 2990; x_wconf 89' lang='lat' dir='ltr'><em>H</em></span> <span class='ocrx_word' id='word_1_416' title='bbox 741 2958 753 3003; x_wconf 88' lang='grc' dir='ltr'><strong>ΙΙ</strong></span> <span class='ocrx_word' id='word_1_417' title='bbox 778 2956 859 3002; x_wconf 88' lang='lat' dir='ltr'><strong>gias</strong></span> <span class='ocrx_word' id='word_1_418' title='bbox 885 2955 922 2992; x_wconf 82' lang='lat' dir='ltr'><em>R</em></span> <span class='ocrx_word' id='word_1_419' title='bbox 958 2957 1064 3003; x_wconf 84' lang='lat' dir='ltr'><strong>giyas</strong></span> <span class='ocrx_word' id='word_1_420' title='bbox 1089 2956 1134 2992; x_wconf 87' lang='lat' dir='ltr'><em>H</em></span> <span class='ocrx_word' id='word_1_421' title='bbox 1166 2956 1274 3001; x_wconf 82' lang='lat' dir='ltr'><strong>gigas</strong></span> <span class='ocrx_word' id='word_1_422' title='bbox 1301 2955 1351 2990; x_wconf 91' lang='lat' dir='ltr'><strong>M</strong></span> <span class='ocrx_word' id='word_1_423' title='bbox 1373 2956 1385 3002; x_wconf 88' lang='grc' dir='ltr'><strong>ΙΙ</strong></span> <span class='ocrx_word' id='word_1_424' title='bbox 1412 2955 1513 2990; x_wconf 88' lang='lat' dir='ltr'><strong>cadit</strong></span> <span class='ocrx_word' id='word_1_425' title='bbox 1538 2983 1545 2990; x_wconf 93' lang='lat'>.</span> <span class='ocrx_word' id='word_1_426' title='bbox 1568 2984 1574 2991; x_wconf 96' lang='lat'>.</span> <span class='ocrx_word' id='word_1_427' title='bbox 1598 2984 1605 2991; x_wconf 94' lang='lat'><em>.</em></span> <span class='ocrx_word' id='word_1_428' title='bbox 1632 2955 1766 3001; x_wconf 76' lang='lat' dir='ltr'><strong>augur]</strong></span> 
     </span>
    </p>
   </div>
   <div class='ocr_carea' id='block_1_7' title="bbox 0 3004 1769 3169">
    <p class='ocr_par' dir='ltr' id='par_1_13' title="bbox 0 3004 1769 3169">
     <span class='ocr_line' id='line_1_43' title="bbox 0 3004 1768 3081; baseline -0.001 -20"><span class='ocrx_word' id='word_1_429' title='bbox 0 3029 10 3034; x_wconf 71' lang='lat'><strong><em>‘</em></strong></span> <span class='ocrx_word' id='word_1_430' title='bbox 63 3037 100 3061; x_wconf 87' lang='lat' dir='ltr'><strong>se</strong></span> <span class='ocrx_word' id='word_1_431' title='bbox 119 3004 200 3081; x_wconf 50' lang='lat' dir='ltr'><strong>adi*²</strong></span> <span class='ocrx_word' id='word_1_432' title='bbox 213 3028 275 3062; x_wconf 83' lang='lat' dir='ltr'><strong>eta</strong></span> <span class='ocrx_word' id='word_1_433' title='bbox 302 3026 345 3061; x_wconf 90' lang='lat' dir='ltr'><em>H</em></span> <span class='ocrx_word' id='word_1_434' title='bbox 378 3028 415 3062; x_wconf 91' lang='lat' dir='ltr'><strong>et</strong></span> <span class='ocrx_word' id='word_1_435' title='bbox 435 3055 443 3063; x_wconf 89' lang='lat'>.</span> <span class='ocrx_word' id='word_1_436' title='bbox 465 3055 474 3062; x_wconf 91' lang='lat'>.</span> <span class='ocrx_word' id='word_1_437' title='bbox 495 3054 503 3062; x_wconf 90' lang='lat'><em>.</em></span> <span class='ocrx_word' id='word_1_438' title='bbox 526 3038 646 3072; x_wconf 85' lang='lat' dir='ltr'><strong>augur</strong></span> <span class='ocrx_word' id='word_1_439' title='bbox 669 3037 735 3063; x_wconf 87' lang='lat' dir='ltr'><strong>om.</strong></span> <span class='ocrx_word' id='word_1_440' title='bbox 751 3027 845 3062; x_wconf 88' lang='lat' dir='ltr'><strong>RM</strong></span> <span class='ocrx_word' id='word_1_441' title='bbox 850 3027 891 3062; x_wconf 88' lang='lat' dir='ltr'><em>F</em></span> <span class='ocrx_word' id='word_1_442' title='bbox 906 3029 918 3074; x_wconf 72' lang='grc' dir='ltr'><strong>η</strong></span> <span class='ocrx_word' id='word_1_443' title='bbox 937 3027 989 3074; x_wconf 90' lang='lat' dir='ltr'><strong>et]</strong></span> <span class='ocrx_word' id='word_1_444' title='bbox 1015 3028 1095 3073; x_wconf 87' lang='lat' dir='ltr'><strong>ipse</strong></span> <span class='ocrx_word' id='word_1_445' title='bbox 1124 3026 1307 3072; x_wconf 74' lang='lat' dir='ltr'><strong>Veryilius</strong></span> <span class='ocrx_word' id='word_1_446' title='bbox 1325 3027 1337 3072; x_wconf 80' lang='lat' dir='ltr'><strong>{l</strong></span> <span class='ocrx_word' id='word_1_447' title='bbox 1358 3029 1401 3060; x_wconf 82' lang='grc'><strong>16</strong></span> <span class='ocrx_word' id='word_1_448' title='bbox 1428 3026 1626 3072; x_wconf 84' lang='lat' dir='ltr'><strong>qualitate]</strong></span> <span class='ocrx_word' id='word_1_449' title='bbox 1648 3037 1713 3060; x_wconf 86' lang='lat' dir='ltr'><strong>om.</strong></span> <span class='ocrx_word' id='word_1_450' title='bbox 1730 3025 1768 3068; x_wconf 82' lang='lat' dir='ltr'><strong>S,</strong></span> 
     </span>
     <span class='ocr_line' id='line_1_44' title="bbox 64 3071 1769 3121; baseline -0.002 -13"><span class='ocrx_word' id='word_1_451' title='bbox 64 3074 284 3117; x_wconf 79' lang='lat' dir='ltr'><strong>qualitatem</strong></span> <span class='ocrx_word' id='word_1_452' title='bbox 310 3074 350 3109; x_wconf 87' lang='lat' dir='ltr'><em>F</em></span> <span class='ocrx_word' id='word_1_453' title='bbox 366 3075 378 3120; x_wconf 83' lang='grc' dir='ltr'><strong>ΙΙ</strong></span> <span class='ocrx_word' id='word_1_454' title='bbox 410 3074 608 3119; x_wconf 74' lang='lat' dir='ltr'><strong>perdux-am</strong></span> <span class='ocrx_word' id='word_1_455' title='bbox 634 3074 678 3109; x_wconf 90' lang='lat' dir='ltr'><em>H</em></span> <span class='ocrx_word' id='word_1_456' title='bbox 698 3075 710 3120; x_wconf 76' lang='grc' dir='ltr'><strong>ΙΙ</strong></span> <span class='ocrx_word' id='word_1_457' title='bbox 743 3078 786 3110; x_wconf 90' lang='grc'><strong>18</strong></span> <span class='ocrx_word' id='word_1_458' title='bbox 811 3075 851 3110; x_wconf 90' lang='lat' dir='ltr'><strong>id</strong></span> <span class='ocrx_word' id='word_1_459' title='bbox 877 3076 935 3110; x_wconf 87' lang='lat' dir='ltr'><strong>est</strong></span> <span class='ocrx_word' id='word_1_460' title='bbox 959 3086 1024 3112; x_wconf 88' lang='lat' dir='ltr'><strong>om.</strong></span> <span class='ocrx_word' id='word_1_461' title='bbox 1051 3075 1091 3110; x_wconf 91' lang='lat' dir='ltr'><em>F</em></span> <span class='ocrx_word' id='word_1_462' title='bbox 1112 3076 1124 3121; x_wconf 82' lang='grc'><strong>11</strong></span> <span class='ocrx_word' id='word_1_463' title='bbox 1155 3074 1298 3109; x_wconf 79' lang='lat' dir='ltr'><strong>faraces</strong></span> <span class='ocrx_word' id='word_1_464' title='bbox 1324 3072 1360 3112; x_wconf 74' lang='lat' dir='ltr'><em>R</em></span> <span class='ocrx_word' id='word_1_465' title='bbox 1397 3072 1508 3108; x_wconf 86' lang='lat' dir='ltr'><strong>feries</strong></span> <span class='ocrx_word' id='word_1_466' title='bbox 1533 3073 1573 3108; x_wconf 93' lang='lat' dir='ltr'><em>F</em></span> <span class='ocrx_word' id='word_1_467' title='bbox 1595 3074 1607 3119; x_wconf 83' lang='grc'><strong>11</strong></span> <span class='ocrx_word' id='word_1_468' title='bbox 1640 3077 1681 3107; x_wconf 87' lang='grc'><strong>19</strong></span> <span class='ocrx_word' id='word_1_469' title='bbox 1709 3071 1769 3106; x_wconf 90' lang='lat' dir='ltr'><strong>cui</strong></span> 
     </span>
     <span class='ocr_line' id='line_1_45' title="bbox 63 3119 1769 3169; baseline -0.001 -15"><span class='ocrx_word' id='word_1_470' title='bbox 63 3121 171 3164; x_wconf 83' lang='lat' dir='ltr'><strong>putre</strong></span> <span class='ocrx_word' id='word_1_471' title='bbox 196 3121 333 3167; x_wconf 86' lang='lat' dir='ltr'><strong>solum]</strong></span> <span class='ocrx_word' id='word_1_472' title='bbox 360 3121 481 3167; x_wconf 88' lang='lat' dir='ltr'><strong>capud</strong></span> <span class='ocrx_word' id='word_1_473' title='bbox 506 3122 668 3157; x_wconf 86' lang='lat' dir='ltr'><strong>resolum</strong></span> <span class='ocrx_word' id='word_1_474' title='bbox 694 3121 735 3157; x_wconf 79' lang='lat' dir='ltr'><em>F</em></span> <span class='ocrx_word' id='word_1_475' title='bbox 750 3123 761 3169; x_wconf 88' lang='grc' dir='ltr'><strong>ΙΙ</strong></span> <span class='ocrx_word' id='word_1_476' title='bbox 786 3122 981 3158; x_wconf 83' lang='lat' dir='ltr'><strong>imitantur</strong></span> <span class='ocrx_word' id='word_1_477' title='bbox 1006 3123 1051 3158; x_wconf 92' lang='lat' dir='ltr'><em>H</em></span> <span class='ocrx_word' id='word_1_478' title='bbox 1071 3124 1083 3168; x_wconf 77' lang='grc' dir='ltr'><strong>ΙΙ</strong></span> <span class='ocrx_word' id='word_1_479' title='bbox 1108 3126 1151 3157; x_wconf 83' lang='lat'><strong>21</strong></span> <span class='ocrx_word' id='word_1_480' title='bbox 1180 3132 1361 3157; x_wconf 67' lang='lat' dir='ltr'><strong>mnnvvm</strong></span> <span class='ocrx_word' id='word_1_481' title='bbox 1387 3120 1415 3155; x_wconf 78' lang='lat' dir='ltr'><strong><em>S</em></strong></span> <span class='ocrx_word' id='word_1_482' title='bbox 1433 3122 1445 3167; x_wconf 78' lang='grc' dir='ltr'><strong>ΙΙ</strong></span> <span class='ocrx_word' id='word_1_483' title='bbox 1470 3120 1614 3156; x_wconf 85' lang='lat' dir='ltr'><strong>scilicet</strong></span> <span class='ocrx_word' id='word_1_484' title='bbox 1639 3119 1769 3153; x_wconf 89' lang='lat' dir='ltr'><strong>Medea</strong></span> 
     </span>
    </p>
   </div>
   <div class='ocr_carea' id='block_1_8' title="bbox 64 3165 1769 3258">
    <p class='ocr_par' dir='ltr' id='par_1_14' title="bbox 64 3165 1769 3258">
     <span class='ocr_line' id='line_1_46' title="bbox 64 3165 1769 3258; baseline -0.003 -54"><span class='ocrx_word' id='word_1_485' title='bbox 64 3166 263 3258; x_wconf 28' lang='lat' dir='ltr'><strong>frigidi-{ius</strong></span> <span class='ocrx_word' id='word_1_486' title='bbox 273 3168 445 3248; x_wconf 36' lang='lat' dir='ltr'><strong>{Medea</strong></span> <span class='ocrx_word' id='word_1_487' title='bbox 469 3179 535 3204; x_wconf 85' lang='lat' dir='ltr'><strong>om.</strong></span> <span class='ocrx_word' id='word_1_488' title='bbox 558 3169 593 3204; x_wconf 90' lang='lat' dir='ltr'><em>L</em></span> <span class='ocrx_word' id='word_1_489' title='bbox 612 3170 624 3215; x_wconf 80' lang='grc' dir='ltr'><strong>ΙΙ</strong></span> <span class='ocrx_word' id='word_1_490' title='bbox 643 3173 687 3205; x_wconf 83' lang='grc'><strong>23</strong></span> <span class='ocrx_word' id='word_1_491' title='bbox 714 3171 766 3215; x_wconf 79' lang='lat' dir='ltr'><strong>et]</strong></span> <span class='ocrx_word' id='word_1_492' title='bbox 794 3180 888 3215; x_wconf 89' lang='lat' dir='ltr'><strong>quae</strong></span> <span class='ocrx_word' id='word_1_493' title='bbox 909 3170 949 3204; x_wconf 90' lang='lat' dir='ltr'><em>F</em></span> <span class='ocrx_word' id='word_1_494' title='bbox 964 3172 976 3217; x_wconf 74' lang='lat' dir='ltr'>fl</span> <span class='ocrx_word' id='word_1_495' title='bbox 995 3168 1193 3215; x_wconf 81' lang='lat' dir='ltr'><strong>quosdam]</strong></span> <span class='ocrx_word' id='word_1_496' title='bbox 1221 3179 1312 3212; x_wconf 85' lang='lat' dir='ltr'><strong>quos</strong></span> <span class='ocrx_word' id='word_1_497' title='bbox 1339 3168 1367 3203; x_wconf 80' lang='lat' dir='ltr'><strong><em>S</em></strong></span> <span class='ocrx_word' id='word_1_498' title='bbox 1384 3168 1396 3214; x_wconf 86' lang='grc' dir='ltr'><strong>ΙΙ</strong></span> <span class='ocrx_word' id='word_1_499' title='bbox 1415 3172 1459 3203; x_wconf 84' lang='grc'><strong>27</strong></span> <span class='ocrx_word' id='word_1_500' title='bbox 1487 3167 1698 3212; x_wconf 82' lang='lat' dir='ltr'><strong>anguieiam</strong></span> <span class='ocrx_word' id='word_1_501' title='bbox 1719 3165 1769 3200; x_wconf 81' lang='lat' dir='ltr'><strong>Sl</strong></span> 
     </span>
     <span class='ocr_line' id='line_1_47' title="bbox 64 3226 1395 3248; baseline -0.002 -1"><span class='ocrx_word' id='word_1_502' title='bbox 64 3234 73 3247; x_wconf 73' lang='grc' dir='ltr'><strong><em>ι</em></strong></span> <span class='ocrx_word' id='word_1_503' title='bbox 212 3226 248 3248; x_wconf 84' lang='lat' dir='ltr'><strong>m</strong></span> <span class='ocrx_word' id='word_1_504' title='bbox 1391 3229 1395 3233; x_wconf 68' lang='lat'>⁴</span> 
     </span>
    </p>
   </div>
   <div class='ocr_carea' id='block_1_9' title="bbox 1790 647 1811 678">
    <p class='ocr_par' dir='ltr' id='par_1_15' title="bbox 1790 647 1811 678">
     <span class='ocr_line' id='line_1_48' title="bbox 1790 647 1811 678; textangle 90"><span class='ocrx_word' id='word_1_505' title='bbox 1790 647 1811 678; x_wconf 60' lang='lat'><strong>0⁸1</strong></span> 
     </span>
    </p>
   </div>
   <div class='ocr_carea' id='block_1_10' title="bbox 1792 1004 1836 1035">
    <p class='ocr_par' dir='ltr' id='par_1_16' title="bbox 1792 1004 1836 1035">
     <span class='ocr_line' id='line_1_49' title="bbox 1792 1004 1836 1035; baseline 0 0"><span class='ocrx_word' id='word_1_506' title='bbox 1792 1004 1836 1035; x_wconf 94' lang='lat'><strong>10</strong></span> 
     </span>
    </p>
   </div>
   <div class='ocr_carea' id='block_1_11' title="bbox 1792 1361 1835 1392">
    <p class='ocr_par' dir='ltr' id='par_1_17' title="bbox 1792 1361 1835 1392">
     <span class='ocr_line' id='line_1_50' title="bbox 1792 1361 1835 1392; baseline 0 0"><span class='ocrx_word' id='word_1_507' title='bbox 1792 1361 1835 1392; x_wconf 79' lang='lat'><strong>15</strong></span> 
     </span>
    </p>
   </div>
   <div class='ocr_carea' id='block_1_12' title="bbox 1791 1717 1837 1748">
    <p class='ocr_par' dir='ltr' id='par_1_18' title="bbox 1791 1717 1837 1748">
     <span class='ocr_line' id='line_1_51' title="bbox 1791 1717 1837 1748; baseline 0 0"><span class='ocrx_word' id='word_1_508' title='bbox 1791 1717 1837 1748; x_wconf 79' lang='lat'><strong>20</strong></span> 
     </span>
    </p>
   </div>
  </div>
 </body>
</html>
