2092 3614
626 846 824 890 SERVII
856 845 1235 889 GRAMMATICI

173 961 253 1019 IN.
290 961 607 1018 VERGILII
648 959 1000 1016 AENEIDOS
1044 960 1318 1017 LIBRVM
1361 959 1687 1017 OCTAVVM

632 1142 634 1144 ι
650 1054 1212 1114 COMMENTARIVS.

199 1209 235 1250 1.
285 1220 345 1250 VT
371 1220 509 1250 BELLI
535 1219 707 1250 SIGNVM
732 1219 969 1250 LAVRENTI
994 1219 1176 1251 TVRNVS
1202 1219 1262 1249 AB
1288 1218 1407 1250 AROE
1436 1219 1641 1249 EXTVLIT
1674 1206 1789 1262 apud

77 1279 262 1322 maiores
300 1282 473 1322 nostros
505 1279 592 1321 tria
624 1282 750 1321 erant
781 1263 965 1321 militiae
998 1293 1156 1335 genera
1188 1280 1233 1322 in
1263 1279 1391 1321 bellis
1430 1279 1648 1335 gerendis:
1686 1293 1789 1320 nam

78 1353 154 1392 aut
184 1350 381 1406 legitima
412 1353 505 1392 erat
536 1351 697 1393 militia
729 1353 805 1393 aut
836 1350 1077 1393 coniuratio
1111 1353 1186 1392 aut
1215 1351 1422 1402 evocatio.
1471 1350 1672 1406 legitima
1696 1352 1790 1392 erat

76 1421 237 1464 militia
275 1436 440 1477 eorum,
478 1422 550 1477 qui
589 1422 752 1478 singuli
783 1422 988 1464 iurabant
1018 1437 1096 1477 pro
1128 1421 1351 1477 republica
1382 1436 1426 1463 se
1459 1436 1551 1464 esse
1581 1421 1787 1476 facturos,

74 1508 152 1536 nec
184 1493 460 1536 discedebant
490 1493 575 1535 nisi
600 1493 828 1548 completis
856 1493 1098 1548 stipendiis,
1130 1493 1173 1535 id
1200 1495 1265 1535 est
1290 1493 1475 1536 militiae
1499 1492 1787 1548 temporibus:
1813 1501 1834 1532 5

75 1568 118 1607 et
150 1568 469 1607 sacramentum
510 1566 766 1621 vocabatur,
801 1569 849 1607 ut
880 1564 952 1620 <II
988 1565 1100 1620 157>
1130 1566 1212 1619 fas
1248 1565 1371 1607 mihi
1402 1563 1673 1607 Graiorum
1708 1577 1787 1606 sa-

73 1640 217 1679 crata
246 1638 490 1679 resolvere
524 1638 652 1679 iura.
715 1639 790 1679 aut
821 1639 934 1679 certe
966 1636 1003 1678 si
1035 1639 1149 1679 esset
1179 1637 1410 1692 tumultus,
1448 1637 1492 1678 id
1525 1638 1592 1678 est
1622 1635 1786 1678 bellum

74 1708 276 1751 Italicum
312 1709 380 1750 vel
412 1708 646 1763 Gallicum,
684 1709 727 1750 in
766 1709 921 1764 quibus
961 1723 1011 1750 ex
1042 1709 1225 1763 periculi
1262 1708 1487 1751 vicinitate
1525 1709 1620 1750 erat
1655 1708 1787 1750 timor

75 1779 257 1834 multus,
290 1780 391 1835 quia
423 1780 618 1835 singulos
651 1780 918 1836 interrogare
949 1794 1037 1822 non
1066 1780 1266 1835 vacabat,
1299 1780 1372 1835 qui
1404 1780 1546 1822 fuerat
1578 1779 1785 1821 ducturus

75 1851 310 1893 exercitum
335 1851 429 1893 ibat
455 1851 509 1893 ad
534 1850 799 1906 Capitolium
826 1854 869 1893 et
894 1851 1047 1894 exinde
1078 1852 1300 1907 proferens
1333 1851 1416 1894 duo
1448 1851 1620 1907 vexilla,
1650 1866 1785 1893 unum
1813 1859 1856 1891 10

74 1937 290 1974 russeum,
335 1923 451 1978 quod
492 1923 659 1979 pedites
701 1923 928 1978 evocabat,
972 1925 1015 1965 et
1054 1939 1188 1966 unum
1229 1924 1490 1978 caeruleum,
1535 1924 1650 1979 quod
1694 1925 1786 1965 erat

74 1994 268 2050 equitum
295 2020 352 2024 —
377 2009 479 2037 nam
513 1995 732 2036 caeruleus
765 1994 884 2036 color
914 1994 1046 2036 maris
1073 1997 1156 2046 est,
1189 2010 1214 2037 a
1240 1995 1361 2037 cuius
1388 1994 1467 2037 deo
1495 2009 1652 2050 equum
1685 2009 1783 2036 con-

75 2068 163 2108 stat
192 2065 417 2108 inventum
451 2090 506 2096 -
540 2065 710 2107 dicebat
744 2064 839 2120 ‘qui
870 2079 961 2106 rem
992 2065 1212 2120 publicam
1245 2065 1411 2107 salvam
1443 2079 1535 2107 esse
1567 2066 1677 2120 vult,
1715 2081 1783 2108 me

74 2137 312 2194 sequatur',
356 2140 399 2180 et
441 2137 514 2193 qui
554 2135 874 2190 convenissent,
917 2136 1045 2178 simul
1085 2136 1307 2179 iurabant:
1352 2139 1396 2178 et
1435 2137 1658 2179 dicebatur
1696 2137 1784 2179 ista

74 2209 232 2251 militia
269 2209 522 2252 coniuratio.
581 2209 660 2250 alii
695 2208 836 2251 album
873 2211 911 2250 et
939 2222 1099 2251 roseum
1135 2208 1288 2251 vexilla
1326 2210 1513 2260 tradunt,
1550 2212 1588 2250 et
1621 2222 1783 2251 roseum
1809 2218 1853 2249 15

71 2281 286 2336 bellorum,
329 2273 468 2323 alburii
511 2281 768 2323 comitiorum
812 2280 977 2335 siyuum
1018 2279 1157 2334 fuisse.
1219 2280 1351 2323 fiebat
1396 2280 1527 2322 etiam
1569 2280 1781 2323 evocatio:

70 2368 172 2394 nam
205 2352 259 2394 ad
285 2352 455 2395 diversa
486 2352 583 2394 loca
614 2352 771 2394 diversi
801 2353 978 2407 propter
1003 2352 1218 2409 cogendos
1245 2346 1544 2395 mittebantur
1559 2352 1781 2394 exercitus.

73 2424 200 2467 modo
233 2437 336 2479 ergo
370 2424 452 2466 duo
485 2425 587 2466 sunt
618 2437 775 2480 genera
806 2423 1007 2480 militiae,
1040 2424 1281 2466 coniuratio
1309 2426 1352 2466 et
1377 2424 1589 2479 evocatio,
1622 2424 1781 2480 quippe

71 2496 115 2537 in
153 2495 353 2537 tumultu.
416 2510 519 2537 sane
556 2496 842 2552 incongruum
878 2510 967 2538 non
1005 2498 1072 2538 est
1109 2495 1223 2551 quod
1262 2496 1433 2552 signum
1469 2496 1594 2551 belli,
1634 2496 1677 2538 id
1715 2498 1781 2538 est

70 2566 218 2608 vexilli
261 2566 547 2609 elevationem
586 2566 734 2609 Turno
778 2567 870 2609 dat:
914 2570 989 2609 aut
1031 2567 1132 2622 quia
1175 2567 1226 2609 de
1269 2581 1370 2623 rege
1413 2566 1569 2610 Latino
1613 2567 1781 2609 dixerat
1805 2576 1850 2607 20

73 2653 202 2693 supra
235 2636 350 2693 <VII
383 2637 498 2693 600>
531 2652 798 2695 rerumque
836 2637 1055 2694 reliquit
1091 2638 1336 2681 habenas:
1374 2643 1450 2681 aut
1477 2640 1579 2693 quia
1611 2639 1780 2682 Turnus

167 2760 185 2791 1
213 2755 314 2801 apud
340 2754 499 2791 maiores
522 2757 672 2792 nostros
697 2766 730 2792 e.
757 2768 792 2801 q.
820 2756 864 2802 s.]
891 2733 1065 2793 chServ.
1093 2756 1141 2792 ad
1165 2755 1256 2793 Aen.
1283 2756 1353 2792 VH
1378 2760 1448 2793 614

165 2867 185 2898 3
213 2864 318 2898 erant
343 2862 379 2897 R
410 2864 422 2909 11
453 2866 475 2897 4
501 2873 539 2897 se
565 2874 630 2899 om.
658 2863 696 2899 R
726 2864 738 2909 ΙΙ
770 2867 791 2898 5
817 2863 1061 2899 discedebant
1104 2864 1382 2900 descendebant
1405 2864 1495 2899 LH
1515 2863 1725 2910 (discedant
1750 2867 1777 2912 l)

70 2910 256 2953 discedere
284 2910 325 2945 F
349 2912 360 2956 ΙΙ
398 2915 418 2946 6
444 2911 487 2945 ut
510 2911 667 2946 inseruit
691 2910 832 2947 Daniel
859 2912 871 2957 ss
902 2911 1005 2957 graio
1099 2913 1112 2957 u
1150 2915 1169 2947 7
1197 2911 1229 2947 si
1254 2913 1353 2947 esset
1378 2940 1386 2948 .
1409 2938 1417 2946 .
1439 2940 1446 2947 .
1472 2911 1586 2948 timor
1611 2923 1676 2948 om.
1704 2913 1744 2947 F
1766 2913 1777 2959 ΙΙ

70 2961 91 2993 8
116 2958 286 2993 italicum
312 2958 451 2993 bellum
478 2957 514 2992 R
533 2958 545 3003 ΙΙ
573 2959 612 2993 et
636 2957 814 3004 gallicum
839 2958 911 2994 SR
934 2960 947 3004 ΙΙ
977 2962 998 2994 9
1025 2958 1152 2994 multis
1177 2959 1218 2994 F
1239 2961 1251 3004 ΙΙ
1278 2959 1443 2995 uocabat
1467 2959 1556 2994 HF
1570 2961 1583 3004 ΙΙ
1611 2960 1776 2995 dicturus

68 3005 161 3040 LM
184 3005 374 3051 (ducturus
400 3006 467 3050 lm)
487 3006 499 3051 ΙΙ
520 3009 563 3040 10
589 3005 669 3041 ibat
694 3017 759 3041 om.
786 3005 832 3041 H
846 3007 858 3051 ΙΙ
877 3006 925 3041 ad
950 3017 1016 3042 om.
1043 3005 1073 3042 S
1088 3007 1100 3052 ΙΙ
1120 3008 1158 3042 et
1182 3017 1248 3043 om.
1270 3007 1341 3042 SR
1359 3008 1372 3052 ss
1392 3011 1434 3042 11
1462 3018 1630 3042 russeum
1656 3007 1685 3043 S
1693 3008 1740 3041 M
1746 3009 1774 3042 l:

69 3063 214 3087 roseum
240 3054 371 3098 reliqui
390 3054 401 3098 ΙΙ
424 3057 466 3088 13
492 3053 683 3098 publicam
708 3065 772 3089 om.
796 3053 832 3088 R
850 3054 863 3099 ΙΙ
882 3065 960 3090 esse
986 3065 1054 3089 om.
1074 3054 1165 3089 LM
1177 3055 1190 3099 ΙΙ
1208 3054 1308 3100 vult]
1334 3055 1374 3089 ul
1393 3055 1427 3089 L
1452 3053 1525 3099 (ult
1544 3056 1585 3099 l),
1611 3066 1677 3090 om.
1698 3054 1744 3088 Η
1764 3054 1775 3099 Η

72 3102 114 3133 15
140 3101 182 3135 ut
206 3111 354 3135 roseum
379 3100 563 3136 bellorum
590 3100 639 3145 F,
665 3112 756 3137 corr.
784 3102 923 3137 Daniel
946 3102 958 3148 ΙΙ
989 3105 1035 3137 20
1061 3102 1127 3137 aut
1151 3102 1305 3136 Daniel:
1331 3103 1374 3137 ut
1398 3102 1440 3137 F
1459 3104 1472 3147 ss
1496 3102 1585 3147 quia
1610 3102 1662 3136 F:
1690 3112 1774 3136 cum

69 3146 199 3191 reliqui
216 3149 229 3192 ΙΙ
260 3148 404 3183 dixerat
429 3147 481 3183 F:
509 3148 642 3184 dixerit
666 3150 798 3194 reliqui
817 3150 828 3195 ΙΙ
859 3153 902 3185 21
931 3150 980 3185 ad
1004 3160 1036 3185 v.
1064 3153 1081 3184 1
1111 3150 1153 3184 iri
1177 3160 1259 3184 mur
1285 3175 1292 3183 .
1318 3149 1402 3185 ideo
1428 3149 1539 3185 datur
1563 3151 1672 3184 turno
1699 3148 1773 3183 ele-

71 3194 174 3228 uatio
205 3194 334 3229 uexilli
365 3194 453 3239 quia
482 3194 562 3241 ipse
588 3196 710 3232 furore
737 3208 933 3232 succensus
958 3197 1094 3233 maluit
1118 3196 1189 3232 hoc
1215 3196 1253 3231 ef
1278 3207 1360 3232 cere
1391 3196 1471 3243 ipse
1503 3207 1612 3242 quam
1646 3195 1772 3232 iubere

70 3241 112 3274 ut
137 3251 263 3277 omnes
288 3253 412 3277 muros
436 3243 516 3288 (sic)
542 3242 804 3289 abrumperent
833 3244 867 3279 T
