2124 3600
269 1049 313 1081 10

273 1406 315 1437 15

273 1763 320 1794 20

278 2119 322 2150 25

338 289 394 332 86
559 322 564 326 .
1108 288 1268 325 SERVII

337 411 458 440 LERE
485 410 700 441 DEXTRAS
731 399 814 441 hoc
845 399 941 442 loco
968 398 1139 441 videtur
1169 397 1358 440 blandiri
1383 396 1602 453 Augusto,
1634 396 1736 452 quia
1767 398 1918 439 contra
1937 394 2042 438 an-

338 485 497 525 sarem‚
538 473 708 525 patrem
746 471 857 526 eius,
898 471 1024 512 multi
1063 470 1219 526 quibus
1258 469 1441 525 ignovit,
1482 482 1602 510 arma
1641 469 1934 522 susceperant:
1978 469 2043 509 est

337 544 523 598 namque
562 542 654 584 eius
692 542 872 598 dictum,
913 543 1013 584 dare
1052 542 1224 598 quidem
1263 555 1308 582 se
1345 539 1515 582 veniam
1547 539 1838 594 Pompeianis,
1877 538 1951 581 sed
1989 538 2042 581 ab

337 613 443 668 ipsis
470 613 723 669 quandoque
750 628 843 667 esse
868 613 1123 668 periturum:
1151 615 1199 654 ut
1226 611 1361 653 ‘arma
1386 610 1536 666 impia'
1569 610 1714 653 civilia
1741 610 1896 652 dixerit
1921 610 2045 665 bella,

338 699 447 741 quae
484 688 713 728 moverunt
742 685 997 740 Pompeiani
1035 686 1186 727 contra
1225 686 1424 738 acceptae
1463 682 1611 724 veniae
1649 681 1789 724 fidem.
1852 680 1926 723 sed
1956 695 2045 723 non

336 756 541 811 procedit.
576 771 692 801 ,nam
725 757 762 798 si
794 756 932 798 ‘arma
962 756 1111 812 impia’
1145 756 1252 797 dixit
1284 754 1446 797 bellum
1478 754 1621 809 civile,
1653 753 1869 808 tangit.et
1900 752 2044 808 Augu-

338 830 455 870 stum
481 830 524 869 et
542 826 791 884 Gaesarem,
818 829 892 884 qui
919 831 962 870 et
988 829 1072 884 ipsi
1098 827 1242 870 civilia
1267 826 1382 868 bella
1408 826 1661 868 tractarunt.
1705 824 1809 867 item
1837 823 1873 865 si
1899 823 2047 879 culpat

338 914 412 941 eos
445 899 519 954 qui
551 901 701 941 contra
731 900 860 942 fidem
892 900 1016 942 datae
1049 899 1198 941 veniae
1230 898 1562 951 dimicaverunt,
1603 897 1747 952 tangit
1778 895 2045 952 Augustum:

337 986 439 1013 nam
475 971 745 1013 transierunt
783 970 834 1013 ad
870 985 965 1013 eum
994 971 1053 1013 >ab
1086 970 1278 1012 Antonio
1311 969 1394 1010 duo
1428 968 1548 1010 milia
1580 968 1790 1023 equitum,
1830 981 1907 1022 per
1939 981 2046 1022 quos

340 1044 406 1084 est
431 1041 659 1084 victoriam
685 1044 959 1084 consecutus:
993 1041 1200 1084 Horatius
1229 1040 1288 1082 ad
1315 1040 1445 1081 hunc
1471 1039 1751 1081 frementes
1782 1040 2049 1081 verterunt

340 1113 419 1155 bis
464 1113 607 1155 mille
651 1127 807 1167 equos
854 1112 992 1155 Galli
1043 1113 1286 1155 canentes
1332 1110 1617 1153 Caesarem.
1677 1109 1781 1152 fecit
1824 1112 2048 1164 praeterea

340 1184 545 1226 iniuriam
584 1185 782 1239 Augusto
821 1184 889 1226 vel
927 1183 1106 1226 Caesari
1145 1184 1181 1225 si
1220 1197 1292 1224 eos
1333 1180 1572 1224 ‘dominos'
1612 1181 1738 1235 dixit,
1782 1181 1896 1236 quod
1937 1180 2047 1236 apud

341 1255 526 1298 maiores
558 1255 820 1298 invidiosum
852 1255 951 1297 fuit:
983 1270 1085 1297 nam
1118 1253 1288 1309 ‘patres
1315 1251 1518 1308 patriae'*
1537 1252 1804 1306 dicebantur,
1834 1266 1922 1294 non
1954 1251 2048 1294 ‘do-

342 1326 487 1369 mini':
531 1326 746 1369 Iuvenalis
779 1327 914 1381 <VIII
938 1328 1053 1381 244>
1086 1326 1244 1369 Roma
1275 1327 1473 1380 patrem
1511 1324 1715 1378 patriae
1748 1321 2048 1366 Ciceronem

342 1398 509 1441 libera
542 1398 685 1441 dixit.
735 1399 890 1440 melius
923 1412 1026 1454 ergo
1054 1402 1120 1440 est
1144 1401 1193 1440 ut
1218 1396 1380 1438 bellum
1408 1410 1432 1437 a
1459 1394 1588 1437 Sexto
1616 1394 1839 1450 Pompeio,
1870 1392 2051 1449 Pompei

341 1470 453 1524 filio,
484 1470 528 1512 in
556 1468 700 1512 Siculo
731 1469 845 1512 freto
879 1473 1049 1524 gestum
1083 1468 1357 1523 accipiamus.
1407 1481 1509 1508 nam
1539 1466 1680 1509 occiso
1707 1468 1830 1521 patre
1858 1464 2050 1507 Siciliam

342 1541 483 1583 tenuit
521 1543 565 1583 et
602 1540 796 1583 collectis
834 1541 933 1582 inde
971 1540 1160 1582 servitiis
1199 1539 1388 1581 vastavit
1425 1552 1499 1580 sex
1539 1537 1665 1579 annis
1703 1537 1818 1578 ultro
1858 1536 2049 1591 citroque

344 1611 552 1667 Siciliam,
590 1614 741 1667 postea
779 1613 916 1655 victus
957 1615 1023 1654 est
1055 1612 1108 1654 ab
1140 1610 1341 1666 Augusto
1375 1611 1419 1651 et
1450 1609 1663 1664 Agrippa:
1710 1608 1919 1650 Horatius
1960 1607 2052 1649 mi-

343 1686 496 1725 natus
529 1683 645 1725 urbi
678 1683 866 1738 vincla,
905 1698 1031 1738 quae
1064 1683 1367 1725 detraxerat
1400 1681 1562 1723 servis
1596 1679 1788 1723 amicus
1820 1678 2052 1734 perfidis.

346 1757 389 1796 et
419 1754 502 1796 hoc
534 1769 662 1796 sensu
694 1757 784 1796 tam
818 1754 962 1797 ‘arma
992 1753 1158 1809 impia'‚
1196 1767 1326 1808 quam
1358 1750 1673 1794 ‘dominorum'
1706 1750 1905 1806 congruit
1943 1765 2053 1793 com-

345 1826 614 1868 memoratio.

465 1897 563 1938 614.
612 1907 801 1939 ΡΟΕΝΑΜ
834 1907 1121 1938 ΕΧΡΕΟΤΑΝΤ·
1151 1896 1264 1951 quod
1303 1896 1477 1950 gravius
1517 1897 1600 1937 est:
1639 1909 1739 1936 nam
1777 1894 1821 1936 in
1860 1896 2052 1950 expecta-

346 1969 464 2011 tione
497 1970 541 2010 et
572 1982 775 2023 praesens
809 1970 948 2010 metus
981 1970 1046 2010 est
1077 1969 1121 2010 et
1151 1967 1274 2009 dolor
1304 1967 1495 2022 futurus,
1540 1967 1582 2009 in
1613 1967 1707 2021 ipsa
1739 1967 1884 2008 autem
1915 1980 2056 2020 poena

347 2040 464 2082 solus
497 2043 563 2082 est
596 2039 729 2081 dolor.

469 2110 567 2152 615.
615 2121 775 2152 FORMA
814 2122 950 2153 VIROS
994 2112 1040 2154 id
1075 2114 1134 2153 est
1167 2124 1295 2152 causa
1334 2109 1521 2152 criminis
1556 2110 1617 2151 vel
1660 2109 1825 2165 regula:
1871 2107 2055 2164 singulis

350 2183 463 2224 enim
498 2181 732 2223 sceleribus
772 2184 873 2223 sunt
911 2184 1076 2224 statuta
1109 2180 1318 2236 supplicia
1350 2195 1401 2222 ex
1433 2194 1550 2222 more
1581 2179 1798 2234 Romano,
1835 2194 1961 2234 quem
1994 2185 2056 2220 se·-

350 2253 506 2308 quitur.

471 2325 568 2366 616.
621 2336 775 2367 SAXVM
801 2335 973 2367 manus
1000 2336 1222 2366 vonvaT
1246 2335 1345 2365 Ami
1372 2322 1607 2378 Sisyphum
1632 2322 1754 2376 dicit,
1783 2322 1853 2377 qui
1881 2321 2057 2363 deorum

447 2469 491 2500 10
517 2465 709 2511 Horatius]
737 2475 793 2510 ep.
821 2469 854 2509 9,
882 2468 924 2500 17
956 2465 968 2509 ΙΙ
1009 2467 1050 2499 18
1077 2463 1272 2510 Horatius]
1300 2475 1356 2509 cp.
1384 2469 1416 2509 9,
1444 2468 1464 2498 9

448 2600 469 2630 2
496 2595 631 2640 quibus
655 2594 845 2644 ignorauit
870 2594 898 2630 S
916 2596 928 2640 ΙΙ
953 2596 1195 2641 susceperunt
1220 2594 1298 2629 FO
1318 2596 1330 2640 ΙΙ
1358 2598 1378 2630 3
1406 2594 1619 2642 sequidem
1647 2594 1724 2629 FO
1743 2595 1756 2639 ΙΙ
1786 2597 1809 2628 4
1834 2593 1881 2628 ad
1906 2592 1996 2638 ipsis
2021 2591 2061 2627 F

354 2644 454 2690 apsis
481 2642 512 2678 G
527 2644 539 2688 ΙΙ
569 2642 664 2677 dixit
690 2642 720 2677 O
735 2644 747 2687 ΙΙ
778 2641 896 2689 bella]
921 2643 983 2678 uel
1009 2653 1054 2678 ea
1078 2643 1163 2678 add.
1191 2641 1284 2677 MD
1308 2643 1319 2687 ΙΙ
1351 2645 1371 2676 5
1398 2642 1509 2688 quae]
1538 2653 1648 2686 quem
1675 2641 1703 2677 S
1727 2643 1738 2688 ΙΙ
1769 2642 1960 2686 acceptam
1986 2639 2023 2674 R

354 2690 486 2727 uaenie
514 2691 543 2725 O
560 2690 572 2734 ΙΙ
592 2694 612 2724 6
638 2691 839 2735 augustum
866 2701 1053 2725 caesarem
1078 2690 1118 2724 F
1134 2691 1145 2736 ΙΙ
1165 2694 1184 2725 7
1212 2689 1312 2725 bella
1336 2688 1464 2723 ciuiiia
1488 2689 1578 2723 RH
1582 2689 1623 2723 F
1638 2690 1649 2735 ΙΙ
1668 2687 1926 2724 tractauerunt
1949 2686 1990 2722 F
1996 2686 2027 2722 G

355 2743 376 2775 8
402 2738 508 2782 angit
527 2738 567 2771 F
574 2737 604 2772 Ο
619 2738 632 2782 ΙΙ
653 2741 696 2772 10
722 2739 935 2782 persecutus
956 2737 984 2772 S
1021 2738 1270 2782 consequutus
1290 2736 1330 2771 F
1345 2737 1358 2782 ΙΙ
1377 2736 1498 2771 adhuc
1518 2736 1568 2771 M
1582 2738 1593 2782 ΙΙ
1612 2737 1798 2772 frebentes
1817 2735 1862 2770 H
1876 2735 1887 2780 ΙΙ
1909 2737 1950 2769 11
1973 2734 2059 2778 equi

356 2784 539 2830 ASFou
564 2784 668 2830 fecit]
696 2796 763 2820 om.
789 2784 879 2826 AS,
903 2784 961 2820 fec
990 2783 1021 2819 Ο
1042 2786 1052 2830 ΙΙ
1083 2789 1125 2819 12
1152 2784 1199 2830 si]
1228 2795 1267 2819 se
1293 2782 1400 2828 Heu
1425 2784 1540 2829 quod]
1567 2784 1655 2828 quia
1681 2782 1748 2829 Fu
1780 2787 1820 2817 13
1846 2781 1932 2828 fuit]
1961 2781 2058 2816 unde

356 2832 502 2868 Tullius
532 2832 764 2867 ‘dominante
791 2831 908 2876 Sylla’
937 2832 1021 2866 add.
1043 2831 1254 2867 Fabricius.
1284 2832 1328 2875 cf.
1356 2831 1399 2866 de
1423 2832 1482 2875 off.
1504 2831 1538 2865 II
1560 2835 1614 2875 14,
1635 2835 1677 2866 51
1707 2830 1851 2866 ‘contra
1869 2829 1912 2864 L.
1934 2828 2060 2864 Sullae

357 2881 581 2916 dominantis
606 2879 702 2924 opes'
723 2880 736 2924 ΙΙ
755 2878 976 2914 dicebantur
1072 2880 1217 2924 patrem
1241 2878 1386 2924 patriae
1411 2889 1477 2914 om.
1493 2878 1530 2913 R
1549 2880 1559 2924 ΙΙ
1579 2877 1728 2914 domine
1753 2877 1798 2912 H
1813 2877 1824 2922 ΙΙ
1846 2880 1890 2911 14
1913 2875 2058 2921 patrem

357 2939 423 2963 om.
450 2927 490 2961 F
517 2928 529 2971 fl
562 2926 778 2962 Ciceronem
803 2925 922 2961 libera
947 2925 1056 2971 dixit]
1084 2938 1114 2963 c.
1140 2926 1164 2961 1.
1191 2926 1214 2961 i.
1242 2926 1275 2962 d.
1305 2925 1336 2960 0
1357 2927 1370 2971 ΙΙ
1403 2929 1446 2960 15
1473 2925 1578 2972 ergo]
1606 2937 1671 2970 erg
1698 2925 1728 2961 G
1762 2923 1860 2959 enim
1887 2922 1937 2958 M
1960 2924 1973 2968 ΙΙ
2003 2924 2060 2958 est

357 2986 423 3010 om.
442 2974 472 3009 0
487 2975 499 3019 ΙΙ
519 2975 617 3009 sesto
645 2973 721 3010 FO
737 2975 749 3020 ΙΙ
767 2972 933 3018 pompeii
956 2973 1001 3007 H
1015 2973 1027 3017 ΙΙ
1048 2977 1091 3007 16
1116 2972 1251 3008 fretum
1272 2973 1345 3008 AS
1370 2974 1474 3016 (corr.
1495 2973 1555 3017 as)
1575 2975 1588 3018 ΙΙ
1607 2972 1741 3008 occisio
1763 2971 1804 3006 F
1837 2971 1974 3006 occisso
2001 2969 2033 3005 0
2048 2970 2059 3015 11
2086 3007 2090 3013 ,

361 3027 402 3058 17
430 3022 527 3057 ultro
554 3021 737 3067 citroque]
763 3019 938 3064 ultroque
966 3020 996 3056 Ο
1010 3021 1022 3066 ΙΙ
1053 3024 1095 3055 18
1121 3019 1268 3054 uinctus
1295 3019 1334 3054 F
1350 3021 1361 3065 ΙΙ
1391 3023 1433 3055 19
1459 3020 1609 3055 uincula
1634 3018 1712 3054 FO
1731 3020 1744 3064 11
1773 3017 1998 3052 distraxerat
2022 3016 2063 3051 F

357 3070 563 3105 ditraxerat
590 3068 711 3112 01120
739 3079 866 3103 seruus
893 3067 933 3102 F
948 3069 959 3113 ΙΙ
979 3072 1023 3103 22
1050 3067 1149 3112 quod
1174 3066 1324 3111 gravius
1350 3069 1408 3101 est
1433 3078 1497 3102 om.
1520 3067 1607 3111 AS,
1633 3067 1691 3102 est
1715 3077 1782 3100 om.
1802 3064 1848 3099 F.
1877 3064 1976 3108 quod
2002 3066 2060 3099 est

358 3116 509 3163 grauius
533 3116 569 3151 R
588 3117 600 3160 u
626 3119 670 3149 26
698 3117 713 3148 t
739 3127 781 3150 ex
807 3126 909 3150 more
934 3125 1087 3150 romano
1114 3125 1223 3159 quem
1250 3113 1416 3158 sequitur
1440 3125 1527 3148 nam
1553 3124 1694 3149 morem
1719 3122 1913 3147 romanum
1940 3110 2058 3157 sequi-

358 3167 421 3200 tur
446 3164 496 3199 M
520 3164 550 3207 (ῒ
576 3190 583 3197 .
605 3191 612 3198 .
634 3190 642 3198 .
669 3173 779 3207 quem
805 3163 1075 3208 sequiturpost
1097 3162 1212 3197 deleta
1236 3162 1334 3205 swnt)
1359 3161 1371 3206 ΙΙ
1399 3172 1510 3205 quem
1535 3159 1703 3205 sequitur
1727 3170 1792 3195 om.
1822 3157 1853 3194 Ο
1877 3159 1888 3204 ΙΙ
1925 3162 1972 3194 28
1997 3171 2058 3194 vo-

359 3224 448 3247 tvm·
466 3210 544 3246 FO
557 3211 570 3256 ΙΙ
589 3208 798 3254 sisipphum
817 3209 854 3244 R
891 3208 1087 3256 sixyphum
1106 3209 1151 3244 Η
1164 3210 1177 3255 ΙΙ
1196 3207 1325 3243 dicunt
1343 3209 1378 3243 A
1405 3207 1512 3252 (dicit
1530 3219 1562 3244 α.
1601 3219 1675 3242 Am
1699 3217 1822 3242 moneo
1843 3205 2059 3242 ‘minusculis

360 3260 490 3295 litteris
512 3258 688 3303 scriptum
714 3267 784 3292 esse
808 3258 850 3291 in
874 3257 924 3301 A)
