2124 3600
557 244 710 281 coMM.
735 244 789 279 1N
815 223 958 280 Vnae.
986 243 1096 280 AEN.
1125 244 1175 279 vr
1200 249 1353 280 23—37.
1420 292 1424 297 .
1754 243 1806 284 11

221 355 290 399 33.
339 366 412 398 BIS
445 366 645 397 PATRIAE
677 366 907 397 cromam:
939 365 1094 397 MANVS
1132 354 1221 396 ideo
1260 354 1361 409 quia
1399 354 1577 409 patriae.
1699 365 1811 404 QviN

101 439 332 470 PROTINVS
365 438 533 470 OMNEM
565 426 754 469 ostendit
785 426 913 481 plura
943 425 1095 480 fuisse,
1127 439 1257 480 quam
1290 425 1416 479 dixit,
1447 426 1613 479 depicta.

221 499 290 541 34.
340 509 684 540 PERLEGERENT
709 501 1042 553 perspectareut,'
1071 497 1237 539 scilicet
1267 496 1495 552 picturam.
1557 512 1636 540 nec
1667 497 1810 540 incon-

103 585 207 627 grue
238 570 325 626 legi
362 570 578 626 picturam
612 570 736 625 dixit,
772 584 869 611 cum
901 582 1053 625 graece
1084 566 1252 623 γράψαι
1284 571 1328 610 et
1357 568 1536 624 pingere
1568 568 1736 611 dicatur
1767 571 1810 611 et

103 642 301 685 scribere.
356 642 439 684 hoc
471 644 538 684 est
570 641 682 697 quod
715 641 777 683 ait
807 639 1016 683 Horatius
1049 640 1095 682 in
1127 642 1219 682 arte
1250 640 1420 695 poetica
1451 639 1566 694 <52>
1600 643 1648 682 et
1679 656 1811 683 nova

102 714 330 769 fictaque
379 727 541 767 nuper
589 712 854 754 habebunt
902 711 1060 754 verba
1108 710 1285 766 fidem,
1336 711 1376 753 si
1422 710 1616 754 Graeco
1668 712 1810 754 fonte

104 785 307 839 cadant,
337 798 488 840 parce
521 784 738 826 detorta.
852 793 1137 825 PRAEmssvs
1169 793 1383 825 ACHATES
1414 779 1526 824 κατὰ
1557 779 1606 825 τὸ
1640 781 1811 826 σιωπώ-

103 872 241 912 μενον
272 856 583 912 intellegimus,
613 856 661 898 id
689 859 748 898 est
775 856 998 898 secuudum
1029 855 1360 912 taciturnitatem.

222 928 291 970 36.
340 939 577 970 DEIPHOBE
611 938 782 970 GLAVGI
821 925 1004 968 subaudi
1036 924 1181 967 ‘filia'.
1225 928 1269 967 et
1301 928 1367 967 est
1397 925 1623 981 proprium
1653 941 1812 968 nomen

104 998 312 1054 Sibyllae.
362 1000 523 1042 multae
556 1001 701 1042 autem
733 998 926 1053 fuerunt,
958 999 1007 1039 ut
1038 1012 1169 1053 supra
1201 996 1294 1052 <ΙΙΙ
1320 997 1436 1052 445>
1468 997 1672 1049 diximus,
1705 992 1811 1054 quas

104 1086 251 1114 omnes
277 1070 417 1114 Varro
450 1072 759 1114 commemorat
791 1071 834 1111 et
864 1068 1046 1124 requirit
1078 1083 1103 1110 a
1135 1083 1220 1123 qua
1252 1068 1340 1110 sint
1370 1067 1462 1110 fata
1487 1068 1686 1111 Romana
1717 1084 1813 1111 con-

104 1143 277 1198 scripta.
328 1145 371 1185 et
396 1143 536 1198 multi,
565 1143 792 1197 sequentes
811 1139 1072 1195 Vergilium,
1099 1140 1153 1182 ab
1179 1140 1260 1182 hac
1282 1138 1479 1182 Cumana
1505 1140 1671 1183 dicunt:
1693 1142 1813 1196 'quae

103 1215 205 1256 licet
242 1215 454 1271 longaeva
491 1214 683 1269 legatur,
726 1227 813 1254 non
850 1215 997 1254 tamen
1034 1212 1159 1254 valde
1198 1211 1399 1267 congruit
1440 1225 1536 1253 eam
1580 1227 1715 1268 usque
1760 1213 1813 1255 ad

105 1285 328 1341 Tarquinii
371 1288 568 1341 tempora
612 1285 807 1339 durasse,
851 1284 919 1326 cui
960 1283 1199 1338 Sibyllinos
1243 1282 1379 1325 libros
1419 1285 1591 1326 constat
1629 1284 1812 1327 oblatos.

101 1358 272 1400 ducitur
307 1361 454 1400 tamen
483 1356 643 1412 Varro,
687 1358 736 1398 ut
772 1355 1064 1411 Erythraeam
1102 1354 1248 1396 credat
1287 1354 1531 1409 scripsisse,
1575 1355 1677 1410 quia
1712 1358 1813 1411 post

101 1429 326 1472 incensum
351 1427 570 1484 Apollinis
602 1427 831 1483 templum,
863 1427 908 1469 in
941 1441 1024 1483 quo
1057 1426 1248 1481 fuerant,
1281 1425 1395 1481 apud
1427 1425 1663 1482 Erythram
1695 1427 1811 1470 insu-

101 1501 188 1543 lam
221 1501 319 1555 ipsa
349 1500 528 1543 inventa
559 1502 660 1542 sunt
691 1500 896 1542 carmina.

221 1573 291 1615 37.
339 1583 438 1614 NON
468 1583 562 1614 Hoc
594 1583 698 1615 ISTA
730 1583 819 1614 SIBI
850 1583 1035 1614 TEMPVS
1068 1581 1367 1614 SPEc'rAcvnA
1398 1581 1562 1614 Poscrr
1602 1574 1645 1614 et
1683 1587 1813 1627 supra

102 1643 193 1698 <IV
217 1644 329 1699 143>
356 1643 541 1686 diximus
563 1643 811 1699 Apollinem
845 1658 918 1685 sex
944 1642 1164 1686 mensibus
1190 1643 1303 1697 apud
1327 1642 1486 1698 Lycios
1519 1645 1562 1685 et
1593 1658 1667 1685 sex
1699 1643 1812 1699 apud

102 1715 259 1758 Delum
297 1715 462 1758 dedisse
499 1730 720 1771 responsa.
782 1716 888 1758 item
931 1715 1089 1757 lectum
1128 1716 1195 1756 est
1227 1714 1340 1761 deos,
1361 1714 1618 1770 aliquotiens
1650 1717 1813 1757 tantum

103 1787 317 1842 kalendis,
350 1786 607 1842 aliquotiens
635 1789 807 1829 tantum
833 1786 974 1829 idibus
1003 1786 1249 1842 vaticinari3
1279 1801 1605 1842 nonnumquam
1632 1785 1717 1827 diei
1744 1786 1811 1828 vel

104 1858 243 1914 prima
273 1858 335 1900 vel
364 1859 500 1900 media
530 1859 598 1900 vel
629 1861 850 1914 postrema
881 1861 1023 1914 parte,
1056 1858 1169 1900 unde
1201 1861 1267 1900 est
1292 1857 1338 1900 in
1363 1858 1456 1900 iure
1481 1858 1608 1899 fissus
1635 1856 1738 1913 dies,
1769 1857 1813 1899 id

201 1992 218 2022 1
246 2001 300 2023 ms
322 2012 331 2022 .
353 2015 359 2022 .
383 2015 390 2022 .
411 1986 572 2034 patriae]
600 1988 661 2022 Bis
686 1988 831 2033 patriae
857 1998 923 2034 pro
950 1988 1130 2033 paternae
1158 1987 1247 2033 quia
1271 1987 1419 2033 patriae
1437 1987 1493 2031 M,
1519 1990 1560 2022 ut
1578 1991 1664 2032 post
1689 1989 1812 2033 pater-

104 2047 174 2072 nae
198 2046 299 2081 supr.
325 2046 412 2070 vers.
440 2035 472 2070 X
497 2036 643 2081 sianum
668 2036 832 2079 positum
862 2036 928 2078 sit,
959 2046 1029 2080 quo
1059 2036 1102 2070 iu
1135 2036 1301 2081 maryine
1325 2036 1456 2071 iterato
1480 2035 1658 2070 recentior
1681 2045 1814 2070 manus

105 2083 278 2119 Cecidere
304 2094 434 2118 manus
460 2083 602 2119 adiecit.
635 2084 647 2128 ΙΙ
678 2083 762 2118 ideo
789 2083 869 2118 hab.
898 2083 929 2118 G
956 2084 968 2127 ΙῙ
1004 2082 1165 2128 patriae]
1192 2094 1237 2118 ex
1263 2082 1399 2118 affectu
1425 2083 1463 2117 et'
1488 2083 1645 2127 paterna
1670 2082 1812 2127 pietate

104 2132 188 2167 add.
214 2131 254 2166 D
272 2132 284 2176 ΙΙ
302 2131 477 2166 scholium
502 2132 551 2166 ad
575 2143 659 2171 QVIN
684 2144 713 2166 1¹.
742 2143 772 2165 o.
800 2141 866 2166 om.
894 2130 928 2165 G
945 2131 957 2175 ΙΙ
986 2134 1006 2165 2
1034 2142 1143 2165 onNrA
1171 2129 1202 2166 Ο
1222 2132 1234 2176 ΙΙ
1262 2131 1386 2176 quam]
1415 2129 1503 2175 quia
1528 2129 1601 2164 AS
1624 2130 1636 2175 ΙΙ
1662 2129 1814 2174 depicta

103 2179 185 2215 hab.
213 2178 244 2214 0
251 2178 300 2214 M
327 2179 339 2223 ΙΙ
377 2182 397 2213 3
425 2178 568 2214 scilicet
593 2180 631 2214 et
654 2177 842 2223 picturam
868 2178 901 2213 G
938 2177 1123 2224 picturam
1148 2177 1294 2213 scilicet
1318 2177 1355 2213 R
1393 2176 1538 2212 scilicet
1562 2187 1629 2212 om.
1655 2177 1814 2223 ASINJ

104 2238 172 2262 nec
197 2226 399 2271 incongrue
426 2254 434 2261 .
456 2254 463 2261 .
487 2254 494 2261 .
521 2225 696 2272 scribere]
730 2237 798 2261 nec
823 2226 1025 2270 incongrue
1052 2225 1194 2261 dictum
1220 2225 1390 2271 legerent
1413 2236 1501 2260 nam
1526 2235 1658 2270 graece
1685 2236 1812 2270 crapse

105 2275 250 2320 (grapse
278 2273 322 2319 0)
350 2274 388 2308 et
413 2273 572 2308 scribere
600 2273 787 2318 significat
812 2274 850 2309 et
874 2273 1027 2319 pingere
1055 2272 1174 2308 FGG
1194 2274 1206 2318 ΙΙ
1234 2284 1302 2308 nec
1326 2273 1529 2318 incongrue
1554 2272 1631 2317 legi
1656 2283 1723 2308 om.
1750 2272 1779 2308 S
1800 2271 1813 2317 Η

104 2325 126 2356 4
153 2335 238 2357 rpmz
256 2332 301 2356 ex
321 2329 410 2365 ι-ΡΛφ
435 2320 472 2356 R
511 2333 634 2356 sparar
658 2321 704 2356 H
717 2322 729 2366 ΙΙ
748 2320 928 2366 pinguere
948 2321 993 2355 H
1007 2322 1020 2366 ΙΙ
1041 2325 1059 2356 7
1087 2321 1199 2356 cadat
1217 2320 1334 2356 ARS
1340 2320 1386 2355 H
1399 2322 1412 2366 ΙΙ
1430 2322 1537 2366 porte
1563 2320 1711 2355 detorta
1730 2319 1813 2355 FG

104 2370 316 2414 parcetorta
342 2367 373 2404 0
407 2379 522 2414 parge
547 2369 695 2404 detorta
717 2368 834 2404 ARS
869 2379 984 2414 parge
1011 2369 1049 2404 et
1073 2370 1174 2404 torta
1193 2369 1238 2403 H
1252 2370 1263 2414 11
1282 2369 1456 2404 scholium
1476 2368 1525 2403 ad
1544 2379 1756 2404 pummssvs
1778 2379 1809 2402 A.

104 2428 170 2452 om.
201 2416 234 2451 G
264 2417 284 2497 q
308 2417 357 2451 ad
381 2428 418 2451 N1
443 2429 467 2451 1.
493 2429 523 2451 1².
549 2428 583 2452 A.
609 2417 650 2452 iu
674 2427 788 2462 mary.
816 2415 1024 2452 ostenditur
1055 2416 1207 2452 achates
1233 2416 1459 2462 praemissus
1485 2415 1597 2450 fuisse
1623 2415 1671 2451 ab
1697 2427 1812 2450 aenea

105 2464 152 2499 ad
173 2462 269 2509 sybil
287 2474 346 2498 am
369 2463 403 2498 Τ
418 2465 431 2509 ΙΙ
450 2467 471 2499 8
495 2463 535 2499 id
561 2466 616 2499 est
641 2463 843 2500 secundum
867 2463 1165 2499 taciturnitatem
1190 2463 1271 2499 hab.
1296 2463 1334 2500 G.
1368 2463 1408 2498 id
1433 2465 1491 2498 est
1514 2462 1812 2498 taciturnitatem

101 2515 185 2556 post
210 2508 306 2546 κατὰ
332 2508 374 2546 τὸ
402 2507 646 2556 σιωπώμενον
672 2512 786 2547 edidit
805 2511 1012 2556 Stephanus
1030 2512 1042 2557 ΙΙ
1062 2515 1082 2546 9
1108 2524 1282 2546 numnam:
1301 2511 1336 2546 A
1357 2512 1369 2556 ΙΙ
1389 2510 1564 2546 subaudis
1585 2510 1662 2545 FG
1674 2509 1705 2545 C
1711 2511 1760 2545 M
1766 2522 1813 2545 as

85 2558 116 2603 'fil
142 2558 240 2594 filiae
267 2557 345 2593 FG
363 2559 376 2603 ΙΙ
397 2563 439 2594 10
465 2559 628 2604 syllabae
657 2558 688 2594 Ο
702 2560 715 2604 ΙΙ
733 2559 880 2594 fuerant
905 2559 984 2594 FG
1002 2560 1015 2604 ΙΙ
1045 2562 1084 2594 11
1113 2557 1231 2594 Varro
1257 2559 1296 2594 in
1321 2558 1428 2594 libris
1453 2569 1576 2594 rerum
1601 2557 1812 2593 divinarum

105 2609 372 2641 commemorat
397 2605 598 2642 Fabricius
627 2608 640 2652 ΙΙ
677 2607 972 2643 commemorant
996 2606 1075 2642 FG
1114 2606 1436 2651 (commemoravit
1466 2607 1558 2642 coni.
1585 2606 1776 2652 Hayenus)
1802 2605 1813 2649 {l

105 2700 348 2794 arar?
356 2699 904 2794 ranissrraeffsusszjarffi
918 2665 1813 2794 ''132231325rufftzrffigzw]?ffffizu

106 2796 297 2840 hucusque
316 2796 352 2831 A
371 2798 384 2841 ΙΙ
405 2799 448 2830 14
473 2796 636 2841 tarquim
662 2762 697 2832 ἃ
731 2794 922 2840 tranquini
940 2796 986 2830 H
999 2787 1012 2842 Ι]
1030 2788 1076 2832 '1'4
1103 2796 1295 2832 sibillanos
1322 2796 1356 2832 G
1374 2798 1387 2841 ΙΙ
1408 2800 1449 2831 15
1477 2795 1614 2831 dicitur
1640 2807 1684 2830 ex
1709 2790 1809 2829 ducil

105 2846 166 2878 tur
186 2843 217 2879 0
252 2843 388 2878 dicitur
406 2843 443 2877 A
480 2843 572 2879 dicit
586 2843 657 2890 sslf]
681 2844 710 2879 S
745 2842 838 2878 dicit
858 2843 908 2877 M
942 2843 1049 2887 (dicit
1073 2845 1199 2879 tamen
1218 2844 1337 2879 Varro
1357 2844 1602 2889 Erythraeam
1629 2842 1811 2878 creditam

107 2890 295 2936 scripsisse
322 2890 537 2936 Fabricius)
562 2891 575 2936 ΙΙ
598 2891 740 2938 tamen]
771 2890 868 2926 enim
893 2890 966 2926 AS
989 2893 1001 2938 ΙΙ
1027 2892 1221 2937 erytheam
1247 2891 1367 2930 FGC
1390 2891 1567 2937 (sibillam
1592 2901 1694 2935 supr.
1720 2901 1809 2925 vers.

106 2938 190 2974 add.
219 2937 264 2983 (J)
289 2938 506 2974 aerithriam
531 2938 567 2973 R
605 2938 791 2984 aeryciam
817 2938 890 2973 AS
927 2941 1114 2985 erytryam
1139 2939 1185 2974 H
1217 2939 1394 2984 erytriam
1421 2939 1470 2973 M
1486 2940 1499 2983 ΙΙ
1518 2938 1665 2973 credam
1692 2936 1816 2971 ΑΒΗ

106 2985 118 3030 Η
145 2989 188 3021 16
212 2985 363 3021 fuerunt
391 2986 448 3031 011
467 2986 678 3031 erythream
704 2986 745 3021 F
773 2985 967 3030 erytheam
993 2987 1027 3023 G
1058 2986 1227 3032 erytham
1255 2986 1287 3021 0
1315 2988 1479 3031 erytram
1503 2985 1540 3020 R
1572 2984 1754 3030 aerytiam
1775 2984 1809 3017 A

106 3032 346 3116 22303508
355 3033 836 3127 3ξῖῗὲῗωαῗεῧθῖἶέἳὲῗῖῗ
851 3033 1327 3126 ffffsssstssuffsscssss'r‘issss„
1341 3031 1811 3123 “3²5²·d5522M1>1'¹..¹5a3ss3531

108 3130 192 3162 ante
217 3127 388 3163 kalendis
413 3129 494 3164 hab.
524 3128 554 3164 G
582 3130 595 3174 ΙΙ
632 3133 674 3164 21
702 3130 849 3164 tantum
876 3132 960 3164 ante
985 3129 1107 3164 idibus
1134 3139 1199 3164 om.
1226 3128 1312 3163 RH
1340 3129 1352 3173 ΙΙ
1388 3127 1526 3173 idibus]
1563 3125 1712 3161 sodibus
1738 3124 1778 3157 F
1800 3123 1811 3168 Η

109 3173 198 3226 diei]
225 3174 307 3210 enei
332 3175 372 3209 F
399 3176 411 3220 ΙΙ
449 3175 523 3210 diei
550 3205 556 3212 .
584 3202 592 3212 .
620 3205 627 3212 .
654 3176 779 3221 parte]
805 3174 866 3220 dei
893 3177 953 3211 uel
979 3176 1100 3221 prima
1127 3177 1169 3210 ut
1194 3174 1269 3210 diei
1294 3177 1482 3220 postrema
1507 3175 1613 3219 parte
1639 3174 1672 3206 A
1701 3172 1713 3215 ΙΙ
1751 3169 1811 3205 uel

112 3231 233 3264 prima
257 3221 331 3256 diei
356 3222 392 3257 R
429 3223 490 3258 uel
515 3222 637 3268 prima
662 3222 723 3259 dei
747 3223 793 3258 H
807 3224 818 3268 ΙΙ
843 3228 888 3259 22
914 3224 975 3259 vel
1000 3223 1123 3259 media
1147 3222 1228 3258 hab.
1257 3221 1343 3259 OM
1358 3223 1372 3268 ΙΙ
1390 3222 1509 3258 fessus
1535 3220 1575 3255 F
1608 3219 1708 3254 fusus
1735 3218 1765 3254 G

1841 1003 1884 1034 10

1841 1362 1884 1393 15

1837 1722 1883 1753 20
