2092 3614
585 267 735 305 GOMM.
762 269 815 305 IN
840 268 982 306 VERG.
1009 269 1118 306 AEN.
1145 270 1215 306 XII
1241 273 1440 307 515—530.
1777 271 1859 313 621

278 378 377 421 520.
426 390 679 422 ΡοΤΕΝΤνΜ
710 391 903 422 MVNERA
936 379 1138 422 ‘munera'
1170 381 1270 423 dicit
1299 380 1518 437 obsequia,
1548 381 1596 424 id
1623 384 1683 424 cst
1712 381 1863 436 officia,

157 465 266 506 quae
306 465 516 506 pauperes
558 450 762 494 divitibus
803 451 900 494 loco
942 466 1167 494 munerum
1212 453 1396 495 solvunt.
1457 467 1556 496 sane
1594 452 1796 496 ‘munera'
1827 456 1865 495 et

156 536 260 577 quae
292 522 467 565 ‘munia'
499 523 684 566 dicimus.
805 540 929 566 PATER
958 524 1044 577 ipsc
1067 527 1201 579 pater,
1232 538 1290 566 an
1311 527 1436 578 pater
1465 524 1582 567 eius?

276 593 375 637 522.
425 606 649 637 ΑΒΕΝΤΕΜ
686 607 737 637 ΙΝ
775 606 947 638 SILVAM
985 609 1064 650 pro
1103 593 1312 637 ‘aridam'.
1448 613 1639 639 VIRGVLTA
1671 613 1863 640 soNANrm

158 684 207 709 LA
218 683 286 709 Vno
321 667 535 720 quaeritur
571 667 672 720 quid
701 667 756 709 sit
792 665 987 721 evirgulta
1026 667 1222 708 sonantia
1261 666 1427 709 lauro'?
1470 669 1621 711 scilicet
1656 669 1750 722 ipsa
1781 669 1861 710 vir·
1888 675 1909 707 5

152 739 270 794 yulta
302 739 424 781 lauri.
487 737 710 780 ‘sonantia’
741 741 879 780 autem
910 752 1001 780 cum
1032 739 1187 792 crepitu
1218 739 1419 782 ardentia.

276 810 375 853 524.
422 821 551 852 DANT
589 821 794 852 SONITVM
833 821 1030 853 SPVMOSI
1067 821 1224 852 AMNES
1264 811 1424 853 bellum
1463 826 1632 867 semper
1666 812 1861 855 incendio

158 885 201 925 et
232 881 480 924 fluminibus
514 884 758 937 comparat:
791 882 852 924 sic
884 882 929 924 in
962 881 1146 924 secundo
1179 881 1325 937 <304>
1357 883 1407 926 in
1441 886 1667 938 segetem
1699 884 1863 926 veluti

157 969 268 997 cum
311 953 522 996 flamma
561 953 858 996 furentibus
897 954 1089 996 austris
1127 954 1316 996 incidit
1353 958 1440 997 aut
1476 955 1688 1010 rapidus
1726 971 1862 998 mon-

157 1029 280 1069 tano
312 1025 525 1068 flumine
556 1026 774 1068 torrens.
1890 1035 1932 1067 10

275 1097 374 1141 525.
424 1114 503 1141 ΝοΝ
531 1114 697 1140 smmrs
727 1116 831 1141 ΑΜΒο
862 1115 1015 1141 AENEAS
1046 1115 1222 1146 TVRNVSQ
1230 1115 1279 1141 VE
1307 1115 1443 1141 RVVNT
1470 1099 1565 1141 bene
1593 1099 1860 1153 comparatio-

155 1170 278 1213 nibus
316 1170 487 1212 diversis
525 1170 691 1224 sinqula
730 1170 908 1219 reddidit
945 1170 1003 1212 ad
1038 1170 1352 1213 similitudinem
1388 1184 1544 1226 veram,
1587 1172 1687 1225 quia
1723 1171 1863 1214 ambos

154 1242 318 1297 ionibus
348 1245 424 1284 aut
451 1241 694 1295 fluminibus
724 1245 1041 1296 comparaverat.
1090 1255 1182 1296 erqo
1214 1241 1312 1284 ‘non
1341 1241 1519 1297 seynius'
1551 1244 1609 1285 ad
1637 1243 1771 1297 iyncrn
1802 1257 1861 1285 rc-

156 1314 266 1369 tulit,
303 1314 403 1367 quia
432 1314 565 1368 scynis
595 1314 717 1367 quasi
746 1314 835 1356 sine
865 1314 957 1368 iyne
986 1314 1050 1356 sit.
1113 1313 1315 1367 ‘fluctuat’
1347 1317 1483 1356 autem
1514 1316 1571 1357 ad
1599 1329 1741 1357 amnes
1771 1329 1863 1357 eum

155 1386 340 1428 retulisse
368 1385 488 1428 nulla
518 1385 716 1428 dubitatio
747 1389 815 1428 est.
1895 1393 1937 1425 15

276 1456 374 1513 527.
423 1474 665 1501 RVMPVNTVR
700 1471 780 1511 pro
825 1456 1104 1512 ‘fatiyantur’.
1166 1461 1204 1500 et
1241 1457 1448 1512 ‘fluctuat'
1486 1461 1524 1500 et
1560 1457 1867 1513 erurnpuntur'‚

155 1530 256 1584 quia
287 1528 439 1572 ‘nescia
474 1529 583 1571 vinci
608 1528 804 1583 pectora'.
925 1540 1095 1572 Nasoni
1126 1540 1253 1572 vmcI
1285 1541 1497 1573 PECTORA
1530 1529 1742 1574 Horatius
1775 1530 1866 1573 Pe-

156 1601 290 1643 lidae
324 1600 645 1643 stomachum
678 1600 856 1642 cedere
888 1601 1063 1644 nescii.

277 1672 375 1715 529.
424 1684 682 1715 MVRRANVM
719 1684 798 1715 HIC
835 1683 1016 1716 ATAVOS
1055 1684 1114 1715 ΕΤ
1152 1685 1345 1716 AVORVM
1377 1685 1586 1726 ANTIQVA
1618 1686 1867 1717 SONANTEM

156 1756 341 1788 NOMINA
379 1744 460 1787 hoc
501 1746 566 1786 est
604 1743 724 1786 cuius
762 1744 947 1787 maiores
987 1759 1134 1787 omnes
1166 1744 1359 1788 Murrani
1397 1748 1499 1788 sunt
1534 1746 1637 1788 dicti
1669 1747 1712 1788 et
1741 1760 1865 1802 reges
1894 1754 1938 1786 20

155 1817 343 1872 fuerunt,
374 1819 424 1859 ut
455 1815 548 1871 ‘per
578 1830 787 1872 regesque
820 1818 965 1858 actum
997 1830 1131 1872 genus
1164 1831 1290 1859 omne
1308 1816 1518 1860 Latinos'.
1563 1817 1719 1860 scimus
1752 1817 1866 1860 enim

159 1888 299 1931 solere
325 1889 575 1943 plerumque
601 1887 695 1929 fieri
720 1889 768 1929 ut
793 1887 923 1943 primi
947 1887 1064 1944 regis
1091 1888 1244 1944 reliqui
1270 1903 1426 1931 nomen
1453 1889 1585 1931 etiam
1604 1888 1867 1945 possideant,

156 1962 206 2002 ut
239 1960 354 2016 apud
379 1959 601 2003 Romanos
628 1959 817 2016 Augusti
849 1962 1069 2015 vocantur,
1101 1960 1213 2016 apud
1236 1960 1431 2003 Albanos
1459 1959 1596 2016 silvii,
1627 1961 1740 2016 apud
1765 1960 1866 2003 Per-

157 2047 227 2074 sas
259 2031 505 2087 Arsacidae,
538 2031 650 2086 apud
682 2030 924 2087 Aegyptios
956 2031 1217 2086 Ptolomaei,
1250 2032 1364 2088 apud
1396 2032 1684 2075 Athenienses
1718 2031 1866 2075 Cecro-

158 2102 298 2158 pidae.
353 2103 464 2145 unde
498 2103 759 2158 superfluum
792 2105 858 2145 est
891 2103 1005 2158 quod
1038 2102 1099 2145 ait
1129 2102 1341 2159 Donatus,
1373 2104 1527 2146 debere
1559 2118 1639 2146 nos
1673 2104 1865 2160 accipere
1892 2112 1935 2143 25

157 2175 463 2230 interemptum
505 2189 598 2216 esse
636 2174 905 2230 Murranum,
947 2174 1048 2216 dum
1091 2189 1194 2217 avos
1236 2177 1279 2217 et
1321 2177 1470 2218 atavos
1509 2175 1643 2217 Turni
1684 2190 1865 2218 comme-

158 2248 299 2288 morat
336 2248 380 2288 et
418 2246 541 2288 effert
577 2246 774 2288 laudibus
807 2246 1023 2302 maximis,
1057 2249 1225 2302 proptor
1255 2247 1363 2289 illud
1393 2247 1536 2303 <638>
1567 2247 1672 2290 vidi
1703 2248 1866 2291 oculos

156 2322 268 2362 ante
299 2319 402 2373 ipse
432 2332 560 2361 rncos
590 2332 658 2360 nie
688 2332 795 2360 voce
824 2320 1073 2360 vocantem
1105 2318 1420 2361 Murranum.

276 2390 374 2433 530.
423 2401 512 2432 PER
543 2376 791 2441 REGEsQVE
824 2401 979 2433 AOTVM
1011 2401 1161 2433 GENVS
1189 2402 1319 2433 OMNE
1346 2402 1548 2433 LATINOS
1575 2389 1786 2434 Horatius
1816 2395 1865 2434 et

157 2464 397 2516 nepotum
429 2476 516 2516 per
548 2476 792 2504 memores
826 2475 985 2518 genus
1018 2477 1161 2504 omne
1192 2462 1358 2504 fastos
1392 2462 1442 2504 de
1474 2461 1619 2505 Lamo.
1890 2472 1935 2503 30

253 2582 270 2613 1
299 2578 478 2623 obsequia
504 2609 511 2616 .
534 2606 540 2614 .
563 2607 570 2614 .
597 2579 761 2626 solvunt]
789 2590 902 2616 exscr.
928 2580 1015 2617 Isid.
1042 2591 1094 2617 or.
1121 2580 1171 2615 VI
1199 2583 1255 2624 19,
1282 2584 1326 2616 27
1364 2582 1376 2627 ΙΙ
1415 2584 1457 2616 17
1484 2579 1679 2627 Horatius]
1711 2591 1822 2616 carm.
1850 2582 1864 2615 Ι

158 2630 191 2670 6,
217 2630 238 2661 6
269 2627 281 2672 ΙΙ
318 2629 362 2661 21
389 2626 524 2661 scimus
550 2627 650 2662 enim
676 2656 683 2664 .
707 2655 713 2662 .
735 2657 742 2664 .
771 2626 1015 2674 Cecropidae]
1049 2639 1164 2665 exscr.
1191 2627 1278 2664 Isid.
1306 2640 1358 2665 or.
1384 2628 1434 2663 IX
1459 2633 1492 2672 3,
1521 2632 1575 2663 15.
1615 2627 1660 2663 cf.
1689 2627 1788 2664 Serv.
1816 2628 1864 2663 ad

157 2673 248 2708 Aen.
276 2673 325 2709 VI
353 2677 421 2709 760
440 2676 452 2719 ΙΙ
477 2678 522 2709 29
548 2674 741 2721 Horatius]
769 2686 879 2712 carm.
905 2675 957 2710 III
985 2680 1039 2720 17,
1060 2680 1081 2711 3

254 2785 272 2816 1
300 2782 350 2816 ad
373 2792 516 2816 nstnA
540 2792 567 2816 s.
593 2792 624 2816 v.
652 2781 832 2827 obsequia
857 2782 981 2818 officia
1009 2783 1042 2817 Τ
1071 2785 1083 2830 ΙΙ
1114 2788 1134 2819 2
1161 2783 1355 2829 divitibus]
1383 2782 1539 2818 ducibus
1565 2782 1601 2817 R
1633 2784 1646 2827 ΙΙ
1677 2782 1715 2817 111
1740 2781 1865 2818 locum

158 2829 230 2864 AS
253 2829 265 2875 ΙΙ
296 2830 336 2863 et
360 2829 471 2875 quae]
498 2839 616 2873 aeque
636 2828 834 2865 Schoellius
860 2841 956 2875 quae
983 2830 1021 2865 et
1045 2842 1107 2878 eqo
1135 2832 1147 2878 ΙΙ
1179 2835 1202 2867 4
1228 2832 1277 2867 ad
1303 2843 1474 2866 somuru
1499 2841 1526 2866 s.
1554 2842 1585 2866 v.
1613 2841 1695 2866 cum
1722 2830 1865 2876 crepitu

158 2875 329 2912 ardentia
346 2876 377 2910 Τ
394 2877 406 2922 11
425 2880 446 2912 8
467 2878 685 2921 comparant
699 2876 739 2911 F
754 2878 766 2922 ΙΙ
786 2878 965 2924 secundo]
986 2891 1019 2913 v.
1040 2878 1079 2912 F
1096 2880 1107 2925 ΙΙ
1127 2883 1147 2914 9
1173 2878 1325 2914 flamina
1340 2879 1379 2913 F
1395 2879 1407 2922 ΙΙ
1426 2877 1578 2924 austris]
1604 2892 1637 2913 x.
1658 2877 1731 2913 AS
1749 2879 1761 2922 ΙΙ
1780 2878 1862 2924 aut]

157 2925 216 2959 ast
241 2924 280 2959 F
314 2925 326 2971 ΙΙ
365 2928 408 2958 10
433 2924 584 2958 flumine
609 2924 768 2970 torrens]
803 2937 837 2968 g.
865 2925 887 2959 i.
916 2937 944 2961 c.
972 2925 1045 2960 AS
1082 2939 1116 2971 g.
1143 2930 1169 2961 t.
1196 2927 1294 2961 HM
1323 2927 1335 2971 ΙΙ
1371 2927 1523 2969 torques
1550 2925 1591 2960 F
1619 2928 1630 2970 ΙΙ
1670 2929 1714 2960 14
1740 2926 1863 2970 segnis

158 2972 312 3007 Daniel:
339 2972 489 3016 segnius
511 2970 551 3006 F
566 2972 578 3018 ΙΙ
596 2971 736 3006 fluctua
756 2971 798 3007 F
813 2973 824 3018 ΙΙ
845 2976 888 3007 16
909 2973 959 3008 ad
977 2984 1007 3008 v.
1029 2976 1095 3009 527
1122 2976 1344 3020 rumpuntur
1369 2973 1408 3008 et
1431 2972 1588 3008 fluctuat
1612 2973 1659 3008 ad
1686 2973 1757 3008 hoc
1781 2984 1861 3017 per-

157 3019 255 3054 tinet
278 3020 321 3054 ut
346 3019 522 3054 ostendat
547 3030 675 3054 uerum
703 3030 782 3055 esse
814 3020 940 3056 nescia
970 3024 1123 3065 pectora
1157 3021 1254 3056 uinci
1284 3022 1316 3055 T
1350 3023 1361 3066 ῙΙ
1400 3024 1442 3055 17
1475 3020 1593 3056 uincit
1618 3021 1658 3055 F
1691 3021 1703 3067 ΙΙ
1739 3020 1863 3065 pelide

157 3066 294 3101 RMF
328 3066 455 3112 pelida
480 3066 525 3101 Η
540 3068 551 3112 [Ι
578 3069 620 3101 18
648 3066 756 3102 edere
782 3067 822 3101 F
837 3069 849 3112 ΙΙ
867 3068 988 3103 nescit
1012 3068 1124 3104 ΑΒΗ
1143 3070 1156 3115 ΙΙ
1184 3073 1228 3104 20
1253 3067 1481 3103 murm-rani
1506 3068 1543 3103 R
1579 3068 1799 3103 mni-rationi
1823 3068 1868 3102 H

158 3125 318 3148 murram
340 3114 380 3149 F
396 3116 407 3159 ΙΙ
427 3118 469 3149 21
498 3115 554 3159 ut]
582 3116 619 3148 et
639 3113 679 3148 F
694 3115 706 3160 Η
724 3113 863 3150 latinus
882 3115 968 3150 HF
985 3117 996 3161 ΙΙ
1016 3119 1059 3151 22
1086 3128 1220 3152 nomen
1245 3115 1380 3161 reliqui
1399 3115 1440 3150 F
1455 3117 1467 3161 ΙΙ
1494 3119 1539 3150 23
1564 3126 1693 3160 per-sos
1713 3115 1750 3149 R
1781 3126 1862 3160 per-

159 3161 258 3196 sidas
284 3161 325 3196 F
339 3163 351 3208 ΙΙ
383 3166 428 3197 24
454 3161 668 3197 arsaciadae
694 3162 818 3197 ASH
833 3163 844 3209 ΙΙ
875 3163 1106 3207 ptholomaei
1130 3163 1314 3199 ARHM
1346 3162 1549 3208 ptolemaei
1575 3163 1614 3198 F
1631 3164 1642 3209 ΙΙ
1680 3166 1723 3197 26
1749 3161 1861 3198 inter-

159 3210 342 3255 emptum]
370 3209 533 3245 occisum
559 3209 599 3243 F
615 3210 627 3254 ΙΙ
647 3220 926 3245 murmuranum
952 3210 989 3246 R
1007 3212 1020 3256 ΙΙ
1050 3215 1094 3247 27
1122 3213 1275 3257 propter
1300 3210 1520 3246 Schoellius:
1541 3221 1606 3256 pro
1627 3210 1667 3245 F-
1697 3220 1763 3255 per
1781 3210 1860 3245 Da-

158 3257 232 3292 niel
262 3257 274 3303 ΙΙ
309 3260 352 3292 29
380 3256 547 3292 horatius
574 3259 612 3292 et
638 3256 734 3292 lemo
761 3258 799 3292 et
823 3258 999 3303 nepotum
1026 3258 1066 3293 F
1093 3259 1106 3306 ΙΙ
1136 3263 1180 3294 30
1209 3259 1254 3294 de
1280 3257 1412 3305 Lamo]
1446 3258 1490 3294 de
1516 3257 1634 3294 latino
1660 3257 1714 3302 R,
1739 3268 1805 3294 om.
1826 3258 1867 3295 F
