2092 3614
242 1013 284 1044 10

244 1369 287 1401 15

245 1726 291 1758 20

305 254 391 296 246
1077 252 1238 288 SERVH

425 363 524 405 322.
572 373 819 413 LEGESQVE
862 374 1010 405 DEDIT
1056 362 1175 417 atqui
1219 362 1328 403 dixit
1366 361 1481 417 <VH
1512 362 1627 416 203>
1668 363 1801 405 haud
1846 363 2014 405 vinclo

306 449 395 476 nec
433 434 638 490 legibus
678 448 905 489 aequam3
951 434 1025 475 sed
1063 433 1359 489 intellegimus
1400 432 1633 475 Saturnum
1677 434 1843 476 dedisse
1886 434 2016 490 leges,

307 505 462 561 quibus
496 505 601 547 adeo
634 506 1062 560 obtemperaverunt,
1083 507 1142 555 ,ut
1173 504 1260 545 iam
1293 504 1356 546 ita
1387 519 1463 559 per
1494 507 1693 547 naturam
1721 506 1814 547 sine
1846 506 2015 561 legibus

307 577 512 619 viverent.
573 577 680 619 hunc
719 591 819 619 sane
858 578 977 618 deum
1015 579 1052 617 et
1088 576 1188 629 leyes
1225 577 1396 629 recipere
1432 579 1469 617 et
1506 576 1656 630 leyibus
1687 590 1873 630 praeesse
1909 578 2019 619 docet

306 648 556 701 antiquitas;
588 661 688 688 nam
720 647 806 689 ideo
838 650 875 688 et
899 650 1080 700 acceptae
1104 660 1132 687 a
1151 646 1302 702 populo
1330 647 1429 700 leyes
1455 648 1500 688 in
1526 648 1688 689 aerario
1714 648 2018 702 claudebantur,

307 720 504 773 quoniam
529 719 742 760 aerarium
767 717 949 760 Saturno
975 718 1157 760 dicatum
1182 721 1287 769 erat,
1315 721 1362 759 ut
1389 718 1582 771 hodieque
1596 720 1817 761 'aerarium
1843 719 2019 762 Saturni

308 791 471 833 dicitur.
592 800 869 839 LATIVMQVE
897 799 1072 831 VOGARI
1098 799 1275 830 MALVIT
1302 789 1411 830 bene
1437 787 1644 830 ‘maluit's
1672 804 1773 830 nam
1805 792 1847 830 et
1873 788 2018 832 Satur-

309 861 383 903 nia
420 861 536 903 dicta
568 862 651 915 est,
690 862 736 901 ut
770 859 915 915 (329)
949 862 998 901 et
1035 874 1216 901 nomen
1255 859 1430 914 posuit
1462 857 1704 901 Saturnia
1741 860 1914 902 tellus.
1976 864 2020 903 et

309 932 532 988 Vergilius
557 931 728 973 Latium
763 931 858 973 vult
889 931 992 984 dici,
1024 930 1137 986 quod
1170 930 1259 972 illic
1286 929 1497 972 Saturnus
1527 931 1656 972 latuit
1684 931 1847 986 fuyiens
1871 932 2020 975 Iovem.

307 1005 456 1058 fabula
494 1006 593 1045 nota
633 1006 707 1054 est,
747 1003 855 1057 quod
889 1002 1100 1044 Saturnus
1135 1002 1244 1055 filios
1281 1015 1374 1043 suos
1411 1003 1459 1043 (lc
1498 1002 1581 1055 Ope
1613 1003 1770 1056 yenitos
1808 1005 2020 1058 voraverit,

311 1090 403 1117 cum
433 1075 614 1117 audisset
644 1088 671 1115 a
701 1074 789 1127 filio
820 1088 860 1115 se
884 1087 1007 1127 reyno
1032 1087 1114 1115 esse
1136 1073 1390 1127 pellendum,
1422 1076 1460 1114 et
1482 1074 1590 1126 quod
1613 1074 1650 1115 ei
1674 1087 1778 1116 uxor
1801 1078 1900 1116 nato
1925 1075 2022 1117 Iove

312 1147 488 1200 lapidem
512 1159 593 1199 pro
623 1146 784 1198 infante
815 1145 1002 1187 obtulerit
1031 1140 1319 1186 devorandumss
1383 1144 1523 1185 Varro
1557 1147 1702 1186 autem
1733 1144 1906 1187 Latium
1939 1145 2022 1188 dici

312 1220 456 1273 putat,
490 1215 601 1272 quod
635 1216 744 1257 latet
775 1215 905 1257 Italia
935 1215 1048 1258 inter
1079 1216 1335 1271 praecipitia
1367 1215 1546 1270 Alpium
1579 1219 1623 1258 et
1654 1215 1885 1272 Apennini.
1934 1218 2021 1271 qui-

313 1291 410 1332 dam
438 1289 580 1341 ferunt
609 1302 638 1329 a
668 1287 822 1329 Latino
852 1287 1006 1329 dictum
1036 1287 1226 1342 Latium,
1257 1288 1335 1329 alii
1365 1288 1502 1341 ipsum
1534 1287 1733 1329 Latinum
1764 1302 1792 1330 a
1822 1288 1957 1331 Latio.

433 1360 532 1402 325.
581 1369 885 1421 SIcrLAcmA
915 1370 1124 1401 Porvnos
1157 1371 1206 1400 IN
1231 1369 1347 1401 PAOE
1377 1369 1595 1401 REGEBAT
1628 1362 1677 1401 ut
1708 1359 1861 1401 merito
1895 1374 2023 1402 aurea

315 1431 487 1474 saecula
518 1430 805 1473 crederentur.

434 1501 531 1543 326.
581 1512 806 1544 DECOLOR
844 1512 990 1543 AETAS
1035 1501 1213 1556 vitiosa,
1255 1514 1359 1554 quae
1398 1501 1644 1544 decoloraret
1684 1506 1829 1545 veteres
1871 1517 2023 1546 mores:

315 1573 361 1615 in
393 1573 509 1615 omni
541 1572 656 1615 enim
687 1572 846 1616 vitioso
887 1587 1065 1628 corpore
1103 1573 1217 1615 inest
1255 1572 1469 1627 pessimus
1508 1573 1638 1615 color.
1700 1576 1743 1616 et
1775 1574 1942 1616 adludit
1972 1574 2024 1616 ad

316 1646 519 1686 naturam
559 1644 742 1699 metalli,
781 1659 908 1699 quam
946 1644 1159 1686 cernimus
1198 1643 1470 1686 discoiorem:
1515 1659 1591 1686 nec
1629 1644 1850 1700 inmerit03
1895 1661 2025 1701 supra

318 1715 432 1757 enim
465 1714 633 1756 dixerat
665 1713 816 1756 eaurea
842 1714 1048 1767 saeeula',
1080 1715 1175 1757 ideo
1201 1729 1314 1756 nunc
1340 1714 1450 1756 dixit
1482 1714 1623 1757 ‘aetas
1655 1715 1858 1771 decolor’,
1896 1718 1943 1759 id
1970 1721 2028 1760 est

317 1800 447 1829 aurea
465 1789 503 1827 et
524 1786 671 1840 ferrea,
696 1786 819 1828 sicuti
838 1786 1045 1829 Hesiodus
1063 1787 1171 1829 dicit.
1215 1800 1315 1828 sane
1335 1785 1506 1829 ‘decolor
1523 1786 1651 1830 aetas’
1671 1788 1764 1841 quis
1781 1791 1877 1830 ante
1894 1788 2027 1831 hunc?

438 1857 536 1899 328.
587 1868 708 1899 TVNC
740 1869 1161 1917 MANVS·,AVSON1AE
1200 1873 1347 1900 omnes
1386 1860 1528 1901 terrae
1559 1858 1829 1902 habitatores
1861 1863 1936 1902 aut
1966 1861 2027 1903 in-

319 1930 500 1985 digenae
532 1930 634 1970 sunt
666 1931 740 1970 aut
767 1929 955 1972 advenae
982 1932 1058 1972 aut
1084 1944 1310 1972 convenae.
1355 1930 1585 1986 indigenae
1618 1934 1719 1973 sunt
1749 1932 1846 1973 inde
1878 1932 2028 1988 geniti,

319 2003 367 2042 ut
394 1999 539 2054 <314>
567 1999 618 2042 de
643 1999 806 2042 Faunis
834 2000 960 2043 dixit:
994 2000 1182 2043 advenae
1214 2001 1265 2043 de
1297 2016 1383 2044 uno
1416 2002 1510 2044 loco
1537 2002 1774 2058 venientes,
1806 2006 1854 2045 ut
1881 2002 2027 2046 Satur-

251 2073 298 2114 2‘5
324 2087 424 2114 nus:
466 2085 680 2114 convenae
719 2072 770 2113 de
807 2072 1003 2123 diversis,
1043 2074 1090 2114 ut
1121 2071 1318 2115 Ausones
1357 2075 1400 2114 et
1439 2072 1599 2115 Sicani:
1637 2075 1823 2127 ‘quamvis
1859 2076 2028 2128 quidam

319 2144 508 2187 Ausones
539 2144 841 2197 coynorninatos
871 2144 922 2186 ab
946 2144 1130 2199 Ausone,
1163 2144 1297 2187 Vlixis
1321 2148 1359 2186 et
1383 2144 1518 2188 Circes
1547 2146 1653 2199 filio,
1684 2146 1833 2187 dicant.
1884 2144 2028 2188 Sicani
2057 2186 2060 2191 .

321 2218 466 2258 autem
498 2214 731 2257 secundum
762 2229 850 2257 non
880 2215 1022 2258 nullos
1054 2215 1203 2270 populi
1236 2219 1337 2258 sunt
1368 2215 1628 2271 Hispaniae,
1667 2231 1692 2258 a
1728 2216 1859 2258 fluvio
1891 2215 2028 2259 Sicori

322 2286 444 2328 dicti:
490 2286 689 2328 Lucanus
722 2285 813 2340 <IV
849 2286 932 2341 14>
964 2286 1253 2350 Hesperios
1285 2287 1424 2331 inter
1457 2286 1649 2329 Sicoris
1681 2301 1782 2330 non
1817 2287 2027 2330 ultimus

322 2357 498 2400 amnis.
561 2357 606 2401 hi
638 2358 743 2400 duce
775 2356 918 2400 Siculo
950 2361 1158 2400 venerunt
1197 2357 1252 2400 ad
1285 2358 1458 2400 Italiam
1497 2361 1540 2400 et
1571 2373 1667 2400 eam
1698 2361 1929 2400 tenuerunt
1960 2374 2027 2401 ex-

419 2490 437 2520 7
465 2496 551 2520 nam
578 2486 616 2521 et
641 2485 815 2522 Saturnia
841 2516 847 2523 .
869 2514 878 2521 .
899 2514 907 2522 .
934 2486 1065 2534 latuit]
1092 2486 1138 2523 cf.
1165 2486 1250 2523 Isid.
1277 2499 1328 2524 or.
1355 2487 1423 2522 XV
1451 2491 1482 2532 1,
1509 2489 1584 2532 5011
1616 2492 1662 2522 24
1688 2488 1855 2523 advenae
1883 2516 1890 2523 .
1913 2516 1948 2523 ..
1976 2489 2030 2524 di-

323 2533 459 2579 versis]
486 2544 599 2568 exscr.
626 2533 712 2568 Isid.
739 2534 815 2570 diff.
841 2535 944 2571 verb.
972 2538 1017 2570 34

419 2655 442 2686 4
466 2650 566 2686 hunc
591 2661 680 2687 sane
707 2679 715 2687 .
737 2677 744 2685 .
766 2681 773 2688 .
801 2651 939 2688 dicitur
962 2653 1042 2688 hab.
1067 2653 1101 2688 T
1116 2656 1128 2699 ΙΙ
1146 2654 1251 2698 legos
1277 2653 1375 2696 FT,
1400 2664 1491 2689 corr.
1513 2654 1650 2689 Daniel
1668 2655 1680 2700 ΙΙ
1698 2654 1878 2701 recipere]
1905 2654 2031 2690 malim

324 2699 569 2745 praecipere„
600 2703 620 2734 5
648 2699 688 2734 et
710 2699 795 2734 ideo
824 2699 858 2733 T
873 2701 885 2746 ΙΙ
916 2705 937 2735 6
964 2699 1130 2735 dicatum
1157 2701 1252 2748 erat]
1279 2701 1418 2736 dictum
1446 2701 1480 2736 G
1499 2702 1511 2747 ΙΙ
1542 2705 1562 2736 9
1588 2701 1766 2746 uergilius
1791 2701 1832 2736 F
1846 2702 1859 2748 ΙΙ
1882 2701 2029 2746 fugiens

325 2746 452 2782 Iovem
478 2758 505 2781 e.
531 2745 636 2793 φᾶ]
666 2747 822 2789 fortasse
851 2748 1025 2782 scholium
1056 2749 1105 2783 ad
1136 2760 1231 2783 ARMA
1256 2761 1279 2784 1.
1306 2763 1337 2784 r.
1365 2749 1409 2792 (v.
1438 2750 1521 2793 320)
1555 2750 1778 2793 adscriptum
1809 2750 1879 2784 huc
1909 2752 2029 2784 trans·

326 2796 440 2830 latum
465 2797 515 2829 est
532 2794 545 2841 ΙΙ
564 2793 691 2829 fabula
710 2792 751 2828 F
765 2794 778 2838 ΙΙ
796 2796 819 2828 4
844 2793 890 2828 de
917 2793 995 2839 Ope
1021 2794 1167 2839 genitos
1193 2796 1416 2831 Masviei'us:
1444 2795 1514 2832 deo
1538 2796 1756 2842 progenitos
1775 2796 1816 2831 F
1830 2798 1843 2841 ΙΙ
1864 2800 1906 2831 11
1932 2797 2031 2831 esset

326 2841 366 2876 F
387 2843 399 2886 ΙΙ
433 2845 475 2876 12
502 2840 659 2876 (licitum
682 2841 792 2886 putat
818 2841 867 2875 M
889 2842 901 2887 ΙΙ
934 2845 975 2876 13
1002 2842 1224 2888 praecipitia
1250 2844 1294 2878 H
1326 2843 1530 2889 precipicia
1554 2843 1605 2879 L:
1632 2844 1835 2888 praerupta
1859 2843 1974 2878 ASR
1983 2843 2032 2877 M

325 2889 410 2923 loca
435 2888 485 2931 F,
510 2889 596 2924 inde
619 2887 710 2933 iuga
736 2888 975 2924 Commelinus
1005 2891 1018 2934 ΙΙ
1057 2893 1098 2924 19
1125 2891 1362 2926 metallorum
1387 2891 1427 2925 F
1455 2892 1467 2937 ΙΙ
1504 2895 1547 2926 22
1575 2891 1693 2925 omnis
1719 2890 1754 2924 R
1783 2891 1796 2934 ΙΙ
1831 2889 2029 2935 indigenae

325 2934 529 2971 ASRMl:
555 2934 701 2971 incolae
727 2935 884 2981 LHFu
903 2939 947 2971 23
974 2938 1061 2971 sunt
1085 2948 1151 2972 om.
1178 2938 1434 2983 ARMLHn
1453 2938 1635 2984 advenae]
1661 2937 1866 2972 abitatores
1892 2937 1926 2971 L
1962 2938 2029 2972 ha.-

325 2983 506 3018 bitatores
531 2982 576 3017 H
602 2983 615 3028 ΙΙ
651 2983 854 3030 convenae]
887 2994 1090 3019 cumuenae
1115 2984 1152 3019 R
1190 2988 1255 3020 aut
1284 2984 1429 3020 incolae
1461 2987 1548 3020 sunt
1577 2985 1661 3020 add.
1688 2984 1738 3026 F,
1765 2995 1856 3028 quae
1881 2985 1994 3020 delevi
2018 2984 2029 3030 ΙΙ

326 3029 524 3075 indigenae
552 3029 652 3076 sunt]
683 3030 728 3065 ut
756 3030 817 3065 ide
850 3031 934 3067 add.
962 3030 1002 3065 F
1029 3032 1041 3076 ΙΙ
1077 3031 1211 3077 geniti]
1239 3043 1331 3077 quos
1357 3035 1494 3067 uocant
1519 3031 1731 3076 aborigines
1755 3030 1872 3066 latine
1897 3042 2029 3076 graece

328 3088 416 3113 uero
449 3073 684 3122 αὐτόχθονες
716 3078 799 3113 add.
826 3077 867 3113 D
900 3079 914 3124 ΙΙ
950 3082 996 3114 24
1029 3078 1073 3113 de
1103 3089 1178 3113 uno
1211 3106 1218 3114 .
1246 3106 1253 3113 .
1281 3107 1289 3114 .
1322 3090 1511 3115 convenae
1542 3078 1587 3114 de
1621 3089 1686 3113 om.
1714 3078 1800 3113 LH
1828 3079 1926 3122 (add.
1954 3080 1980 3123 l)
2027 3080 2030 3124 fl

328 3128 374 3160 25
400 3123 545 3160 ausonii
569 3124 610 3159 Η
628 3125 640 3169 ΙΙ
660 3128 704 3159 26
729 3125 847 3160 ulixes
874 3129 913 3161 et
938 3127 1018 3161 arte
1043 3124 1120 3161 filio
1147 3125 1196 3168 F,
1221 3137 1311 3161 corr.
1334 3127 1470 3161 Daniel
1488 3127 1500 3172 ΙΙ
1528 3130 1571 3161 27
1599 3125 1746 3161 sicolori
1772 3126 1807 3160 L
1833 3127 1939 3171 (corr.
1967 3127 1993 3171 l)
2026 3125 2029 3172 Ι

330 3176 374 3208 28
399 3172 555 3208 lucanus
581 3170 674 3207 dicit
700 3172 750 3206 M
784 3174 789 3218 Ι
819 3172 984 3218 hisperfo
1010 3173 1082 3209 AS
1118 3173 1288 3218 hesperio
1314 3173 1382 3208 Ra
1411 3174 1424 3218 ΙΙ
1454 3177 1498 3208 29
1525 3184 1651 3208 amnes
1677 3173 1713 3208 R
1744 3175 1757 3218 ΙΙ
1787 3173 1904 3208 810010
1930 3173 2024 3208 RL:

330 3218 443 3255 sicelo
467 3219 541 3256 AS
575 3218 711 3254 sicaelo
789 3221 836 3254 M
843 3219 883 3254 F
