2092 3614
331 244 419 287 486
1107 247 1270 284 SERVII

330 353 560 397 Laurentis
596 369 769 411 pugnae
809 356 1064 399 sustulerat:
1101 372 1203 400 nam
1240 357 1401 414 praeda
1439 359 1506 400 est
1544 372 1651 413 quae
1684 358 1882 414 eripitur,
1919 371 2041 414 prae-

331 426 467 468 mium
498 426 614 482 quod
646 427 834 470 offertur.

450 498 518 541 80.
567 511 720 550 EQvos
752 512 810 542 m·
843 512 965 543 TELA
997 513 1166 552 QVIBVS
1199 514 1520 546 SPOLIAVERAT
1559 513 1748 545 Hostium
1785 502 1853 544 vel
1883 502 2041 557 Pallas,

329 569 398 612 vel
428 568 622 614 Aeneas:
660 586 762 614 nam
794 572 997 630 ambigue
1028 574 1220 629 positum
1253 576 1331 617 est.
1393 574 1534 630 spolia
1565 576 1709 617 autem
1742 588 1837 616 cum
1868 574 2040 630 proprie

329 654 381 682 ea
411 642 582 684 tantum
621 642 709 685 sint
745 643 900 699 quibus
937 644 1077 688 hostis
1118 645 1298 701 spoliari
1329 647 1493 701 potest,
1530 647 1580 688 ut
1615 645 1751 688 lorica
1787 645 1856 688 vel
1893 645 2041 700 vestis,

329 712 506 755 abusive
549 713 638 757 iarn
681 714 887 770 spolium*
910 715 1068 759 dicitur
1109 716 1311 773 quicquid
1353 717 1552 760 hostibus
1594 716 1779 759 tollitur:
1825 715 1936 758 unde
1975 718 2042 758 est

327 784 420 840 <VI
459 786 574 841 168>
618 788 894 843 postquam
937 788 1085 831 illum
1129 788 1238 832 vita
1281 789 1450 832 victor
1495 788 1750 846 spoliavit
1793 787 2040 830 Achilles.

325 857 404 900 alii
435 856 568 912 ‘equos
598 861 637 901 et
667 859 764 914 tela,
795 859 941 914 quvhus
965 860 1213 912 spoliaverat
1235 860 1403 904 hostem'
1435 862 1493 904 ad
1515 861 1753 904 Pallantem
1781 860 1923 902 volunt
1952 862 2039 902 tan-

266 956 269 959 ·
325 932 414 972 tum
441 930 664 984 pertinere,
701 931 802 985 quia
837 931 884 974 in
921 932 1107 986 antiquis
1137 933 1370 987 disciplinis
1406 933 1584 976 relatum
1622 936 1696 988 est,
1732 946 1836 986 quae
1871 932 2039 986 quisque

256 1008 299 1039 10

253 1367 296 1399 15

247 1727 293 1759 20

244 2086 289 2119 25

323 1001 473 1044 virtute
502 1005 746 1046 ornamenta
775 1006 1008 1046 consecutus
1038 1007 1153 1060 esset,
1191 1008 1238 1047 ut
1266 1019 1315 1047 ea
1344 1008 1553 1048 mortuum
1583 1019 1674 1047 eum
1705 1005 2036 1047 eondeeorarent:

324 1072 552 1117 Sallustius
582 1078 769 1117 exuant
797 1075 954 1118 armis
984 1076 1226 1130 equisque.

444 1146 512 1189 81.
562 1157 732 1190 VMBRIS
770 1158 989 1190 INFERIAS
1027 1147 1218 1203 proprie:
1261 1162 1362 1190 nam
1399 1147 1579 1190 inferiae
1618 1149 1720 1190 sunt
1759 1161 1883 1190 sacra
1923 1162 2035 1190 mor-

322 1218 506 1260 tuorum.
1238 1254 1245 1260 .

442 1290 510 1334 82.
561 1301 708 1334 CAESO
735 1301 969 1334 SANGVINE
999 1306 1079 1347 pro
1106 1290 1375 1346 ‘caesorum’‚
1407 1294 1455 1334 ut
1481 1306 1611 1347 supra
1638 1290 1707 1346 <X
1726 1290 1842 1346 520>
1870 1289 2033 1345 capti-

322 1374 485 1417 voque
522 1362 638 1419 rogi
675 1362 958 1418 perfundat
995 1362 1249 1419 sanguine
1286 1362 1543 1406 flammas:
1588 1377 1668 1405 nec
1707 1362 1819 1405 enim
1857 1361 2049 1418 sanguis-

321 1432 527 1477 caeditur.

440 1505 508 1548 84.
558 1516 688 1549 IPSOS
715 1517 868 1548 FERRE
894 1517 1043 1559 DVQES
1077 1521 1177 1549 suos
1209 1506 1393 1562 scilicet,
1426 1505 1499 1562 qui
1528 1506 1616 1549 illis
1641 1507 1758 1549 mille
1789 1508 2032 1562 praeerant.

321 1577 477 1619 melius
514 1579 663 1620 tamen
700 1579 784 1633 est,
822 1578 942 1621 iubet
979 1580 1152 1621 truncos
1191 1578 1303 1621 ferre
1340 1578 1460 1633 ipsos
1500 1577 1646 1633 duces,
1690 1578 1734 1620 id
1772 1580 1838 1620 est
1877 1577 2030 1620 ducum

320 1648 481 1705 spolia,
519 1651 568 1692 ut
598 1651 780 1706 tropaea
817 1649 944 1692 duces
982 1650 1103 1706 ipsos
1143 1649 1317 1693 dixerit:
1361 1652 1422 1693 sic
1461 1665 1591 1706 supra
1623 1649 1738 1706 <16>
1771 1649 2030 1692 manibus-

319 1735 414 1776 que
446 1721 571 1764 meis
597 1720 884 1764 Mezentius
916 1720 998 1763 hic
1030 1722 1108 1763 est
1138 1722 1187 1764 de
1217 1724 1391 1776 tropaeo.
1441 1720 1588 1765 ‘duces'
1620 1724 1774 1777 autem,
1804 1724 1853 1764 ut
1874 1721 2031 1764 Halae-

317 1805 410 1835 sum
452 1795 491 1835 et
531 1793 749 1848 eiusmodi,
791 1806 892 1847 quos
934 1793 1133 1835 occiderat
1161 1791 1326 1849 Pallas,
1369 1793 1487 1836 duces
1530 1793 1613 1848 ipsi
1645 1796 1887 1847 portarent;
1930 1806 2031 1835 nam

317 1863 466 1906 dueum
503 1864 644 1918 fuerat
683 1867 850 1920 tropaea
883 1867 1076 1920 portare:
1117 1867 1165 1907 ut
1202 1864 1349 1907 habeat
1380 1867 1503 1919 pater
1541 1865 1741 1908 solacium
1777 1865 1824 1908 de
1860 1865 2031 1908 victoria

315 1936 398 1990 filii
427 1939 466 1979 et
493 1935 623 1979 honor
649 1935 794 1989 funeri
823 1937 997 1979 accedat.
1108 1947 1386 1987 INIMIGAQVE
1417 1947 1602 1979 NOMINA
1633 1948 1730 1980 mel
1760 1951 1839 1992 pro
1871 1936 2028 1979 ‘inimi-

317 2007 495 2051 corum'.
540 2007 646 2050 dicit
665 2011 810 2051 autem
830 2008 993 2051 adfixos
1013 2008 1202 2063 tropacis
1222 2008 1373 2051 titulos
1394 2023 1491 2051 cum
1511 2008 1758 2051 nominibus
1778 2008 2028 2051 occisorum.

436 2079 504 2123 85.
553 2091 764 2124 DV01TVR
801 2091 995 2123 INFELIX
1031 2091 1238 2123 AOOETES
1277 2079 1401 2135 quasi
1441 2080 1516 2135 qui
1556 2081 1856 2123 consternatus
1893 2079 2027 2121 nimio

315 2151 465 2195 dolore
501 2151 564 2194 ire
602 2167 692 2195 non
727 2154 914 2208 poterat,
976 2153 1020 2194 et
1050 2152 1159 2194 bene
1191 2167 1242 2194 ex
1278 2166 1422 2194 rerum
1459 2151 1778 2207 permutatione
1817 2150 2029 2207 expressit

315 2223 478 2267 doloris
511 2224 875 2281 magnitudinem,
906 2224 1051 2267 dicens
1083 2223 1148 2266 ita
1180 2223 1369 2267 doluisse
1398 2223 1605 2276 Acoeten,
1636 2225 1685 2266 ut
1708 2237 1845 2279 paene
1875 2238 2025 2266 carens

313 2295 502 2339 humano
529 2310 659 2340 sensu
682 2311 760 2353 per
785 2311 831 2339 se
855 2297 919 2339 ire
943 2311 1032 2339 non
1055 2298 1224 2351 posset,
1256 2298 1299 2338 et
1323 2310 1479 2352 equum
1503 2295 1567 2338 ita
1592 2295 1776 2337 sensisse
1802 2295 2026 2337 interitum

313 2367 495 2424 domini,
531 2370 582 2410 ut
611 2369 658 2411 in
687 2368 926 2412 humanum
965 2367 1174 2423 migraret
1213 2366 1445 2410 adfectum:
1485 2381 1587 2408 nam
1618 2369 1662 2408 et
1693 2365 1951 2409 lacrimabat
1982 2367 2026 2408 et

415 2549 455 2580 11
485 2544 698 2590 Sallustius]
725 2545 812 2580 hist.
839 2544 911 2580 inc.
938 2548 982 2579 22
1009 2543 1070 2588 D.,
1097 2544 1182 2580 hist.
1208 2543 1261 2578 ΙΙΙ
1288 2547 1332 2580 68
1358 2543 1420 2579 Kr.
1459 2544 1471 2590 ΙΙ
1510 2547 1554 2579 14
1579 2554 1646 2589 pro
1673 2573 1681 2580 .
1702 2568 1712 2579 .
1733 2572 1740 2580 .
1768 2543 1951 2592 caeditur]
1977 2543 2024 2580 cf.

316 2592 481 2629 Macrob.
509 2592 586 2630 Sat.
611 2591 664 2628 VI
689 2596 723 2638 6,
749 2596 769 2628 3
789 2594 802 2638 ΙΙ
830 2595 876 2627 26
903 2593 942 2627 et
965 2592 1059 2627 bene
1084 2617 1093 2627 .
1114 2619 1122 2627 .
1145 2619 1152 2626 .
1180 2591 1356 2639 cadaver]
1384 2591 1429 2627 cf.
1457 2592 1560 2627 Luct.
1587 2591 1687 2628 Plac.
1713 2591 1761 2627 ad
1787 2591 1879 2629 Stat.
1906 2591 2023 2628 Theb.

316 2639 368 2675 IX
392 2644 461 2676 20¹7

412 2811 432 2843 7
458 2806 583 2843 uictus
610 2806 647 2843 R
671 2808 684 2852 ΙΙ
715 2810 737 2842 8
763 2805 915 2851 quidam
941 2817 1053 2851 equos
1080 2808 1117 2842 et
1140 2806 1219 2842 tela
1244 2833 1252 2841 .
1275 2835 1283 2843 .
1305 2835 1312 2843 .
1339 2806 1518 2852 equisque
1542 2806 1624 2842 hab.
1648 2805 1710 2852 ΤΙΙ
1737 2804 1870 2841 uolunt
1893 2804 2022 2841 referri

317 2855 404 2900 quia
432 2855 466 2889 T
481 2857 494 2901 ΙΙ
514 2859 534 2890 9
561 2865 636 2901 qua
663 2854 697 2889 T
712 2856 725 2900 ΙΙ
745 2858 790 2889 10
814 2864 915 2890 esses
934 2853 974 2888 F
990 2855 1002 2900 ΙΙ
1022 2859 1067 2890 ea
1091 2856 1279 2890 mortuum
1299 2853 1341 2889 F
1355 2855 1368 2899 ΙΙ
1387 2865 1472 2889 eum
1497 2864 1554 2890 om
1587 2853 1621 2888 Τ
1637 2854 1649 2900 ΙΙ
1668 2853 1930 2889 condecoraret
1948 2852 1989 2887 F

319 2906 360 2938 11
387 2902 491 2938 exuit
517 2902 551 2937 T
585 2903 597 2949 11
636 2906 679 2937 12
714 2901 865 2947 proprie
897 2901 995 2937 enim
1022 2902 1063 2936 F
1095 2904 1108 2947 ΙΙ
1146 2906 1190 2938 15
1215 2912 1283 2937 nec
1309 2902 1408 2937 enim
1433 2900 1583 2947 sanguis
1609 2900 1776 2936 caeditur
1800 2910 1866 2935 om.
1893 2899 1982 2935 HF
2010 2853 2023 2948 Ι,

287 2968 291 2972 -
318 2954 362 2985 1ss
388 2949 571 2997 caeditur]
599 2949 737 2985 dicitur
755 2949 792 2984 R
809 2950 822 2996 ΙΙ
842 2952 886 2985 17
913 2949 1014 2996 suos]
1043 2961 1110 2985 sua
1128 2949 1175 2985 R.
1201 2961 1253 2985 an
1272 2960 1335 2984 eos
1348 2954 1364 2984 ?
1383 2949 1396 2995 ΙΙ
1416 2953 1460 2985 18
1485 2947 1619 2984 melius
1644 2949 1771 2983 tamen
1795 2948 1853 2983 est
1870 2948 2021 2984 truncos

315 2997 421 3034 iuuet
445 3009 512 3043 pro
538 2998 674 3032 ducum
701 2996 832 3042 spoliis
856 2997 951 3032 ferre
976 2996 1077 3042 ipsos
1104 2997 1216 3032 duces
1241 2997 1281 3032 F
1296 2998 1309 3042 ΙΙ
1340 3000 1384 3032 19
1411 2996 1572 3032 dixerint
1595 2995 1637 3030 F
1650 2996 1663 3048 Ι]
1687 2994 1783 3030 sicut
1810 2994 1850 3029 F
1865 2996 1877 3041 ΙΙ
1902 2999 1948 3031 20
1973 2996 2020 3031 de

314 3046 483 3091 tropaeo.
527 3045 639 3081 duces
671 3044 842 3080 halesum
873 3043 1099 3089 accipiamus
1126 3047 1165 3080 et
1188 3042 1402 3080 huiusmodi
1427 3054 1519 3088 quos
1543 3042 1682 3078 occidit
1705 3041 1827 3087 pallas
1853 3044 1896 3078 ut
1919 3044 2020 3088 ipsos

313 3093 508 3138 portarent
532 3091 607 3138 ipsi
631 3092 745 3128 duces
770 3103 859 3128 nam
885 3092 1019 3127 ducum
1047 3120 1053 3127 .
1076 3120 1083 3127 .
1105 3120 1111 3126 .
1138 3092 1294 3128 accedat
1321 3092 1353 3126 T
1375 3093 1387 3138 11
1419 3092 1561 3126 alcsum
1587 3089 1628 3125 F
1654 3091 1666 3136 ΙΙ
1697 3093 1741 3124 22
1767 3089 1920 3126 uictoris
1945 3090 1987 3125 F
2008 3091 2020 3136 Η
2043 3103 2067 3129 ἡ,

313 3144 359 3176 23
386 3151 477 3176 onor
500 3139 598 3175 fueri
624 3140 659 3176 G
677 3141 689 3186 ΙΙ
713 3143 760 3176 24
785 3139 991 3176 occisorum
1036 3140 1122 3175 duci
1147 3141 1231 3176 adol.
1252 3139 1289 3174 R
1307 3141 1320 3185 ΙΙ
1344 3143 1389 3175 27
1416 3139 1545 3174 aeoete
1564 3138 1602 3173 A
1638 3138 1867 3173 acoethaeno
1892 3137 1938 3173 H
1940 3154 1960 3181 ,-
1977 3139 2020 3173 ut

313 3188 479 3224 omittens
497 3189 509 3235 ΙΙ
527 3190 573 3224 28
598 3188 727 3233 posset
751 3188 798 3223 H
800 3199 808 3223 ε
833 3198 943 3234 posse
1045 3187 1165 3232 possit
1187 3187 1320 3233 reliqui
1337 3188 1350 3234 ΙΙ
1369 3188 1408 3222 et
1431 3196 1497 3222 om.
1522 3185 1595 3220 AS
1602 3184 1643 3219 F
1657 3186 1670 3230 ΙΙ
1689 3185 1769 3221 uita
1792 3185 1829 3220 R
1847 3185 1860 3232 ΙΙ
1878 3189 1923 3220 29
1948 3184 2017 3220 mi-

313 3237 454 3281 graret]
479 3237 635 3281 negaret
655 3236 694 3270 F
709 3236 722 3281 ΙΙ
745 3235 919 3271 lacrimat
939 3234 980 3270 F
