2124 3600
275 309 323 339 VI
982 294 1270 331 PRAEFATIO.

283 403 336 446 15
368 405 411 446 et
443 404 552 446 bene
584 404 776 462 epitheto
815 404 953 447 dictus
992 407 1057 447 est
1095 405 1254 460 exitus3
1300 406 1371 448 lin.
1408 406 1459 448 18
1493 408 1568 448 aut
1599 406 1662 448 ait
1694 420 1837 448 aream
1869 406 1987 448 litori

277 475 521 530 proximam
545 476 650 518 idem
673 475 687 531 ΙΙ
709 489 754 529 p.
775 476 873 531 339,
896 476 952 519 14
985 476 1203 531 significat
1235 478 1277 518 et
1308 475 1503 518 ‘subito'z
1533 476 1699 519 Ennius
1733 477 1851 533 quid
1883 481 1985 519 tam

274 550 468 589 temere
494 547 616 589 itis?
642 548 772 590 citate
794 547 895 603 (scil.
914 546 1159 605 siqnifieat):
1187 547 1295 590 Cato
1322 550 1510 590 temere
1537 548 1641 590 ruis
1667 548 1774 591 idem
1796 548 1810 603 ΙΙ
1825 563 1870 603 p
1889 549 1986 602 343,

281 620 333 661 12
360 634 461 662 nam
482 619 605 675 quasi
624 613 857 662 absurdum
885 623 961 675 est,
984 620 1151 663 duobus
1171 620 1338 675 positis,
1359 619 1551 662 Turnum
1578 620 1734 675 potius,
1755 635 1885 675 quam
1905 619 1984 662 La-

275 691 414 733 tinum
446 705 657 746 responsa
682 691 857 734 dantem
878 706 1029 748 >regem
1057 691 1275 747 appellare
1300 692 1407 734 idem
1431 692 1444 746 ΙΙ
1460 706 1506 745 p.
1525 691 1624 746 354,
1647 692 1701 733 12
1734 692 1853 732 scuta
1885 705 1985 733 vero

278 765 448 818 gestare
468 777 536 818 090
555 764 802 806 coniecerant
827 764 840 819 ΙΙ
857 778 901 818 p.
922 763 1020 819 357,
1044 764 1096 806 13
1124 763 1168 805 111
1195 764 1325 806 verbo
1351 763 1589 806 secludenda
1613 762 1744 805 videri
1768 763 1956 804 dixeram
1975 760 1987 819 Η

274 850 315 889 p.
347 835 453 890 362,
482 837 503 877 1
537 851 639 877 nam
679 836 715 877 si
753 836 815 878 ita
847 835 986 878 eversa
1017 835 1146 878 hasta
1175 835 1451 878 iuvencorum
1482 838 1606 890 terga
1637 833 1904 891 fatigamus',
1942 834 1985 876 id

277 909 343 948 est
374 907 588 950 caedendo
621 921 824 963 urgemus
851 907 1094 959 Schoellius,
1124 911 1172 950 ut
1195 907 1239 949 id
1265 911 1331 949 est
1356 906 1569 950 caedendo
1601 919 1804 962 urgemus
1836 906 1985 961 apode-

273 979 336 1021 sis
367 979 438 1033 sit,
476 979 674 1032 interpres
711 982 847 1021 autem
883 980 1005 1021 verba
1044 979 1214 1034 Veryilii
1249 980 1308 1022 sic
1345 980 1496 1021 iuncta>
1516 992 1596 1032 pro
1634 978 1810 1021 obscenis
1846 977 1986 1019 haberi

272 1064 387 1104 posse
417 1051 577 1092 dixerit.
616 1051 665 1103 ef.
693 1050 780 1093 Cat.
808 1050 935 1105 52,’7.
960 1050 973 1105 ΙΙ
1000 1064 1043 1105 p.
1070 1050 1168 1105 379,
1191 1050 1213 1092 7
1249 1052 1292 1091 et
1324 1050 1430 1092 bene
1463 1051 1660 1091 attenuat
1690 1049 1750 1091 vel
1782 1050 1986 1091 extenuat

276 1121 436 1165 ‘homo'
469 1122 703 1164 Schoellius.
1205 1114 1208 1115 ⁷

394 1194 482 1236 Lib.
515 1193 554 1235 X
593 1208 633 1247 p.
665 1194 750 1236 388
795 1195 930 1236 adnot.
973 1194 1060 1236 erit.
1098 1194 1155 1235 ad
1196 1194 1268 1236 lin.
1304 1194 1354 1235 11
1401 1193 1526 1235 adde:
1571 1193 1644 1234 sed
1690 1192 1741 1235 cf.
1774 1191 1891 1234 Serv.
1930 1191 1983 1233 ad
2060 1182 2066 1188 ⁴

278 1266 382 1307 Aen.
415 1265 436 1307 I
475 1266 531 1307 96
566 1267 608 1306 et
639 1265 725 1307 535
761 1265 775 1320 ΙΙ
833 1279 878 1318 p.
905 1265 1004 1319 390,
1035 1265 1060 1306 9
1093 1279 1181 1307 11011
1213 1264 1344 1306 etiam
1376 1263 1590 1306 fumantia
1634 1262 1678 1320 (i.
1710 1278 1739 1306 e.
1783 1277 1866 1305 non
1896 1264 1983 1305 iam

271 1335 502 1393 fumantia)
537 1335 760 1379 Schoellius
783 1335 797 1391 ΙΙ
822 1351 867 1390 p.
893 1337 992 1387 394,
1027 1337 1080 1378 13
1114 1336 1175 1378 sic
1208 1350 1311 1392 ergo
1344 1333 1391 1393 (i.
1417 1349 1447 1377 e.
1478 1336 1527 1390 si,
1558 1338 1606 1377 ut
1633 1336 1801 1388 quidam
1833 1336 1982 1390 dieunt,

276 1409 502 1451 Pitumnus
526 1409 634 1451 idem
652 1409 800 1462 estqui
818 1406 1065 1465 Stercutius)
1091 1408 1197 1450 idem
1220 1408 1234 1462 ΙΙ
1265 1422 1303 1461 p.
1325 1407 1423 1461 396,
1446 1406 1499 1449 18
1526 1406 1789 1461 participiali
1814 1407 1981 1460 ser-ipse-

273 1494 366 1522 ram
390 1480 403 1535 ΙΙ
426 1495 471 1534 p.
490 1481 589 1536 397,
614 1480 643 1522 4
667 1494 750 1534 sqq.
782 1483 857 1522 aut
886 1480 987 1522 hinc
1019 1493 1121 1536 ergo
1148 1479 1370 1536 Vergilius
1399 1479 1562 1521 furtum
1588 1480 1815 1533 utrumque
1841 1478 1984 1534 tangit

276 1587 283 1594 .
311 1585 320 1594 .
347 1585 356 1594 .
389 1552 557 1594 Paridis
588 1555 663 1594 aut
699 1551 798 1594 hinc
831 1565 934 1607 ergo
967 1551 1185 1607 Vergilius
1217 1553 1446 1606 utrumque
1477 1550 1622 1605 tangit
1654 1584 1662 1591 .
1696 1582 1706 1591 .
1737 1583 1745 1591 .
1785 1549 1983 1605 diximus,

279 1627 321 1666 et
359 1624 530 1679 proprie
568 1624 770 1666 iudicium
809 1623 977 1665 Paridis
1016 1622 1238 1666 Schoellius
1267 1622 1281 1678 ss
1308 1638 1354 1677 p.
1387 1623 1490 1674 397,
1526 1622 1580 1664 10
1625 1621 1697 1676 qui
1741 1619 1788 1677 (i.
1819 1636 1848 1663 e.
1886 1620 1981 1676 quo)

274 1695 454 1748 defendit
489 1695 594 1737 idem
623 1695 637 1750 ΙΙ
664 1709 710 1749 p.
735 1695 834 1749 403,
871 1694 922 1736 19
962 1694 1037 1736 alii
1075 1709 1100 1736 a
1131 1693 1282 1736 Tuscis
1320 1693 1487 1748 pridem
1525 1695 1739 1735 retentam
1778 1696 1821 1735 et
1861 1693 1980 1748 prius

276 1766 538 1808 Vulturnum
560 1768 770 1819 vocatam,
790 1766 952 1808 Tuscos
973 1769 1118 1808 autem
1139 1780 1164 1807 a
1185 1765 1451 1808 Samnitibus
1472 1768 1665 1807 exactos:
1689 1764 1767 1806 hos
1789 1763 1982 1820 Capuam

275 1853 451 1880 vocasse
484 1838 538 1880 ob
570 1838 653 1881 hoc
685 1853 713 1880 e.
740 1853 775 1892 q.
801 1852 832 1881 s.
881 1839 989 1880 idem
1013 1837 1026 1892 ΙΙ
1049 1852 1094 1891 p.
1119 1838 1218 1891 410,
1253 1838 1305 1879 19
1340 1838 1481 1891 etiam,
1512 1838 1620 1890 quod
1649 1835 1754 1878 MF
1781 1837 1982 1891 omittunt,

274 1911 442 1953 secludit
471 1911 595 1962 idem,
632 1924 757 1964 neque
787 1909 934 1964 verbis,
965 1923 1068 1963 quae
1098 1912 1195 1951 sunt
1226 1908 1309 1950 ἀπὸ
1342 1914 1421 1951 τοῦ
1453 1910 1623 1964 χαίρειν
1657 1943 1665 1950 .
1699 1942 1706 1949 .
1740 1941 1748 1950 .
1788 1908 1982 1950 condide-

276 1984 375 2024 runt
405 1982 652 2025 Servianum
682 1982 879 2024 scholium
911 1981 1072 2023 turbari
1102 1981 1289 2023 coneedit.
1344 1982 1414 2023 sed
1436 1980 1603 2023 Servius
1633 1980 1834 2034 explicare
1857 1980 1985 2022 voluit

275 2055 347 2107 qui
374 2054 531 2107 factum
563 2059 672 2109 esset,
702 2057 750 2095 ut
778 2068 827 2095 ex
857 2054 996 2095 eadem
1027 2053 1124 2094 urbe
1155 2056 1192 2095 et
1218 2053 1359 2095 Turno
1390 2056 1427 2094 et
1453 2052 1614 2095 Aeneae
1643 2052 1807 2093 auoeilia
1831 2052 1984 2094 venisse

276 2126 514 2168 dicerentur.
577 2129 748 2168 ceterum
786 2124 871 2167 ἀπὸ
903 2130 983 2167 τοῦ
1014 2131 1137 2181 χαῖρε
1173 2138 1252 2178 pro
1290 2123 1374 2166 ἀπὸ
1405 2129 1485 2165 τοῦ
1517 2124 1686 2179 χαίρειν
1717 2122 1941 2166 Schoellius
1971 2121 1983 2180 Η

270 2212 310 2249 p.
337 2198 437 2252 418,
471 2198 524 2240 19
564 2213 588 2239 o
623 2198 784 2252 Aenea,
827 2197 865 2239 si
896 2211 1005 2252 quae
1044 2196 1138 2238 dico
1170 2195 1369 2237 mihimet
1401 2195 1538 2237 credis
1569 2195 1673 2237 idem
1709 2194 1723 2248 ΙΙ
1754 2209 1795 2248 p.
1823 2195 1922 2249 419,
1953 2195 1982 2236 4

277 2268 461 2310 altarum
494 2269 669 2310 navium
700 2269 801 2311 conl.
829 2283 864 2310 v.
885 2268 971 2310 246
1005 2267 1157 2309 ‘altam
1180 2266 1376 2321 puppim'
1410 2268 1517 2309 idem
1546 2267 1559 2321 ΙΙ
1587 2281 1632 2320 p.
1653 2266 1750 2320 420,
1780 2266 1801 2307 1
1830 2268 1872 2307 et
1898 2281 1982 2321 qua

277 2338 323 2379 in
354 2338 486 2380 armis
518 2340 579 2382 vel
611 2342 653 2382 et
685 2355 769 2395 qua
800 2340 1019 2382 insomnes
1049 2353 1142 2380 esse
1169 2339 1398 2394 oportebat
1423 2339 1529 2381 idem
1551 2338 1566 2394 11
1582 2352 1627 2392 p.
1646 2338 1745 2392 422,
1774 2338 1823 2380 11
1853 2337 1983 2379 noxia

267 2423 562 2468 proposueram
587 2410 601 2465 ΙΙ
631 2426 669 2464 p.
697 2412 795 2463 423,
822 2412 848 2454 3
885 2411 1029 2466 plures
1062 2410 1324 2452 differentias
1357 2410 1402 2452 in
1435 2409 1602 2452 Avieno
1637 2409 1861 2452 Schoellius
1885 2423 1982 2463 pro-

268 2482 411 2536 posuit
439 2483 539 2524 conl.
572 2482 769 2525 Serviano
800 2484 858 2526 ad
882 2497 1015 2537 yeory.
1041 2482 1063 2524 I
1089 2483 1175 2525 488
1207 2482 1356 2524 scholio
1389 2481 1403 2537 ΙΙ
1428 2496 1473 2536 p.
1508 2482 1604 2536 426,
1638 2481 1694 2523 10
1726 2483 1768 2523 et
1799 2482 1905 2523 bene
1938 2481 1983 2523 in
2002 2516 2011 2522 .

275 2553 484 2595 honorem
517 2552 693 2595 victoris
727 2554 833 2597 satis
866 2554 1015 2596 laudat
1046 2553 1207 2596 victum
1239 2553 1460 2596 Schoellius
1483 2552 1497 2608 ΙΙ
1518 2567 1563 2607 p.
1582 2553 1682 2607 428,
1717 2553 1769 2594 18
1801 2551 1883 2594 1100
1917 2553 1982 2593 est

275 2638 353 2678 pro
386 2622 605 2678 ‘septe-m'.
668 2625 822 2666 melius
861 2626 998 2681 deest,
1036 2625 1137 2681 quia
1174 2626 1339 2667 veteres
1379 2640 1401 2667 e
1432 2625 1656 2667 nimietate
1697 2623 1982 2665 enuntiabant

275 2695 393 2737 idem.
443 2696 486 2736 et
518 2694 636 2736 deest
667 2694 796 2751 ‘quiz
833 2698 942 2751 quod
976 2711 1044 2752 eqo
1067 2697 1267 2752 proposui
1298 2699 1336 2738 et
1362 2699 1460 2750 post
1495 2710 1672 2738 numero
1705 2695 1982 2738 collocandum

276 2780 357 2809 esse
395 2766 503 2819 dixi,
546 2767 607 2807 ita
649 2768 779 2820 accipi
814 2769 919 2823 volo,
961 2772 1009 2810 ut
1043 2770 1239 2822 interpres
1275 2769 1389 2822 apud
1425 2768 1649 2822 Veryilium
1684 2769 1779 2808 ante
1815 2765 1982 2819 ‘septem

276 2836 466 2880 numero'
498 2851 528 2880 e.
553 2851 589 2891 q.
613 2851 643 2879 s.
689 2838 761 2892 qui
791 2840 920 2881 deesse
944 2843 1101 2882 statuat
1132 2839 1145 2894 ΙΙ
1174 2854 1218 2893 p.
1250 2839 1349 2894 430,
1386 2840 1438 2881 10
1469 2838 1642 2894 probat,
1678 2837 1785 2890 quod
1814 2836 1983 2878 Floria-

277 2910 406 2952 eensis
439 2908 618 2963 praebet,
660 2923 800 2951 verum
843 2924 924 2952 esse
967 2914 1096 2953 censet
1131 2910 1355 2953 Schoellius
1397 2910 1498 2952 conl.
1533 2909 1650 2952 schol.
1689 2909 1746 2950 ad
1779 2922 1812 2949 v.
1846 2908 1931 2950 377
1970 2906 1982 2964 Η

270 2995 313 3035 p.
344 2981 445 3033 430,
479 2981 502 3022 7
542 2980 745 3034 quoniam
783 2995 868 3022 non
907 2983 1224 3024 contradixerat
1261 2983 1323 3024 ita
1359 2982 1539 3035 defendit
1574 2980 1812 3030 Schoellius,
1849 2982 1897 3021 ut
1926 2981 1984 3023 ad

277 3051 464 3095 Achaten
487 3052 692 3105 pertinere
722 3055 896 3094 statuat:
927 3056 975 3094 ut
997 3054 1196 3107 interpres
1227 3055 1274 3096 in
1298 3068 1389 3096 eum
1413 3054 1559 3108 potius,
1589 3065 1715 3105 quam
1739 3051 1786 3092 in
1810 3050 1982 3093 Aenean

277 3127 316 3166 et
344 3123 507 3178 culpam
538 3126 577 3164 et
602 3136 777 3176 poenam
808 3124 948 3165 cadere
978 3124 1137 3166 dixerit.
1187 3125 1291 3167 mihi
1313 3128 1480 3179 praeter
1510 3124 1618 3166 illud
1645 3122 1753 3176 quod
1774 3122 1820 3163 in
1844 3122 1981 3164 adnot.

271 3195 483 3250 proposui,
509 3195 557 3236 in
581 3198 752 3236 mentem
777 3195 886 3236 venit
910 3195 1113 3250 quoniam
1140 3195 1318 3238 ‘contra'
1347 3195 1400 3254 (v.
1420 3193 1526 3252 343)
1547 3194 1713 3236 dixerat
1735 3193 1750 3248 ΙΙ
1774 3207 1815 3246 p.
1834 3193 1933 3247 433,
1953 3193 1979 3235 3

281 3267 333 3310 ad
372 3266 519 3323 equem
563 3265 715 3321 super'
762 3268 804 3307 et
842 3265 1008 3322 Lagum
1053 3266 1307 3309 subauditur
1351 3269 1393 3309 et
1430 3266 1670 3309 Pallantem
1708 3263 1931 3308 Schoellius
1969 3262 1980 3321 ll
