2124 3600
522 264 675 302 COMM.
703 263 755 300 IN
782 265 923 302 VERG.
950 266 1062 302 AEN.
1090 266 1138 302 VI
1167 271 1364 304 546—570.
1749 268 1803 310 79

209 371 308 415 558.
359 385 668 425 TRACTAEQVE
697 386 913 418 CATENAE
947 378 989 416 et
1016 376 1240 431 genetivus
1274 376 1507 431 singularis
1539 379 1686 432 potest
1711 393 1804 420 esse

93 446 135 485 et
166 443 459 487 nominativus
491 445 685 499 pluralis.

209 514 306 558 559.
360 528 718 568 STREPITVMQVE
757 529 1049 561 EXTERRITVS
1087 530 1257 562 HAVSIT
1301 518 1448 561 hausit
1493 523 1535 562 et
1574 521 1802 563 exterritus

91 588 174 629 est:
209 587 446 645 hypallage
479 602 581 644 ergo
617 591 695 631 est.

209 658 307 702 560.
358 671 602 702 scnnnavm
629 672 791 704 FAcms
825 663 1005 716 species,
1037 665 1085 704 ut
1111 676 1242 717 supra
1269 661 1337 716 <V
1361 661 1477 716 768>
1506 663 1614 705 visa
1649 664 1801 706 maris

87 728 254 772 facies
287 733 337 773 et
367 746 465 773 non
498 732 780 774 tolerabile
813 747 1003 775 numen.

171 832 175 835 -
208 803 306 845 563.
357 814 504 845 NVLLI
531 814 615 845 FAS
643 814 787 846 (JASTO
813 804 896 858 pio.
944 806 987 846 et
1011 805 1118 847 haec
1145 804 1368 860 responsio
1396 805 1598 861 ostendit,
1624 805 1803 851 Aenean

89 873 276 916 voluisse
310 873 481 930 quidem
514 875 699 930 ingredi,
738 875 811 917 sed
845 876 967 931 quasi
998 876 1117 932 pium
1156 876 1436 932 prohibitum.
1560 889 1801 921 INSISTERE

86 956 235 987 LIMEN
270 946 446 988 ‘insisto
479 946 597 988 illam
630 946 743 989 rem'
776 947 975 1003 dicimus,
1014 963 1101 990 non
1134 947 1220 990 ‘illi
1255 948 1360 991 rei':
1397 949 1510 1004 quod
1548 950 1622 1005 qui
1656 950 1803 992 dicunt

88 1016 360 1071 decipiuntur
391 1019 570 1073 propter
602 1016 739 1060 ‘insto
772 1018 838 1060 illi
869 1018 966 1061 rei'.

206 1087 304 1132 564.
355 1100 441 1131 SED
472 1100 537 1130 ΜΕ
572 1089 672 1144 quia
704 1090 974 1133 occurrebat:
1007 1091 1116 1133 unde
1148 1091 1244 1146 ipsa
1277 1092 1550 1147 cognovisti?

206 1160 304 1202 565.
355 1172 486 1203 DEVM
511 1172 692 1203 POENAS
719 1172 894 1204 Docvl'r
928 1165 1002 1204 aut
1034 1178 1138 1218 quas
1170 1162 1230 1205 dii
1255 1163 1510 1206 nocentibus
1538 1166 1801 1207 statuerunt:

88 1234 163 1273 aut
194 1231 416 1287 Titanum,
456 1246 563 1287 quos
602 1232 789 1287 legimus
822 1232 923 1275 deos
957 1249 1006 1275 ex
1039 1234 1172 1276 Terra
1202 1235 1474 1290 progenitos:
1517 1239 1593 1278 aut
1623 1251 1668 1278 re
1700 1252 1802 1279 vera

88 1302 190 1344 dicit
221 1318 383 1358 poenas
416 1303 603 1345 deorum.
654 1303 789 1346 fertur
821 1319 1006 1361 namque
1033 1306 1087 1348 ab
1115 1306 1287 1362 Orpheo
1321 1307 1434 1362 quod
1467 1307 1526 1349 dii
1557 1308 1800 1363 peierantes

86 1390 163 1429 per
195 1373 377 1430 Stygem
408 1374 608 1430 paludem
642 1390 796 1418 novem
829 1392 1039 1419 annorum
1073 1378 1213 1432 spatio
1251 1379 1490 1434 puniuntur
1522 1379 1566 1421 in
1599 1379 1800 1422 Tartaro:

85 1445 200 1488 unde
234 1445 296 1488 ait
329 1445 494 1488 Statius
528 1449 577 1488 et
609 1445 734 1502 Styx
767 1448 1001 1503 periuria
1034 1449 1201 1491 divum
1236 1451 1420 1506 arguit.

205 1518 304 1560 566.
355 1529 740 1562 RHADAMANTHVS
780 1518 1139 1563 Rhadamanthus
1180 1520 1320 1564 Minos
1363 1523 1529 1565 Aeacus
1572 1521 1649 1564 filii
1686 1521 1800 1564 Iovis

87 1590 129 1629 et
162 1588 362 1644 Europae
395 1590 588 1632 fuerunt:
621 1590 694 1646 qui
725 1594 877 1646 postea
911 1591 1014 1634 faeti
1048 1595 1149 1634 sunt
1182 1593 1294 1648 apud
1328 1593 1492 1653 inferos
1522 1593 1696 1635 iudices.

206 1661 307 1710 567.
355 1672 637 1713 SVBIGITQVE
671 1674 844 1705 FATERI
877 1663 1085 1718 conpellit
1119 1664 1171 1706 ad
1204 1665 1535 1708 confessionem.

206 1731 303 1775 568.
354 1744 508 1775 Fviz‘ro
556 1746 796 1777 LAETATvs
847 1747 978 1777 INANI
1029 1735 1198 1778 latebra
1235 1749 1337 1779 ·non
1388 1737 1512 1779 valde
1562 1737 1802 1792 profutura,

90 1803 247 1858 quippe
279 1818 386 1858 quae
419 1804 560 1846 fuerat
592 1806 852 1861 publicanda
883 1809 986 1862 post
1018 1810 1217 1851 mortem.

205 1875 301 1918 569.
354 1886 570 1918 DISTVLIT
595 1889 644 1918 lN
673 1882 825 1919 SERAM
852 1892 1047 1934 gravem,
1074 1881 1123 1920 ut
1149 1894 1314 1921 serum
1344 1879 1537 1922 bellum
1565 1879 1615 1920 in
1643 1893 1801 1935 angu-

87 1946 205 1987 stiis
238 1945 467 1988 futurum
502 1946 746 1990 Sallustius
870 1961 1069 1992 PIAOVLA
1103 1961 1334 1993 COMMISSA
1372 1953 1552 2005 propter
1591 1966 1699 2006 quae
1732 1967 1801 1993 ex-

87 2018 224 2072 piatio
257 2018 446 2060 debetur.

205 2088 302 2132 570.
352 2101 584 2136 ACCINCTA
617 2102 866 2138 FL-AGELLO
910 2094 985 2134 aut
1024 2091 1106 2134 hoc
1145 2092 1250 2134 dicit
1290 2092 1403 2148 quod
1446 2092 1657 2148 videmus,
1700 2094 1801 2148 quia

86 2160 158 2215 qui
196 2160 328 2217 longo
367 2161 539 2218 flagello
579 2163 717 2205 utitur
755 2165 802 2205 ut
840 2163 882 2204 id
922 2165 1021 2218 post
1059 2163 1193 2205 ictum
1232 2163 1277 2204 in
1316 2179 1360 2206 se
1398 2164 1595 2206 revolvat
1627 2179 1800 2207 necesse

182 2329 226 2361 16
253 2326 410 2372 Statius]
437 2325 550 2362 Theb.
582 2326 666 2361 VIII
691 2331 736 2362 30
755 2328 768 2373 ΙΙ
793 2331 838 2363 20
864 2327 1012 2363 latebra
1038 2356 1044 2362 .
1069 2356 1076 2363 .
1100 2356 1106 2363 .
1134 2328 1309 2375 mortem]
1337 2328 1384 2364 ef.
1411 2328 1503 2364 Don.
1531 2329 1579 2363 ad
1605 2328 1687 2364 Ter.
1714 2341 1796 2365 eun.

86 2372 135 2407 IV
164 2377 195 2416 7,
221 2377 265 2408 39
286 2375 298 2419 ΙΙ
326 2377 370 2408 23
399 2373 613 2421 Sallustius]
642 2374 727 2409 hist.
754 2374 886 2421 fragm.
914 2375 983 2411 ine.
1014 2379 1056 2410 15
1085 2387 1143 2421 ap.
1171 2376 1346 2421 Dietsch.,
1374 2376 1426 2410 III
1454 2380 1496 2411 13
1524 2388 1581 2422 ap.
1609 2375 1725 2412 Kritz.

183 2530 203 2560 3
230 2538 431 2562 Emi-:muns
460 2527 498 2566 G,
525 2541 748 2565 sxrnnmrvu
773 2529 817 2564 H
837 2531 849 2575 ΙΙ
876 2530 1022 2575 nAvsrr]
1050 2541 1175 2564 mansu*
1200 2529 1241 2565 F
1274 2543 1308 2566 11.
1338 2530 1417 2566 GH
1438 2532 1450 2577 ΙΙ
1478 2530 1618 2577 hausit]
1645 2532 1717 2566 hoc
1743 2533 1800 2566 est

87 2573 212 2609 hausit
237 2573 273 2608 R
309 2573 381 2609 hoc
407 2575 464 2610 est
488 2575 594 2611 haxit
613 2576 653 2610 F
687 2575 831 2612 hauixit
858 2576 956 2622 0114
982 2576 1186 2622 hypallage
1213 2589 1302 2623 ergo
1328 2579 1402 2624 est]
1431 2579 1469 2613 et
1492 2578 1669 2624 ypallage
1695 2580 1799 2623 (ypa-

85 2621 170 2666 lage
191 2620 245 2665 F)
272 2625 331 2656 est
350 2621 425 2657 FC'
441 2624 454 2667 n
473 2626 493 2658 5
515 2634 628 2668 supra
647 2634 712 2659 om.
730 2623 761 2659 O
776 2625 788 2670 ss
806 2624 902 2659 mori
921 2625 992 2658 AS
1024 2626 1136 2660 moris
1158 2625 1201 2660 H
1216 2627 1229 2670 ΙΙ
1249 2630 1269 2660 6
1296 2626 1334 2659 et
1356 2655 1361 2660 .
1385 2652 1392 2660 .
1414 2653 1421 2660 .
1442 2625 1595 2671 numen]
1623 2637 1688 2660 om.
1712 2625 1798 2668 FO,

85 2680 115 2703 6.
144 2670 167 2704 i.
196 2680 227 2704 0.
253 2681 287 2703 n.
315 2670 341 2705 t.
367 2681 402 2704 n.
430 2672 477 2704 M
489 2671 502 2716 ΙΙ
520 2671 733 2707 tollerabile
758 2672 803 2706 H
817 2673 830 2717 ΙΙ
856 2675 876 2706 9
902 2671 1053 2707 insistos
1079 2673 1125 2706 H
1138 2674 1150 2718 ΙΙ
1176 2672 1296 2718 illam]
1325 2674 1436 2708 istam
1463 2673 1513 2707 M
1525 2674 1538 2718 ss
1564 2673 1632 2718 rei]
1661 2684 1699 2708 re
1727 2673 1765 2708 F
1797 2674 1800 2720 Ι

86 2716 199 2762 quod]
227 2726 311 2750 nam
339 2717 438 2761 quod
463 2718 536 2751 AS
560 2719 573 2763 ΙΙ
604 2722 645 2753 10
671 2719 903 2764 recipiuntur
930 2718 997 2763 Fu
1021 2719 1138 2765 insto]
1166 2719 1298 2755 insisto
1327 2720 1367 2755 F
1389 2722 1401 2766 11
1434 2724 1473 2754 11
1502 2721 1600 2766 ipsa]
1628 2721 1701 2755 ista
1726 2721 1763 2755 R
1796 2724 1798 2767 χ’

85 2764 253 2808 cognosti
272 2763 429 2799 ASFO
443 2765 455 2810 ΙΙ
476 2768 518 2799 12
538 2765 800 2801 innocentibus
820 2766 864 2800 H
878 2767 890 2811 ΙΙ
912 2769 954 2801 13
982 2766 1087 2811 deos]
1115 2767 1205 2803 deos
1225 2769 1332 2812 quasi
1354 2769 1411 2811 M,
1438 2779 1503 2802 om.
1522 2767 1553 2802 O
1568 2769 1579 2814 ΙΙ
1599 2779 1642 2803 ex
1664 2768 1796 2814 Terra]

86 2811 190 2845 extra
216 2811 246 2845 0
261 2812 274 2857 ΙΙ
293 2812 505 2856 per-genitos
532 2813 575 2846 H
591 2813 602 2858 ΙΙ
634 2816 677 2848 14
705 2814 861 2848 refertur
885 2813 1068 2849 Barthius
1093 2817 1142 2850 ad
1168 2815 1259 2850 Stat.
1294 2815 1397 2851 Theb.
1426 2814 1513 2850 VIII
1533 2819 1578 2850 30
1597 2816 1609 2861 ΙΙ
1629 2815 1707 2850 didi
1735 2815 1766 2850 0
1786 2817 1799 2862 ῙΙ

85 2858 312 2903 perierantes
339 2859 415 2893 FC
452 2859 611 2894 eirantes
638 2861 679 2895 H
713 2862 725 2906 ΙΙ
764 2865 807 2896 15
840 2871 973 2895 novem
1006 2872 1185 2897 annorum
1220 2863 1342 2907 spatio
1369 2862 1480 2897 RM:
1513 2861 1618 2897 VIIII
1643 2861 1796 2897 milibus

1831 1028 1873 1059 10

1830 1385 1872 1417 15

1829 1744 1874 1775 20

86 2916 265 2941 annorum
290 2905 446 2941 ASFC'
486 2906 590 2941 VIIII
617 2919 797 2942 annorum
822 2908 873 2942 H.
913 2909 958 2951 cf.
985 2908 1072 2944 Hes.
1098 2910 1210 2954 theoy.
1240 2914 1307 2944 793
1327 2920 1398 2955 sqq.
1437 2911 1449 2956 ΙΙ
1486 2910 1690 2963 puniantur
1716 2910 1766 2944 M
1786 2910 1798 2956 Η
1836 2942 1838 2944 ,

89 2956 130 2987 16
157 2954 235 2998 stys
263 2952 293 2988 G
308 2955 320 2998 ss
340 2953 542 2998 periniuria
562 2954 603 2988 F
636 2955 786 3000 periura
810 2955 846 2989 A
885 2955 1002 3000 arguti
1030 2955 1097 3001 Fu
1118 2961 1161 2992 17
1188 2957 1428 2992 radamantus
1454 2967 1573 2991 nunos
1600 2958 1639 2992 et
1663 2968 1796 2992 aeacus

86 2999 169 3034 RH
211 3000 272 3035 hie
299 3003 337 3036 et
361 3001 482 3036 minos
509 3002 547 3036 et
572 3005 681 3037 eacus
711 3003 757 3036 M
797 3002 1104 3038 Rhadamanthus
1138 3004 1256 3038 minos
1289 3003 1571 3039 rhadamanthis
1599 3005 1637 3039 et
1662 3015 1794 3039 aeacus

88 3046 155 3093 Fu
175 3051 218 3082 19
246 3048 426 3093 conpellit
445 3049 491 3083 ad
519 3059 584 3085 om.
601 3049 642 3083 11
659 3050 671 3095 ΙΙ
690 3049 976 3096 confessionem]
1004 3046 1160 3095 ὕστερον
1181 3049 1363 3096 πρότερον
1390 3063 1455 3096 peu·
1481 3054 1603 3086 totum
1629 3063 1793 3093 uersum3

86 3105 171 3129 nam
198 3095 298 3140 prius
326 3095 484 3150 ‘suhigit
510 3096 649 3141 fateri’,
675 3098 755 3132 tum
785 3097 934 3140 ‘audit',
961 3098 1094 3142 postea
1120 3097 1249 3132 audita
1272 3097 1464 3159 ‘castigat'
1493 3100 1577 3134 add.
1595 3098 1796 3178 Εαὸνὶῗῖιῇ

88 3141 254 3224 13111
261 3142 455 3225 Βῖἒῧίἱὲἓὶῗν
470 3154 695 3236 ιῖῗῶἳωϋεῐ
717 3144 953 3236 ἕὲἶΐὲξῖέ
972 3145 1127 3226 &3153
1129 3145 1301 3228 Ἓέιῗέ
1312 3147 1404 3238 ,ᾗέἵζ
1405 3147 1508 3238 ’13531
1530 3146 1793 3237 ξὲἓῖἰξῗῗᾈωεῑὲ·

88 3234 168 3268 tum
196 3235 226 3270 C
253 3238 267 3279 u
297 3236 550 3272 inem-auoluat
575 3239 609 3272 A
637 3239 742 3282 (corr.
769 3241 805 3282 a)
838 3240 850 3284 ΙΙ
882 3239 1077 3273 161101116116
1104 3238 1145 3272 F
