2092 3614
545 249 695 287 COMM.
722 250 775 286 IN
800 249 945 286 VERG.
971 247 1084 285 AEN.
1111 249 1163 285 XI
1189 252 1388 285 673—703.
1734 245 1819 288 557

231 361 329 404 687.
378 371 693 403 MVLIEBRIBVS
724 371 864 403 ARMIS
896 373 1001 402 usus
1034 358 1236 413 obtinuit,
1267 360 1316 400 ut
1347 358 1553 413 innuptas
1587 356 1822 414 ‘virgines',

110 434 271 488 nuptas
304 431 536 475 ‘mulieres'
570 446 789 474 vocemus:
822 445 924 473 nam
956 430 1069 485 apud
1095 429 1280 472 maiores
1307 429 1536 472 indiscrete
1563 429 1686 486 virgo
1714 429 1822 472 dice-

111 504 242 546 batur
273 506 316 546 et
343 503 509 546 mulier.
560 505 790 558 utrumque
817 502 930 544 enim
957 516 1107 543 sexum
1133 503 1304 543 tantum
1331 501 1622 557 significabat,
1652 503 1702 543 ut
1727 515 1823 544 ecce

112 575 196 618 11οο
232 575 328 617 loco
362 575 465 618 dicit
497 574 644 617 ‘armis
676 572 997 628 muliebribus',
1036 587 1133 615 cum
1166 570 1400 615 Camillam
1431 573 1660 628 innuptam
1691 573 1824 614 fuisse

113 646 391 689 manifestum
430 646 498 688 sit.
560 646 666 687 item
704 645 750 687 in
789 644 993 687 bucolicis
1031 643 1217 699 legimus
1251 643 1342 699 <VI
1373 644 1460 699 47>
1494 660 1534 700 a,
1567 645 1715 699 virgo
1747 644 1824 686 in-
1851 650 1871 682 5

112 718 258 774 felix,
291 727 387 760 cum
418 717 664 772 Pasiphaen
696 718 868 759 constat
900 730 950 758 ex
979 714 1125 757 Minoe
1159 716 1259 757 ante
1292 730 1482 758 amorem
1515 716 1631 758 tauri
1662 716 1824 759 liberos

114 788 370 844 suscepisse:
410 788 634 830 Terentius
673 787 805 830 etiam
843 787 1067 829 mulierem
1102 788 1204 841 post
1234 789 1406 841 partum
1438 787 1654 842 virginem
1688 790 1825 830 vocat.

232 861 330 903 688.
380 871 545 902 NOMEN
570 871 732 902 TAMEN
758 871 887 901 HAVD
914 870 1038 901 LEVE
1064 869 1252 900 PATRVM
1277 870 1482 902 MANIBVS
1503 870 1596 902 Hoc
1618 871 1825 902 REFERES

114 943 236 975 Tnno
276 943 515 975 0E01D1ssn
550 942 788 973 CAMILLAE
827 930 979 973 inrisio
1020 931 1086 972 est
1124 930 1424 972 amaritudinis
1462 930 1607 986 plena:
1650 944 1752 972 nam
1791 931 1826 972 si

114 1003 377 1046 voluerimus
423 1003 677 1060 simpliciter
721 1003 931 1057 accipere,
975 1004 1025 1044 ut
1068 1001 1130 1043 ita
1169 1000 1227 1044 sit
1265 1001 1425 1044 dictum
1466 1001 1826 1057 quemadmodum
1855 1010 1897 1041 10

115 1090 247 1130 supra
278 1075 346 1130 <X
378 1075 493 1130 830>
525 1074 728 1117 Aeneae
760 1074 933 1130 magni
966 1074 1146 1117 dextra
1177 1073 1340 1129 cadis,
1377 1073 1530 1128 incipit
1561 1074 1827 1116 contrarium

115 1161 208 1189 esse
241 1147 547 1202 superioribus.
584 1147 695 1189 unde
727 1146 882 1189 melius
915 1147 994 1201 est,
1025 1148 1075 1188 ut
1106 1159 1430 1200 perseveremus
1464 1145 1508 1188 in
1542 1159 1670 1187 sensu
1695 1147 1738 1187 et
1762 1145 1826 1187 ita

116 1219 174 1260 sit
211 1218 393 1261 dictum:
432 1232 637 1274 magnam
675 1234 721 1261 re
758 1233 861 1261 vera
892 1217 1077 1273 gloriam
1110 1218 1278 1259 laturus
1312 1219 1378 1259 est
1410 1217 1463 1259 ad
1496 1231 1643 1259 manes
1674 1231 1827 1271 paren-

115 1292 222 1346 tum,
255 1305 382 1346 quem
414 1289 602 1332 feminea
633 1290 723 1332 tela
755 1291 1026 1345 superarunt.

236 1362 335 1404 692.
384 1373 604 1404 SEDENTIS
642 1361 810 1416 equitis.
873 1375 978 1403 sane
1011 1375 1108 1403 eum
1141 1375 1192 1402 ex
1224 1360 1368 1403 vicino
1400 1361 1691 1417 intellegimus
1724 1374 1829 1402 esse.
1857 1366 1900 1398 15

236 1434 335 1477 695.
385 1444 612 1476 INTERIOR
645 1433 897 1488 sinisterior,
928 1433 1124 1475 breviore
1157 1432 1324 1475 scilicet
1355 1432 1527 1475 circulo.

237 1506 334 1548 698.
386 1516 693 1548 CONGEMINAT
719 1505 792 1547 1110
818 1504 1190 1560 distinguendum:
1216 1519 1320 1546 nam
1346 1519 1474 1546 nemo
1502 1503 1605 1546 dicit
1631 1503 1832 1546 ‘securim

119 1577 274 1620 vulnus
305 1576 611 1633 congeminat'‚
644 1577 718 1619 sed
751 1575 956 1620 ‘securis'.

238 1649 336 1691 699.
386 1660 568 1691 INCIDIT
613 1660 724 1691 HVIO
767 1648 954 1703 figurate
997 1663 1076 1704 pro
1123 1647 1183 1690 ‘in
1226 1648 1338 1691 hanc
1375 1647 1562 1690 incidit’:
1607 1647 1832 1690 Terentius

119 1734 213 1776 ego
246 1720 298 1762 in
331 1735 439 1762 eum
471 1719 633 1763 incidi
664 1720 849 1762 infelix
882 1720 1068 1776 locum,
1102 1722 1156 1762 ut
1187 1734 1349 1775 neque
1381 1719 1508 1762 mihi
1541 1719 1833 1774 amittendi,
1859 1727 1905 1757 20

118 1806 281 1847 neque
313 1791 574 1834 retinendi
607 1792 676 1834 sit
707 1790 870 1846 copia.

241 1864 339 1906 700.
389 1874 800 1906 APPENNINICOLAE
850 1874 1099 1906 BELLATOR
1143 1874 1297 1906 mmvs
1340 1875 1454 1906 AVNI
1506 1863 1607 1918 quia
1656 1862 1835 1918 Liguria

121 1935 284 1978 maiore
316 1939 441 1991 parte
474 1936 540 1978 sui
565 1936 611 1977 in
630 1934 891 1990 Appennino
918 1936 985 1976 est
1010 1934 1261 1977 constituta.
1305 1933 1488 1990 Ligures
1515 1937 1660 1977 autem
1687 1948 1834 1976 omnes

121 2008 296 2050 fallaces
335 2010 452 2062 sunt,
491 2008 602 2050 sicut
640 2006 703 2049 ait
735 2004 843 2049 Cato
881 2006 924 2047 in
969 2005 1156 2048 secundo
1189 2006 1407 2061 originum
1438 2006 1560 2049 libro.
1682 2017 1834 2048 FILIVS

121 2090 235 2121 AVNI
267 2078 419 2121 Aunus
453 2079 635 2121 scilicet:
672 2093 792 2133 nam,
830 2081 880 2121 ut
912 2093 1042 2134 supra
1074 2077 1164 2134 <IX
1197 2078 1311 2133 360>
1343 2078 1549 2134 diximus,
1581 2093 1678 2121 cum
1711 2077 1834 2119 dictis
1861 2084 1906 2117 25

121 2150 376 2206 parentibus
409 2150 598 2192 filiorum
630 2150 807 2193 nomina
839 2149 1177 2206 supprimuntur,
1209 2164 1282 2192 eos
1315 2150 1429 2205 patri
1460 2149 1740 2206 cognomines
1772 2148 1835 2190 in-

122 2221 383 2278 tellegimus,
414 2223 463 2262 ut
495 2220 587 2276 <IX
621 2221 735 2276 358>
768 2221 976 2263 Tiburti
1008 2220 1220 2263 Remulo
1254 2221 1547 2263 ditissimus
1580 2220 1716 2262 olim.

244 2293 341 2335 703.
390 2310 572 2336 amman
598 2310 807 2336 AVERTERE
834 2294 1008 2347 proprio
1043 2293 1160 2336 verbo
1196 2306 1296 2336 usus
1326 2295 1401 2348 est,
1436 2295 1485 2334 ut
1519 2295 1578 2335 est
1605 2305 1694 2334 mos
1723 2305 1834 2345 eque-

123 2365 233 2419 stris,
263 2365 311 2407 id
339 2368 399 2407 est
427 2379 512 2407 non
542 2367 681 2418 sperat
706 2366 797 2418 fore
826 2368 874 2407 ut
902 2365 1022 2407 illam
1052 2368 1257 2408 averteret.

222 2473 242 2505 7
270 2469 482 2516 Terentius]
510 2470 598 2504 Hec.
625 2469 676 2504 III
702 2474 734 2513 3,
761 2474 817 2506 23.
856 2470 900 2505 cf.
928 2470 1020 2506 Don.
1048 2470 1096 2505 ad
1121 2469 1281 2515 Adelph.
1307 2470 1357 2505 IV
1385 2474 1418 2516 5,
1447 2474 1489 2506 16
1509 2471 1521 2516 ΙΙ
1555 2473 1597 2505 19
1623 2468 1843 2515 Terentius}

126 2518 274 2553 Phorm.
301 2518 316 2552 I
342 2521 376 2562 3,
402 2521 459 2553 23.
497 2517 542 2553 cf.
569 2517 674 2554 Luct.
700 2517 800 2554 Plac.
826 2518 866 2553 in
892 2517 984 2554 Stat.
1012 2518 1128 2554 Theb.
1156 2518 1242 2553 VIII
1271 2522 1288 2553 1

223 2616 241 2647 1
267 2613 405 2649 scholia
430 2613 480 2648 ad
502 2624 534 2649 v.
563 2616 749 2649 687-695
776 2624 841 2649 om.
864 2613 903 2648 F
919 2615 932 2658 ΙΙ
951 2617 971 2648 2
999 2613 1208 2660 dicebatur]
1237 2613 1458 2659 cingebatur
1483 2613 1527 2648 H
1541 2614 1554 2658 ss
1573 2618 1593 2648 3
1620 2612 1836 2658 utrumque]

126 2671 240 2695 unum
266 2659 338 2695 AS
357 2661 368 2706 ΙΙ
394 2658 580 2704 significat
605 2659 677 2696 AS
692 2662 705 2705 ΙΙ
730 2665 750 2696 6
777 2660 958 2706 pasiphen
983 2661 1079 2696 AM
1109 2660 1312 2706 passiphen
1338 2661 1374 2696 R,
1412 2661 1622 2706 phasiphen
1648 2661 1693 2695 H
1707 2662 1719 2705 ΙΙ
1745 2660 1837 2694 libe-

128 2708 205 2754 ros]
232 2707 328 2742 filios
354 2707 399 2742 H
412 2709 425 2752 ΙΙ
451 2711 469 2742 7
497 2707 708 2754 Terentius]
735 2708 775 2743 in
800 2709 948 2752 Hecyra
973 2709 1058 2744 add.
1084 2710 1191 2754 vulqo
1209 2710 1221 2754 ΙΙ
1246 2709 1373 2755 vocat]
1404 2709 1504 2743 ‘nam
1530 2707 1665 2743 uitium
1691 2708 1749 2743 est
1775 2707 1836 2743 ob-

126 2756 246 2790 latum
272 2755 409 2800 uirgini
435 2754 524 2789 olim
551 2755 599 2790 ab
625 2755 750 2791 nescio
777 2767 850 2800 quo
876 2756 1048 2801 inprobo'
1077 2757 1162 2793 add.
1190 2757 1228 2791 D
1246 2758 1258 2802 11
1296 2758 1344 2792 ad
1370 2767 1605 2792 nvmnmussvs
1631 2767 1664 2791 Δ.
1691 2766 1718 2790 s.
1745 2766 1777 2790 v.
1804 2758 1838 2790 et

128 2804 169 2838 in
194 2814 308 2848 mary.
335 2801 471 2838 maluit
495 2802 737 2837 muliebribus
764 2814 876 2848 quam
902 2803 1147 2848 uirginalibus
1173 2803 1314 2849 dicere,
1345 2806 1404 2848 ut,
1436 2804 1525 2847 quia
1550 2803 1752 2848 perpetuae
1778 2814 1837 2837 ca-

127 2850 267 2885 stitatis
292 2849 460 2895 uigorem
487 2850 656 2884 uiuidum
681 2851 890 2894 proximum
918 2862 996 2886 esse
1021 2850 1110 2887 uiris
1138 2853 1301 2893 constat,
1334 2851 1483 2887 nomine
1515 2849 1698 2885 mollioris
1731 2862 1838 2885 sexus

128 2909 197 2932 usa
222 2898 287 2941 sit,
314 2909 386 2943 quo
412 2896 550 2932 troiani
574 2896 720 2942 turpius
747 2897 983 2934 uincerentur
1011 2898 1044 2933 T
1073 2900 1084 2945 ΙΙ
1123 2903 1166 2934 13
1193 2911 1231 2934 es
1258 2899 1307 2934 M
1338 2900 1350 2944 11
1389 2902 1433 2934 14
1459 2898 1689 2943 superabunt
1714 2898 1801 2932 RH
1827 2902 1836 2942 l*

131 2947 174 2980 15
201 2956 244 2980 ex
269 2944 408 2991 vicino]
437 2956 480 2980 ex
506 2944 631 2979 uicina
655 2956 768 2979 manu
794 2945 830 2980 R
861 2946 873 2991 ΙΙ
911 2945 1007 2992 esse]
1034 2957 1247 2991 percussum
1275 2948 1357 2982 add.
1387 2947 1435 2981 D.
1462 2946 1524 2981 sed
1550 2946 1615 2981 hoc
1639 2947 1771 2987 voluit,
1796 2946 1839 2980 ‘m'

128 2993 253 3036 fallor,
273 2992 440 3028 Servius:
466 2993 617 3037 equitem
641 2993 754 3035 fuisse
773 2992 897 3028 Buten
921 3004 997 3028 non
1020 2997 1143 3038 aperte
1167 2995 1255 3038 dici,
1281 2995 1342 3029 sed
1366 3005 1411 3029 θα)
1430 2994 1478 3029 iis
1502 3004 1594 3038 quae
1613 2994 1838 3038 praecedant

129 3043 162 3074 et
191 3044 391 3085 sequantur
421 3040 699 3085 iwtelleyendum
730 3050 810 3075 esse.
849 3041 1003 3083 fortasse
1033 3042 1150 3087 ἱρέων
1180 3042 1344 3086 equitem
1375 3044 1457 3085 post
1488 3051 1568 3076 esse
1595 3041 1802 3076 addendum
1828 3040 1830 3082 Ι

131 3090 173 3122 17
196 3087 428 3123 securiumR
453 3098 621 3124 securum
637 3087 685 3122 M
702 3088 714 3133 ΙΙ
733 3091 779 3122 20
800 3087 900 3131 eum]
921 3087 1028 3123 illum
1041 3088 1114 3124 AS
1132 3091 1144 3134 ΙΙ
1162 3091 1205 3124 ut
1223 3100 1289 3124 om.
1306 3088 1451 3124 BHM
1467 3090 1479 3135 ΙΙ
1498 3088 1592 3123 mihi
1610 3099 1676 3123 om.
1691 3087 1812 3122 ASF
1826 3087 1838 3132 Η

130 3138 175 3169 25
200 3134 259 3181 ut]
285 3134 324 3170 et
347 3135 384 3169 R
420 3135 459 3170 in
484 3135 530 3170 H
553 3135 566 3181 ΙΙ
602 3139 647 3170 26
672 3133 791 3180 patris
817 3134 950 3170 RHF
973 3137 986 3182 ΙΙ
1016 3135 1248 3181 cognominis
1273 3135 1318 3170 H
1352 3136 1574 3181 cognomine
1600 3135 1638 3169 F
1667 3136 1679 3181 ΙΙ
1717 3138 1761 3170 28
1788 3136 1838 3171 ad

129 3193 312 3264 Avmlfgnan
324 3194 369 3265 ἕ
394 3193 422 3219 s.
448 3194 480 3219 v.
506 3183 658 3228 proprio
685 3211 692 3218 .
715 3209 723 3218 .
745 3210 753 3217 .
779 3184 967 3218 averteret
993 3183 1056 3230 Tu
1079 3185 1175 3229 mos]
1202 3195 1251 3220 om
1278 3183 1392 3219 moris
1412 3188 1428 3220 P
1453 3184 1466 3230 ΙΙ
1496 3187 1541 3218 29
1567 3182 1646 3218 fore
1672 3193 1738 3218 om.
1764 3182 1806 3217 F
1826 3182 1837 3230 Η

130 3240 200 3265 aue
239 3240 300 3265 ere
