2124 3600
221 1006 266 1036 10

226 1363 268 1394 15

289 244 349 286 40
1064 242 1226 279 SERVII

409 353 507 396 207.
557 363 747 395 TERETIS
780 364 989 395 TRVNCOS
1023 351 1180 395 ‘teres'
1221 354 1287 394 est
1317 351 1550 394 rotundum
1582 351 1745 407 aliquid
1778 366 1873 394 cum
1904 366 2001 408 pro-

291 425 484 478 ceritate,
527 426 575 466 ut
605 424 903 466 incumbens
936 424 1095 466 tereti
1126 423 1323 465 Damon
1354 423 1428 465 sic
1459 423 1633 478 coepit
1665 423 1850 466 olivae.
1912 421 2002 465 Ho-

290 496 428 538 ratius
460 496 672 538 brachia
704 499 754 538 et
784 497 984 539 vultum
1016 498 1312 551 teretesque
1345 510 1491 537 suras
1524 495 1730 551 integer
1760 494 1925 537 laudo.

410 568 508 610 210.
557 579 802 610 EXTEMPLO
851 568 962 609 bene
1007 567 1138 609 verbo
1183 582 1286 609 usus
1331 569 1398 608 est
1444 581 1674 623 augurum,
1724 569 1773 608 ut
1818 565 2002 608 diximus

293 654 426 697 supra
454 638 505 693 <I
531 639 630 693 92).

410 711 510 752 211.
560 722 869 754 CVNCTANTEM
896 710 1011 753 aliud
1036 711 1195 767 pendet
1220 725 1271 752 ex
1292 710 1397 752 alio:
1426 708 1744 765 ‘cunctantem',
1771 709 1871 764 quia
1897 709 2001 752 ‘avi-

292 782 401 834 dus',
441 784 490 824 ut
527 783 728 824 ostendat
765 786 932 825 tantam
971 782 1106 825 fuisse
1144 781 1357 825 avellendi
1394 781 1693 837 cupiditatem,
1731 783 1781 823 ut
1811 781 1931 823 nulla
1963 780 2003 823 ei

293 853 541 896 satisfacere
585 857 734 910 posset
780 854 994 896 celeritas:
1038 869 1139 896 nam
1184 853 1429 896 tardantem
1470 853 1609 895 dicere
1647 867 1734 894 non
1772 867 2003 907 possumus

292 940 390 968 eum
428 925 502 980 qui
538 924 731 967 fataliter
770 926 1041 981 sequebatur.
1104 925 1179 967 alii
1219 923 1539 966 ‘cunctantem'
1579 924 1632 965 ad
1672 924 1765 965 auri
1802 925 2004 965 naturam

291 997 502 1051 referunt,
542 996 586 1038 id
625 998 691 1038 est
723 997 916 1052 mollem,
955 997 1057 1052 quia
1087 997 1301 1052 paulatim
1332 995 1549 1051 frangitur
1580 998 1624 1038 et
1655 995 1866 1037 lentescit.
1930 994 2006 1036 alii

294 1067 613 1111 ‘cunctantem'
646 1081 822 1123 gravem
856 1068 1018 1122 dicunt,
1060 1070 1108 1109 ut
1139 1067 1354 1123 glaebas
1387 1068 1691 1109 cunctantes
1725 1080 2004 1121 crassaque

292 1143 442 1196 terga
474 1141 701 1194 expecta.

412 1212 512 1254 212.
561 1222 649 1253 NEC
680 1222 822 1253 MINVS
854 1210 993 1252 nihilo
1027 1210 1167 1252 minus
1199 1209 1273 1252 ille
1305 1209 1557 1252 deflebatur.
1671 1220 1872 1250 INTEREA
1905 1208 2005 1250 dum

292 1283 383 1324 itur
415 1282 469 1324 ad
500 1282 643 1325 silvas.
1578 1268 1580 1270 V

413 1354 512 1396 213.
561 1364 767 1396 INGRATO
806 1351 941 1407 tristi,
983 1354 1032 1393 ut
1069 1353 1241 1408 gratum
1280 1352 1442 1394 laetum
1481 1351 1643 1406 aliquid
1681 1350 1872 1395 dicimus,
1934 1350 2007 1393 alii

296 1424 513 1481 ‘ingrato'
546 1424 694 1467 dicunt
726 1424 914 1480 gratiam
946 1438 1033 1466 non
1066 1423 1283 1467 sentienti.

415 1498 513 1540 214.
562 1508 769 1539 PINGVEM
801 1498 876 1538 aut
908 1495 959 1538 de
991 1495 1154 1538 Graeco
1186 1494 1413 1537 transtulit
1443 1491 1636 1549 λιπαρὰν
1669 1507 1892 1550 magnam:
1929 1496 2005 1536 aut

233 1606 236 1609 ,
295 1567 530 1624 hypallage
563 1571 648 1622 est,
678 1568 761 1610 hoc
794 1571 859 1609 est
891 1567 942 1609 de
974 1566 1206 1623 pinguibus
1238 1566 1389 1609 taedis.

224 1720 269 1751 20

226 2078 272 2109 25

414 1640 514 1682 215.
564 1650 828 1681 FRONDmvs
861 1650 993 1681 Arius
1027 1638 1142 1693 aptis
1177 1638 1230 1680 ad
1262 1638 1427 1680 funera.

416 1711 514 1754 216.
563 1722 685 1752 ANTE
729 1720 1354 1753 CVPRESSOS·OONST1TVVNT
1407 1715 1646 1765 cupressus
1680 1710 1910 1752 adhibetur
1953 1710 2009 1752 ad

295 1782 466 1837 funera,
499 1782 568 1824 vel
599 1781 714 1837 quod
746 1796 871 1823 caesa
902 1796 990 1824 non
1018 1780 1273 1836 repullulat,
1306 1781 1374 1823 vel
1407 1781 1520 1836 quod
1552 1796 1630 1836 per
1662 1796 1757 1823 eam
1787 1781 2009 1824 funestata

298 1853 542 1896 ostenditur
567 1853 738 1909 domus,
765 1852 876 1895 sicut
901 1853 1061 1895 laetam
1087 1851 1261 1894 frondes
1288 1852 1483 1894 indicant
1508 1852 1657 1896 festae.
1702 1852 1843 1895 Varro
1862 1854 2009 1895 tamen

298 1925 403 1967 dicit
434 1939 565 1980 pyras
597 1924 693 1967 ideo
726 1939 929 1979 cupresso
962 1923 1219 1966 circumdari
1257 1925 1437 1979 propter
1475 1937 1652 1979 gravem
1683 1924 1875 1968 ustrinae
1907 1923 2008 1966 odo-

298 2011 408 2052 rem,
451 2011 504 2037 ne
546 2011 595 2038 eo
638 1995 879 2038 offendatur
919 1995 1071 2050 populi
1112 1994 1433 2037 circumstantis
1476 2010 1652 2051 corona,
1699 2011 1807 2051 quae
1844 1995 2010 2037 tamdiu

301 2069 448 2111 stabat
498 2067 761 2123 respondens
811 2067 982 2110 fletibus
1033 2068 1263 2122 praeficae,
1312 2065 1356 2108 id
1407 2069 1474 2108 est
1516 2067 1702 2122 principi
1745 2067 2010 2122 planctuum,

301 2139 505 2196 quamdiu
538 2141 795 2194 consumpto
828 2138 1034 2180 cadavere
1066 2140 1109 2179 et
1142 2137 1336 2179 collectis
1369 2137 1585 2179 cineribus
1624 2137 1838 2179 diceretur
1868 2137 2010 2180 novis-

301 2212 455 2254 simum
495 2211 674 2252 verbum
713 2209 887 2264 ‘ilicet'‚
932 2208 1047 2264 quod
1090 2208 1151 2250 ire
1192 2208 1291 2250 licet
1332 2207 1565 2262 significat:
1610 2208 1722 2250 unde
1761 2211 1827 2250 est
1863 2208 2008 2264 <231>

300 2282 532 2336 dixitque
564 2279 849 2324 novissima
879 2280 1047 2323 verba.

395 2438 417 2469 2
442 2433 676 2480 incumbens]
703 2432 788 2468 buc.
814 2432 902 2468 VIII
930 2436 972 2468 16
991 2433 1003 2479 ΙΙ
1031 2431 1223 2479 Horatius]
1251 2443 1363 2469 carm.
1390 2432 1424 2466 II
1449 2437 1483 2477 4,
1508 2436 1551 2467 21
1573 2433 1585 2478 ΙΙ
1619 2436 1659 2467 11
1688 2432 1857 2479 glaebas]
1883 2443 2010 2478 georg.

299 2482 336 2517 II
361 2485 430 2517 236
449 2481 461 2527 ΙΙ
480 2484 526 2516 20
552 2491 745 2525 cupressus
771 2479 973 2515 adhibetur
998 2491 1027 2515 e.
1052 2491 1087 2524 q.
1108 2479 1154 2526 3.]
1182 2480 1228 2516 cf.
1254 2481 1359 2516 Luct.
1386 2480 1486 2516 Plac.
1513 2480 1561 2515 ad
1588 2479 1680 2515 Stat.
1708 2480 1824 2516 Theb.
1853 2480 1905 2516 IV
1923 2483 2010 2525 4603

302 2540 433 2565 comm.
460 2529 548 2564 Luc.
575 2527 628 2563 III
654 2531 741 2572 4423
767 2528 953 2573 mythogr.
980 2527 1034 2562 III
1061 2532 1093 2571 6,
1120 2531 1164 2563 28

400 2662 419 2693 1
445 2671 632 2694 ΤΕΒΒΕΝΤῙΒ
659 2658 700 2693 F
727 2671 913 2694 TORRENTIS
934 2657 968 2693 G
986 2659 998 2705 Π
1022 2662 1043 2693 2
1071 2655 1308 2694 ἁᾶωοῇΑΕ
1334 2658 1468 2693 damno
1489 2657 1596 2704 F113
1622 2657 1750 2693 bracia
1769 2657 1810 2692 F
1819 2659 1836 2712 fl
1855 2661 1877 2693 4
1903 2658 2010 2695 schol.

302 2707 352 2743 ad
377 2717 410 2743 v.
461 2710 505 2740 10
531 2717 596 2742 om.
625 2706 659 2742 G
687 2707 699 2753 ΙΙ
730 2710 751 2741 6
777 2707 1016 2741 cunctantem
1041 2717 1108 2742 om.
1136 2707 1187 2741 M
1207 2707 1219 2752 ΙΙ
1252 2710 1272 2742 7
1297 2707 1340 2742 ut
1366 2705 1554 2752 ostendat]
1582 2705 1745 2741 ostendit
1769 2716 1869 2741 emm
1895 2704 1974 2741 FG
1998 2705 2002 2751 Ι

303 2758 325 2789 8
343 2710 472 2799 possst
485 2753 558 2788 AS
566 2754 629 2789 M:
650 2753 771 2799 possit
783 2753 956 2788 RHFG
974 2755 986 2799 ΙΙ
1004 2754 1217 2789 tardantem
1236 2765 1280 2789 ex
1297 2753 1508 2789 tardentem
1521 2752 1593 2788 AS
1611 2754 1622 2799 ΙΙ
1642 2757 1687 2787 10
1706 2752 1871 2788 referunt
1887 2763 1953 2788 om.

304 2801 316 2848 Η
342 2801 448 2848 quia]
475 2800 539 2845 qui
562 2801 637 2836 AS
661 2802 672 2847 ΙΙ
703 2801 757 2847 et]
783 2800 823 2836 id
848 2801 906 2836 est
930 2802 1036 2846 vulyo
1061 2802 1073 2847 ΙΙ
1104 2800 1169 2836 alii
1196 2829 1202 2836 .
1226 2829 1233 2837 .
1255 2830 1263 2838 .
1290 2801 1447 2846 expecta
1472 2810 1538 2835 om.
1565 2800 1644 2835 FG-
1671 2801 1683 2847 Η
1716 2803 1757 2835 11
1785 2800 1912 2845 glebes
1937 2800 1973 2835 A

306 2852 351 2884 12
372 2854 529 2894 excepta
549 2850 583 2883 A
603 2850 615 2894 11
636 2852 679 2883 13
705 2849 842 2884 scholia
867 2849 916 2883 ad
940 2859 1091 2883 mmmm
1115 2852 1149 2883 et
1171 2850 1220 2884 ad
1239 2860 1270 2883 v.
1291 2852 1359 2884 213
1379 2858 1446 2885 om.
1470 2847 1504 2882 G
1523 2849 1534 2894 Η
1555 2852 1597 2883 17
1624 2846 1699 2883 aud
1723 2858 1743 2882 e
1768 2857 1881 2892 greco
1902 2846 1981 2883 FG·

303 2896 450 2931 libaran
470 2895 506 2930 A
543 2894 739 2941 idepyram
758 2895 796 2931 R
831 2900 924 2941 para
948 2895 995 2930 Η
1026 2894 1181 2940 lyparan
1206 2896 1257 2930 M
1288 2895 1458 2941 lipparan
1485 2894 1577 2930 FG.
1615 2906 1633 2930 e
1657 2894 1891 2939 Sanqallensi
1914 2895 2012 2930 nihil

305 2943 467 2979 enotavit
491 2942 670 2987 Hayenus
694 2944 706 2989 ΙΙ
737 2954 914 2988 magnum
941 2940 1020 2977 FG
1050 2943 1061 2989 {l
1092 2944 1158 2977 aut
1181 2942 1356 2988 ypallage
1383 2943 1555 2987 (ypelage
1581 2942 1633 2986 F)
1668 2942 1788 2987 figura
1813 2943 1871 2977 est
1896 2941 1975 2977 FG
1998 2941 2010 2988 Η

306 2994 350 3027 19
376 2990 515 3026 scholia
539 2990 590 3025 ad
613 3001 644 3025 v.
672 2994 741 3025 215
768 2994 800 3026 et
825 2994 894 3025 216
920 3001 986 3026 om.
1013 2989 1048 3025 G
1072 2991 1083 3035 11
1108 2993 1151 3024 21
1179 2990 1326 3025 funesta
1350 2990 1423 3024 AS
1447 2991 1458 3035 Η
1486 2994 1531 3024 22
1558 2989 1670 3035 sicut]
1698 2989 1752 3024 sic
1777 2988 1818 3023 F
1838 2990 1850 3034 Η
1877 2992 1922 3024 23
1949 2999 2009 3023 cu-

304 3037 438 3084 pressu
464 3037 513 3072 M
541 3038 553 3083 ΙΙ
590 3040 636 3071 24
662 3049 705 3073 eo
731 3048 797 3074 om.
819 3037 913 3072 'RH
937 3038 950 3084 ΙΙ
986 3040 1032 3073 25
1060 3037 1242 3087 praeficae
1273 3036 1420 3072 fletibus
1447 3036 1488 3070 F
1520 3036 1691 3072 flectibus
1714 3035 1908 3081 praefecae
1933 3035 1979 3070 H
1999 3036 2009 3082 Η

1092 3092 1114 3110 n

304 3119 470 3166 principi
487 3119 706 3166 planctuum
726 3119 828 3155 RH:
854 3119 1015 3166 principi
1038 3119 1233 3165 plactumfi
1253 3119 1288 3153 A
1314 3120 1355 3164 (n
1378 3129 1553 3163 superscr.
1574 3119 1650 3163 ipse
1668 3121 1710 3153 ut
1727 3118 1870 3154 videtur
1895 3118 2009 3154 libra-

305 3169 402 3213 rius)
432 3166 590 3213 principi
616 3166 874 3212 planetumum
894 3168 924 3203 S
958 3168 1178 3213 planctuum
1202 3165 1363 3211 principi
1381 3165 1431 3200 M
1451 3164 1612 3210 principi
1632 3164 1826 3210 planetum
1847 3164 1887 3200 F
1908 3165 2008 3211 prin-

307 3214 400 3261 cipis
426 3215 644 3261 planctuum
667 3215 774 3259 vulyo
793 3215 805 3260 ΙΙ
825 3219 869 3249 26
895 3214 1046 3251 dicebat
1071 3215 1120 3249 M
1137 3215 1149 3260 ΙΙ
1167 3217 1212 3249 27
1238 3212 1342 3248 ilicet
1366 3241 1375 3249 .
1397 3240 1405 3248 .
1427 3240 1435 3248 .
1460 3212 1576 3248 verba
1601 3222 1667 3248 om.
1688 3211 1729 3247 F
