2092 3614
548 236 698 273 COMM.
723 236 776 271 IN
804 234 945 272 VERG.
974 235 1084 271 AEN.
1110 235 1143 270 X
1172 239 1320 271 14—18.
1601 236 1606 240 ·
1708 234 1795 277 385

207 346 272 388 15.
322 357 559 389 PLAOITVM
591 349 665 388 aab
695 345 802 387 mihi
835 345 1014 400 scilicet,
1045 348 1121 387 aut
1147 345 1275 398 fatis:
1308 348 1383 387 aut
1406 346 1515 399 qaod
1542 345 1662 387 velim
1687 345 1797 387 vobis

77 418 251 471 plaeere.

206 490 271 532 16.
322 502 540 532 1VPP1TER
565 500 688 531 HAEC
718 499 878 531 PAVCIS
911 488 1045 530 habet
1076 501 1361 542 personarum
1394 487 1797 543 considerationem,

84 564 133 603 ut
165 562 460 616 superioribus
499 560 695 616 personis
735 560 808 601 det
838 559 1172 615 breviloquium,
1211 573 1233 600 e
1266 561 1417 601 contra
1449 559 1643 602 inferiori
1674 562 1798 615 pote-

85 632 190 674 stati
221 633 434 687 prolixam
468 632 726 683 orationem,
758 630 869 672 unde
902 631 964 673 ait
995 630 1046 673 de
1079 630 1247 673 Venere
1281 629 1344 671 ‘at
1374 645 1462 672 non
1487 629 1634 672 Venus
1667 645 1798 672 aurea
1822 638 1843 670 5

84 706 236 746 contra
266 719 404 758 pauca
434 702 601 746 refert':
633 703 734 757 quia
767 702 914 745 Veneri
937 716 1107 745 eausam
1131 715 1285 744 neeesse
1309 704 1368 744 est
1389 702 1570 757 reddere,
1601 703 1689 744 ideo
1715 716 1799 744 nort

75 790 216 829 pauca
256 776 398 831 refert,
437 778 513 817 aut
552 775 654 828 qaia
689 776 821 815 mater
857 773 1013 828 dolens,
1052 776 1127 815 aut
1162 773 1262 826 qaia
1298 773 1487 826 inferior.
1543 773 1647 814 item
1685 773 1798 815 Dido

84 847 207 902 quasi
238 847 387 903 regina
418 846 566 901 paucis
598 846 743 888 locuta
774 847 856 900 est,
888 847 937 886 ut
969 844 1153 900 <1561>
1185 847 1291 886 tum
1322 844 1557 886 breviter
1589 843 1732 886 Dido.

203 918 272 960 18.
325 930 353 960 0
387 929 541 959 PATER
571 928 600 959 Ο
633 928 852 959 HOMINVM
890 918 934 958 et
965 916 1166 959 Titianus
1199 918 1243 958 et
1275 914 1454 967 Calvus,
1491 915 1564 970 qui
1601 915 1799 957 themata

83 990 227 1032 omnia
258 990 309 1032 de
341 988 538 1044 Vergilio
576 988 818 1032 elicuerunt
856 990 899 1030 et
935 988 1234 1031 deformaruut
1272 988 1325 1030 ad
1358 987 1527 1029 dicendi
1564 1002 1709 1042 usum,
1750 988 1796 1029 in
1824 996 1868 1027 10

82 1061 276 1116 exemplo
310 1060 703 1103 controversiarum
735 1059 815 1102 has
848 1060 953 1102 duas
985 1062 1226 1116 posuerunt
1258 1059 1574 1114 adlocutiones,
1606 1058 1796 1101 dicentes

83 1131 297 1174 Venerem
330 1145 459 1188 agere
491 1133 609 1174 statu
635 1131 899 1187 absolutivo,
931 1146 1029 1174 cum
1056 1131 1162 1173 dicit
1185 1129 1343 1172 Iunoni
1368 1128 1516 1172 ‘causa
1539 1129 1662 1172 fuisti
1688 1130 1798 1185 peri-

83 1203 277 1245 culorum
314 1202 382 1244 his
422 1203 575 1258 quibus
607 1202 782 1244 Italiam
819 1203 913 1245 fata
944 1200 1286 1256 concesserant'3
1324 1201 1535 1242 Iunonem
1573 1215 1675 1243 vero
1713 1200 1796 1242 niti

83 1276 200 1316 statu
233 1274 438 1329 relativo,
468 1288 546 1328 per
578 1288 704 1329 quem
736 1274 927 1316 ostendit
949 1273 1162 1317 Troianos
1193 1287 1281 1315 non
1314 1287 1392 1314 sua
1424 1286 1554 1314 causa
1584 1271 1797 1327 laborare,

82 1344 156 1386 sed
194 1344 388 1386 Veneris.
519 1355 548 1386 0
586 1355 742 1385 PATER
781 1344 1045 1399 generaliter
1084 1342 1250 1399 ‘pater'
1291 1343 1457 1398 accipe,
1499 1358 1586 1386 non
1624 1345 1796 1385 tantum
1825 1353 1867 1386 15

82 1414 282 1457 Veneris:
320 1430 421 1457 nam
455 1429 587 1471 supra
618 1415 680 1457 ait
711 1414 796 1470 <2>
829 1414 991 1458 ‘divum
1022 1416 1148 1471 pater
1181 1417 1310 1470 atque
1341 1415 1568 1457 hominum
1594 1413 1698 1456 rex'.
1754 1417 1798 1457 et

81 1487 189 1528 bene
220 1486 265 1528 in
297 1486 522 1542 principiis
560 1486 755 1529 favorem
794 1486 878 1529 sibi
909 1489 1002 1529 arte
1035 1487 1250 1530 conciliat.
1372 1497 1593 1529 HOMINVM
1624 1498 1795 1529 DIVVM-

82 1570 172 1609 QVE
200 1569 419 1600 AETERNA
444 1569 679 1600 POTESTAS
712 1557 828 1600 hunc
853 1558 996 1600 locum
1021 1557 1189 1601 Probus
1216 1558 1403 1614 quaerit3
1435 1558 1508 1600 sed
1536 1557 1640 1600 dicit
1664 1573 1796 1600 unam

81 1645 172 1672 rem
193 1629 421 1672 secundum
442 1629 656 1685 physicos,
683 1629 864 1671 alteram
887 1630 1122 1673 secundum
1142 1629 1486 1674 mathematicos.
1526 1643 1629 1671 nam
1650 1629 1796 1671 divum

81 1703 277 1756 potestas
310 1702 394 1756 est,
432 1701 534 1756 quia
570 1701 663 1756 ipse
700 1703 767 1743 est
797 1701 964 1757 aether,
1002 1702 1075 1757 qui
1107 1702 1422 1744 elementorum
1454 1700 1648 1756 possidet
1678 1701 1795 1756 prin·
1822 1712 1867 1744 2ο

82 1773 292 1828 cipatum3
335 1771 562 1814 hominum
599 1786 700 1815 vero
738 1772 854 1828 ideo,
892 1773 994 1827 quia
1031 1773 1145 1816 bona
1181 1772 1298 1815 Iovis
1336 1772 1571 1815 inradiatio
1607 1771 1795 1815 honores

80 1843 329 1885 hominibus
355 1843 525 1886 tribuit.
565 1842 771 1886 ‘aeterna'
800 1846 944 1886 autem
971 1843 1197 1900 ‘potestas'
1225 1845 1382 1887 adiecit
1406 1846 1587 1899 propter
1612 1844 1796 1886 aliorum

80 1914 305 1968 numinum
337 1914 660 1957 discretionem:
699 1930 801 1957 nam
834 1915 1017 1971 legimus
1050 1918 1094 1958 et
1126 1914 1372 1971 Apollinem
1406 1915 1656 1971 deposuisse
1688 1915 1795 1958 divi-

80 2001 182 2028 nam
215 1988 497 2041 potestatcm,
530 1989 574 2028 et
598 1986 831 2028 Herculem
857 1987 925 2028 vel
952 1986 1155 2029 Liberum
1185 1990 1356 2042 patrem
1382 2002 1467 2029 non
1495 2002 1665 2042 semper
1691 1987 1794 2030 deos

81 2057 226 2100 fuisse.
276 2058 381 2100 sicut
403 2061 540 2100 autem
565 2058 796 2114 hominum,
828 2061 866 2100 et
889 2072 1029 2100 reram
1053 2062 1232 2112 potestas
1257 2062 1336 2101 est:
1368 2073 1425 2101 an
1454 2059 1794 2112 quemadmodum
1820 2069 1865 2101 25

73 2143 154 2183 pro
184 2143 274 2184 reye
303 2129 364 2171 vel
393 2130 641 2184 magistrata
665 2133 847 2183 potestas
875 2130 976 2172 solet
1005 2131 1087 2173 diei
1094 2130 1117 2172 ‚2

178 2298 220 2329 19
248 2294 345 2329 hunc
370 2294 492 2329 locum
520 2322 527 2329 .
549 2322 555 2330 .
579 2322 586 2330 .
612 2305 687 2329 non
720 2305 867 2340 semper
899 2294 989 2330 deos
1014 2294 1144 2341 fuisse]
1178 2306 1293 2331 exscr.
1320 2296 1507 2342 mythogr.
1535 2295 1587 2330 III
1614 2300 1646 2340 3,
1672 2300 1704 2331 2.
1745 2295 1790 2331 cf.

82 2342 255 2387 Steupius
281 2342 326 2377 de
352 2340 482 2377 Probis
508 2354 542 2387 p.
573 2345 641 2377 108
655 2354 708 2387 sq.

179 2500 197 2530 1
223 2495 334 2531 factis
361 2495 401 2530 F
433 2495 541 2531 fastis
567 2497 717 2541 Daniel,
743 2508 834 2533 corr.
862 2497 1103 2534 commelinus
1135 2499 1147 2544 ΙΙ
1178 2503 1199 2533 3
1226 2498 1580 2545 considerationem]
1607 2499 1790 2544 acceptio·

83 2554 168 2578 nem
193 2543 233 2578 F
261 2544 274 2589 u
305 2548 327 2578 4
351 2543 626 2589 breuiloquium
653 2545 706 2580 sic
732 2545 823 2580 alibi
847 2546 929 2580 tum
955 2546 1057 2590 (tunc
1085 2547 1132 2591 G)
1160 2547 1325 2582 breuiter
1349 2546 1438 2582 dido
1465 2546 1610 2581 uultum
1636 2546 1792 2582 dimissa

81 2591 252 2636 profatur
277 2590 400 2626 adnon
427 2592 538 2636 (adno
565 2592 612 2637 G)
639 2604 755 2628 uenus
783 2620 790 2628 .
814 2619 821 2627 .
843 2621 851 2628 .
877 2593 1031 2628 inferior
1058 2594 1112 2637 F,
1137 2594 1230 2630 item
1258 2622 1265 2629 .
1287 2622 1295 2629 .
1318 2622 1325 2629 .
1352 2593 1449 2629 Dido
1476 2595 1641 2629 omittens
1665 2596 1678 2639 ΙΙ
1704 2606 1730 2630 s.
1758 2607 1790 2630 v.

85 2642 126 2674 17
154 2637 244 2683 quia
267 2649 416 2673 necesse
442 2640 500 2673 est
525 2650 674 2675 causam
701 2640 854 2675 reddere
881 2642 947 2676 aut
966 2641 1055 2685 quia
1075 2642 1195 2677 mater
1215 2642 1343 2677 dolens
1362 2643 1429 2677 aut
1449 2642 1537 2686 quia
1555 2641 1709 2677 inferior
1732 2643 1765 2676 Τ
1779 2642 1790 2689 Η

83 2691 103 2721 6
130 2685 275 2721 uenerit
301 2697 413 2720 causa
433 2685 479 2722 F.
514 2691 666 2722 ceteram
691 2689 810 2733 mepte
834 2689 899 2724 hoe
923 2689 1098 2723 scholium
1123 2700 1203 2725 eam
1229 2689 1408 2725 Serviano
1434 2690 1666 2725 coniunctum
1691 2694 1751 2724 est.
1768 2692 1790 2735 <11

82 2737 103 2768 9
136 2734 175 2768 et
205 2733 377 2768 Titianus
409 2734 447 2768 et
477 2731 627 2779 Calvus]
668 2736 706 2769 et
743 2736 902 2770 uetanus
935 2737 973 2771 et
1003 2735 1189 2772 catulinus
1216 2737 1256 2771 F
1289 2738 1301 2782 ΙΙ
1346 2741 1389 2771 10
1421 2737 1641 2772 elucuerunt
1673 2737 1795 2772 ΑΒΗ

83 2782 189 2825 (corr.
215 2782 278 2826 as)
317 2780 529 2826 eliguerunt
553 2781 593 2815 F
608 2784 621 2826 ΙΙ
640 2782 944 2818 adformauerunt
969 2783 1007 2817 F
1024 2784 1036 2829 ΙΙ
1066 2788 1108 2818 12
1135 2785 1308 2819 absoluto
1337 2784 1383 2819 F.
1424 2785 1648 2819 absolutivas
1672 2789 1791 2820 status

80 2829 223 2864 videtur
248 2829 508 2873 intelleyendus
533 2839 604 2864 esse
628 2840 731 2874 quem
751 2830 949 2865 Fortunat.
971 2830 986 2864 Ι
1009 2835 1051 2865 15
1073 2833 1128 2876 (p.
1149 2835 1207 2875 93,
1224 2836 1267 2867 10
1282 2832 1423 2877 Halm.)
1449 2833 1659 2867 remotivum
1679 2833 1788 2868 dixit.
1830 2837 1841 2841 “

81 2876 142 2912 sed
167 2876 213 2920 cf.
241 2876 338 2911 Serv.
366 2877 416 2911 ad
439 2887 471 2911 v.
499 2880 542 2910 31
582 2877 594 2922 ΙΙ
634 2880 677 2911 14
703 2877 802 2911 statu
829 2877 1022 2913 causativo
1048 2879 1086 2914 et
1110 2880 1268 2914 relativo
1294 2879 1404 2914 Lien.
1443 2881 1485 2914 de
1514 2881 1664 2914 relativo
1689 2884 1789 2916 stata

82 2924 128 2966 cf.
149 2923 347 2959 Fortunat.
375 2924 397 2958 Z.
418 2924 439 2958 l.
461 2925 564 2969 1111011
592 2935 658 2959 sua
684 2923 794 2969 culpa
819 2925 981 2960 troianos
1007 2925 1047 2961 F
1063 2927 1074 2973 ΙΙ
1106 2930 1147 2962 15
1175 2939 1196 2961 o
1221 2939 1334 2961 PATER
1360 2954 1367 2960 .
1390 2955 1397 2962 .
1420 2955 1426 2961 .
1454 2927 1608 2962 Veneris
1634 2939 1699 2962 om.
1722 2928 1762 2962 F
1777 2928 1790 2975 Η

85 2974 128 3005 16
153 2971 281 3006 diuom
307 2970 347 3006 F
361 2972 374 3018 ΙΙ
395 2975 437 3006 18
465 2972 561 3005 1111110
586 2971 709 3006 locum
737 3000 744 3007 .
767 3000 773 3007 .
796 2999 803 3006 .
831 2971 956 3007 divum
982 2974 1151 3018 potestas
1178 2986 1244 3010 om.
1259 2974 1303 3009 H
1318 2975 1330 3020 ΙΙ
1349 2973 1445 3009 dixit
1465 2974 1504 3009 F
1521 2976 1532 3020 ΙΙ
1551 2979 1596 3009 22
1623 2976 1788 3019 potestas

82 3018 160 3053 secl.
182 3017 367 3063 Steupius,
393 3029 460 3054 om.
479 3019 765 3064 mythoqraphus
783 3021 795 3063 ΙΙ
814 3023 859 3054 23
885 3019 1050 3056 diuinam
1076 3021 1292 3067 deposuisse
1314 3021 1360 3057 F.
1400 3022 1614 3067 deposuisse
1635 3034 1700 3057 om.
1721 3023 1757 3057 R,
1776 3024 1788 3068 Η

82 3067 127 3100 25
153 3064 286 3112 fuisse]
318 3066 416 3101 unde
441 3068 480 3101 et
504 3067 596 3101 deae
628 3067 802 3101 arborum
836 3078 919 3101 cum
952 3068 1145 3103 arboribus
1177 3069 1310 3103 uiuunt
1342 3070 1380 3103 et
1405 3080 1487 3104 cum
1514 3069 1707 3104 arboribus
1734 3070 1787 3104 di-

83 3114 216 3147 cuntur
239 3113 349 3148 mori:
383 3113 556 3157 quocirca
581 3115 620 3149 et
644 3110 887 3159 ἁμαδρυάδες
913 3117 999 3150 sunt
1023 3117 1236 3161 appellatae
1262 3116 1347 3151 add.
1373 3116 1412 3151 D
1443 3118 1455 3162 ΙΙ
1493 3118 1531 3152 et
1554 3117 1693 3162 rerum]
1728 3130 1787 3151 iuz-

82 3172 223 3198 nvmqvn
248 3160 364 3204 iyitur
388 3162 491 3205 apud
517 3161 718 3206 Veryilium
742 3162 827 3205 leyit
851 3162 1048 3207 interpres,
1073 3174 1149 3199 non
1168 3176 1370 3207 mvvmovE,
1396 3165 1493 3209 quod
1513 3165 1661 3199 Servius
1681 3167 1787 3199 testa-

83 3211 144 3241 tur
162 3207 175 3252 ΙΙ
200 3210 244 3241 26
271 3206 346 3242 dici
370 3208 559 3253 Steupias:
587 3208 709 3244 dicere
737 3208 777 3243 F
