2092 3614
292 228 378 271 632
1067 225 1227 263 SERVII

413 339 511 381 667.
561 348 719 380 PVDOR
744 339 923 392 propter
948 336 1054 379 illud
1078 336 1222 391 (664)
1248 338 1303 378 tu
1335 350 1537 378 currum
1568 334 1774 378 deserto
1805 334 1858 377 in
1889 348 1999 391 gra-

292 411 425 452 mine
457 422 649 452 versas:
681 408 742 450 vel
773 406 953 463 ‘pudor',
983 408 1083 462 quia
1114 408 1160 449 iri
1191 407 1310 450 illum
1341 407 1448 450 oculi
1472 407 1718 460 referuntur.
1809 417 1999 449 INSANIA

293 497 377 537 qua
408 481 454 523 in
484 480 631 523 hostes
657 479 895 521 ferebatur:
927 479 988 522 vel
1012 480 1112 533 quia
1136 479 1234 521 urbs
1259 478 1582 533 oppuyuabatur.
1673 489 1824 520 MIXTO
1849 489 2000 520 LVCTV

293 555 471 608 propter
502 552 685 594 Amatae
718 550 938 607 cognitam
971 546 1166 593 mortem.

247 634 267 666 5
414 623 512 666 668.
563 640 668 666 Auos
704 623 804 676 quia
843 626 1003 666 mussat
1038 622 1231 664 Latinus.
1365 637 1521 664 cozvscm
1558 637 1696 664 vfflws
1730 620 1830 674 quia
1863 620 2003 675 fuyere

287 698 465 749 putatur
495 695 567 749 qui
598 693 782 736 ‘currum
812 694 964 736 deserto
995 694 1043 736 in
1070 693 1260 748 yramirie
1290 691 1456 735 versat'.

414 766 512 809 669.
562 776 810 809 DISOVSSAE
829 777 1021 808 VMBRAE
1047 767 1279 821 postquam
1305 764 1462 807 mentis
1490 764 1630 820 caligo
1652 763 1866 806 discessit:
1892 762 2003 817 quod

296 837 521 893 sequentia
552 837 744 879 indicant
777 836 836 879 ‘et
868 837 939 878 lux
971 836 1138 879 reddita
1170 835 1303 878 menti
1336 835 1429 878 est'.

416 910 515 952 671.
565 919 797 951 TVRBIDVS
830 908 981 964 plenus
1013 907 1368 962 perturbationis.

228 993 270 1024 10
416 981 513 1024 672.
566 998 661 1024 socr
689 998 828 1024 AVTEM
855 997 1031 1023 marmus
1060 980 1148 1022 alia
1171 980 1390 1033 persuasio
1422 992 1471 1021 ex
1502 982 1675 1033 aspectu.

415 1053 513 1095 673.
570 1069 751 1096 VNDABAT
772 1069 922 1095 VERTEX
950 1051 1201 1095 abundabat.
1238 1054 1275 1093 et
1298 1051 1392 1093 bene
1414 1051 1460 1093 iri
1481 1050 1749 1092 translatione
1766 1049 2009 1104 permansit,

296 1127 343 1167 ut
371 1124 558 1166 verticem
588 1124 748 1166 undare
780 1124 947 1166 diceret:
979 1126 1112 1165 vertex
1145 1123 1254 1164 enim
1279 1123 1490 1164 undarum
1515 1122 1678 1173 dicitur,
1709 1123 1756 1163 ut
1781 1119 1897 1175 <VII
1921 1119 2007 1174 31>

296 1195 562 1239 verticibus
591 1195 789 1249 rapidis
819 1198 858 1237 et
888 1194 937 1249 <I
972 1194 1087 1249 117>
1119 1197 1264 1236 vorat
1293 1207 1500 1247 aequore
1531 1195 1707 1235 vertex.

418 1267 516 1309 674.
568 1278 699 1317 QVAM
738 1278 989 1308 EDVXERAT
1022 1277 1124 1308 IPSE
1165 1266 1317 1308 scilicet
1356 1264 1469 1320 quod
1511 1263 1549 1306 ei
1590 1264 1796 1306 maiorem
1836 1262 2011 1305 creabat

234 1350 275 1382 15
302 1339 507 1382 dolorem.
559 1339 741 1393 qraviter
771 1338 880 1380 euim
912 1337 1093 1380 dolemus
1123 1337 1162 1379 si
1183 1337 1323 1391 perire
1352 1337 1562 1378 videamus
1591 1336 1668 1378 illa
1698 1348 1801 1388 quae
1828 1334 2011 1388 fecimus.

301 1408 529 1453 ‘eduxerat'
569 1412 705 1451 autem
743 1410 789 1451 iu
826 1409 958 1451 altum
994 1409 1237 1462 fabricando
1276 1408 1515 1463 sustulerat,
1553 1410 1599 1449 ut
1635 1407 1738 1449 alibi
1771 1405 1862 1460 <VI
1894 1404 2009 1461 630>

301 1481 562 1537 Cyclopum
593 1482 765 1524 educta
796 1481 1020 1542 caminis.

420 1553 519 1596 675.
569 1544 966 1603 SVBDIDERAT'QVE
993 1563 1142 1595 ROTAS
1175 1566 1260 1607 quo
1293 1553 1441 1606 posset
1472 1550 1588 1593 trahi
1622 1549 1675 1592 ad
1707 1564 1757 1592 ea
1782 1549 1888 1600 loca,
1921 1547 2010 1604 qui·

302 1626 381 1668 bus
413 1624 551 1667 hostis
583 1624 789 1666 instabat.

231 1708 277 1740 20
423 1696 521 1739 676.
571 1713 644 1738 miz
674 1712 751 1738 ιΑΜ
778 1712 878 1738 mm
909 1694 1215 1738 Sallustianum
1253 1695 1352 1736 iam
1390 1687 1690 1746 iam'frater
1721 1692 1884 1734 auimo
1914 1704 2012 1733 meo

302 1767 572 1811 carissime.

422 1839 520 1882 678.
570 1856 668 1881 STAT
695 1855 894 1882 coNFERRE
923 1854 1068 1880 MANVM
1096 1854 1254 1880 AENEAE
1269 1837 1417 1891 placet,
1441 1839 1489 1878 ut
1513 1835 1586 1890 <Π
1609 1835 1722 1891 750>
1749 1838 1849 1877 stat
1871 1848 2014 1877 casus

302 1924 541 1954 renovare
560 1910 739 1953 omnis:
760 1910 820 1952 vel
842 1908 952 1952 ‘stat'
974 1912 1126 1952 certum
1145 1912 1212 1951 est.
1277 1919 1503 1958 QVICQVID
1525 1918 1743 1950 AOERBVM
1756 1917 1840 1949 Es'r
1855 1917 2013 1948 MORTE

304 1995 410 2025 PATI
450 1984 526 2024 aut
564 1981 765 2037 quicquid
803 1983 943 2024 morte
984 1980 1186 2023 acerbum
1218 1982 1285 2022 est
1314 1979 1459 2034 placet
1488 1979 1599 2034 pati,
1636 1978 1719 2020 hoc
1751 1979 1816 2019 est
1847 1976 2014 2020 inferna

235 2065 280 2096 ‘25
307 2053 537 2109 supplicia:
571 2053 639 2095 vel
672 2067 780 2108 quae
811 2054 958 2107 potest
990 2051 1201 2107 superbus
1233 2051 1373 2093 hostis
1406 2050 1577 2105 inferre,
1610 2049 1721 2091 sicut
1750 2048 1800 2090 de
1826 2047 2014 2090 Hectore

305 2126 505 2183 legimus:
542 2128 617 2167 aut
649 2126 761 2167 certe
787 2123 999 2179 positivus
1028 2123 1086 2165 sit
1111 2137 1189 2177 pro
1216 2122 1530 2177 comparativo:
1564 2121 1708 2176 placet
1733 2119 1824 2176 pati
1851 2119 1887 2161 si
1914 2118 2014 2174 quid

307 2197 438 2240 etiam
471 2198 609 2239 morte
643 2195 838 2238 acerbius
869 2194 1098 2238 invenitur.
1498 2197 1505 2205 ‘

427 2269 524 2311 680.
574 2279 755 2310 FVRERE
782 2278 904 2309 ANTE
930 2277 1153 2309 FVROREM
1179 2266 1320 2320 figura
1346 2264 1536 2320 antiqua,
1561 2266 1609 2305 ut
1635 2262 1902 2305 ‘servitutem
1929 2276 2015 2304 ser-

308 2339 399 2394 vit',
419 2333 566 2382 Ι’1101613
597 2336 816 2381 ᾶο1016111’.
861 2341 905 2380 et
937 2339 1003 2381 est
1034 2352 1205 2380 sensus:
1238 2336 1330 2378 sine
1362 2351 1430 2378 me
1460 2335 1652 2378 furorem
1685 2333 1890 2376 bellicum
1915 2335 2015 2376 ante

403 2473 449 2504 20
476 2466 764 2513 Sallustianum]
791 2466 870 2512 Iug.
900 2469 954 2510 14,
981 2469 1024 2501 22

405 2591 425 2622 2
453 2587 541 2632 qua]
568 2586 656 2631 quia
681 2585 721 2620 F
742 2586 754 2630 ΙΙ
785 2589 805 2620 3
832 2585 940 2620 hoste
965 2583 1054 2619 RH
1073 2585 1085 2630 ΙΙ
1116 2583 1321 2629 ferebatur]
1348 2582 1532 2618 fremebat
1558 2581 1597 2616 F
1619 2582 1631 2626 ΙΙ
1659 2582 1707 2617 ad
1732 2594 1910 2622 mxroqvss
1934 2594 1958 2617 1.
1984 2594 2014 2617 1..

309 2647 336 2672 s.
363 2647 394 2670 v.
421 2634 460 2669 id
486 2636 544 2669 est
569 2633 657 2679 quia
682 2632 721 2668 in
746 2633 893 2668 hostem
918 2631 1119 2667 ferebatur.
1158 2631 1274 2666 mixto
1306 2632 1434 2666 autem
1465 2629 1568 2664 luctu
1599 2629 1661 2664 uel
1691 2630 1844 2674 propter
1869 2631 2016 2664 amatae

312 2682 499 2728 cognitam
526 2683 686 2717 mortem
711 2680 772 2716 uel
798 2680 886 2724 quia
910 2679 998 2714 urbs
1025 2678 1243 2724 capiebatur
1271 2678 1303 2712 Τ
1320 2679 1331 2724 ΙΙ
1351 2682 1371 2712 5
1398 2678 1521 2713 musat
1540 2677 1580 2711 F
1595 2678 1607 2722 ΙΙ
1626 2677 1675 2712 ad
1701 2686 1850 2712 conscm
1874 2688 1908 2711 v.
1934 2687 1963 2712 s.
1983 2688 2016 2711 v.

311 2729 402 2776 quia
425 2729 554 2774 fugere
578 2729 781 2774 putabatur
803 2727 836 2762 Τ
850 2728 862 2773 ΙΙ
883 2731 902 2762 7
930 2727 1045 2772 quod]
1074 2737 1168 2771 quae
1190 2726 1230 2761 F
1244 2727 1257 2771 ss
1276 2731 1297 2761 8
1323 2724 1491 2760 indicant
1514 2727 1556 2760 ut
1581 2725 1620 2759 et
1642 2724 1750 2769 vulyo
1769 2725 1781 2769 ss
1799 2723 1917 2759 menti
1942 2724 2000 2759 est

312 2776 475 2813 montiae
496 2776 536 2811 F
552 2777 563 2823 ΙΙ
584 2780 626 2811 11
654 2775 942 2811 exhabundabat
960 2773 1001 2808 F
1034 2773 1252 2809 abundabat
1271 2773 1470 2808 Schoellius
1508 2771 1722 2807 exundabat
1741 2771 1981 2806 Gommelinus
2000 2724 2016 2817 111

314 2827 362 2861 ad
387 2837 525 2861 venrux
551 2838 582 2859 Τ.
608 2836 638 2859 ’1.
664 2835 691 2859 s.
718 2834 749 2859 v.
775 2823 869 2858 bene
894 2821 1099 2867 permansit
1122 2821 1161 2856 in
1184 2820 1430 2856 translatione
1456 2821 1498 2855 ut
1525 2846 1532 2855 .
1554 2847 1561 2855 .
1584 2847 1591 2854 .
1619 2818 1760 2863 rapidis
1791 2818 1824 2853 Τ
1855 2819 1868 2863 υ
1906 2822 1948 2853 12
1974 2819 2018 2852 ut

313 2884 380 2909 om.
407 2872 447 2907 F
461 2873 475 2917 ΙΙ
501 2873 628 2907 vertex
653 2898 661 2906 .
683 2898 691 2906 .
714 2899 721 2907 .
749 2869 900 2916 dieitur]
927 2870 1056 2904 uertex
1081 2870 1205 2904 autem
1230 2868 1379 2914 proprie
1405 2867 1585 2902 undarum
1611 2867 1669 2901 est
1696 2866 1729 2900 Τ
1750 2866 1763 2911 ΙΙ
1797 2869 1839 2911 13
1864 2864 2017 2910 rapidus

314 2920 354 2955 F
370 2921 381 2966 ΙΙ
405 2930 522 2954 uorax
547 2929 710 2963 aequora
735 2918 774 2953 F
790 2918 802 2963 ss
835 2920 879 2952 15
904 2916 1064 2962 perirem
1091 2916 1130 2950 F
1146 2918 1158 2962 ΙΙ
1182 2915 1247 2950 1116
1273 2916 1312 2950 F
1329 2917 1340 2961 ΙΙ
1375 2919 1417 2950 16
1443 2915 1492 2950 ad
1517 2925 1700 2949 EDVXERAT
1723 2923 1751 2949 s.
1777 2923 1808 2948 v.
1834 2912 1872 2947 in
1899 2912 2018 2948 altum
2047 2928 2050 2932 Δ

314 2966 532 3003 fabricando
561 2966 762 3001 sustulerat
789 2965 823 3000 Τ
839 2965 851 3011 ΙΙ
870 2963 1017 2999 dixerat
1041 2964 1081 2998 F
1096 2964 1108 3009 ΙΙ
1128 2963 1328 2999 sustelerat
1351 2962 1391 2997 F
1407 2963 1419 3008 ΙΙ
1441 2966 1482 2997 18
1508 2961 1626 3006 possit
1645 2960 1684 2995 F
1699 2962 1711 3006 ΙΙ
1731 2964 1775 2995 20
1801 2960 1909 3006 RATA]
1935 2973 2017 2995 mm—

315 3028 382 3050 'rmz
407 3014 446 3048 F
468 3015 479 3060 ΙΙ
509 3017 553 3048 23
580 3026 751 3054 vaovn)
779 3041 785 3048 .
808 3040 816 3048 .
838 3039 846 3047 .
871 3010 964 3058 pati]
991 3023 1161 3051 QVICQV1D
1188 3022 1350 3046 AcEvaM
1375 3022 1437 3044 Es'r
1462 3021 1591 3044 PLAcm*
1614 3020 1696 3043 PArr
1720 3007 1792 3042 AS
1817 3008 1897 3052 (aut
1920 3021 1954 3047 Q.
1978 3008 2018 3042 in

314 3062 434 3098 morte
461 3061 635 3096 acerbum
662 3071 692 3095 e.
720 3072 755 3105 p.
781 3072 817 3105 p.
844 3061 904 3105 α)Ι
942 3071 1114 3099 vaovn)
1141 3058 1185 3092 H
1201 3059 1212 3105 ΙΙ
1242 3070 1368 3093 Acamn
1395 3057 1444 3092 M
1450 3056 1491 3092 F
1512 3058 1524 3102 ΙΙ
1555 3059 1601 3091 24
1626 3053 1808 3100 quidquid
1834 3054 1921 3089 HF
1937 3055 1949 3101 ΙΙ
1979 3054 2018 3090 111

315 3111 435 3145 morte
456 3107 525 3143 Fa
543 3110 555 3154 ΙΙ
575 3112 619 3143 25
640 3108 752 3154 quae]
779 3107 869 3152 quid
944 3107 956 3152 ΙΙ
975 3106 1172 3152 superbus]
1200 3116 1352 3141 aceruus
1373 3104 1413 3139 F
1428 3105 1441 3149 ΙΙ
1460 3108 1504 3139 26
1529 3102 1704 3149 legimus]
1731 3103 1773 3146 (I
1776 3102 1798 3137 l.
1818 3101 1921 3137 XXII
1935 3104 2017 3147 108)

317 3154 400 3202 ἐμοὶ
427 3153 469 3191 δὲ
495 3152 574 3191 τότ’
603 3151 651 3190 ἂν
677 3153 772 3190 πολὺ
798 3153 948 3200 κέρδιον
975 3154 1033 3197 εἴη
1060 3154 1143 3189 add.
1171 3152 1373 3188 Fabricius
1389 3153 1402 3197 ΙΙ
1421 3156 1466 3187 27
1492 3161 1646 3187 aceruus
1671 3149 1717 3184 H
1749 3149 1918 3185 aeeruins
1943 3149 1984 3184 F
2004 3149 2016 3195 Η

318 3208 362 3240 29
383 3204 461 3240 sine
481 3214 540 3239 me
562 3231 568 3239 .
586 3232 593 3240 .
610 3231 616 3239 .
637 3201 801 3249 veniam]
824 3213 851 3238 s.
868 3214 914 3240 m.
928 3201 953 3237 f.
967 3200 1002 3236 b.
1023 3202 1147 3236 autem
1168 3201 1270 3247 (ante
1288 3200 1326 3245 a)
1345 3199 1467 3234 furere
1487 3197 1663 3245 (furorem
1677 3197 1720 3242 S)
1741 3196 1887 3232 scilicet
1905 3207 2018 3242 quam
