2092 3614
262 1006 305 1037 10

260 1364 303 1395 15

257 1723 303 1754 20

255 2080 300 2111 25

334 243 420 285 302
1106 243 1267 280 SERVII

332 367 434 394 nam
464 367 551 395 non
584 352 689 395 dicit
719 367 765 394 re
796 367 897 395 vera
928 351 1096 396 ‘nova'.
1146 351 1267 409 (non)
1301 353 1428 396 ‘nova
1452 354 1588 411 arva’‚
1609 357 1690 398 ,sed
1718 356 1844 399 enova
1875 357 2036 400 caede':

331 424 541 466 Homerus
573 424 835 479 ἐρυθαίνετο
869 421 910 467 δ’
946 425 1096 480 αἵματι
1127 432 1242 479 γαῖα.
1291 427 1362 468 sed
1389 440 1473 468 non
1502 430 1561 469 est
1589 427 1661 470 hoc
1692 427 1960 471 ‘rubescunt'.

453 496 550 539 696.
599 508 770 539 PATRIO
802 507 956 539 VOOAT
984 508 1167 539 AGMINA
1192 508 1350 540 s1srno
1383 496 1616 553 Cleopatra
1647 499 1731 541 sibi
1762 502 1933 541 tantum
1965 499 2036 542 ad—

333 569 594 623 sumpserat,
627 571 674 610 ut
705 583 751 610 se
781 567 873 610 Isin
904 569 1036 611 vellet
1066 568 1214 611 videri.
1240 568 1346 610 ⁴Isis
1378 572 1523 611 autem
1555 572 1621 612 est
1652 571 1804 626 genius
1831 570 2038 628 Aegypti,

334 639 407 693 qui
439 653 516 693 per
548 639 667 681 sistri
698 641 883 695 motum,
915 639 1028 695 quod
1060 640 1172 695 gerit
1203 640 1248 683 in
1281 640 1448 696 dextra,
1479 639 1573 684 Nili
1605 656 1802 684 accessus
1828 657 2037 685 recessus—

333 725 414 765 que
455 710 689 766 significat:
733 725 810 766 per
848 711 1042 766 situlam,
1086 726 1216 766 quam
1256 712 1432 764 sinistra
1469 727 1598 755 manu
1635 714 1811 768 retinet,
1849 714 2039 757 ostendit

332 782 553 824 fluentiam
592 782 784 824 omnium
821 783 1085 825 lacunarum.
1146 783 1230 825 Isis
1263 786 1407 825 autem
1445 784 1595 840 lingua
1628 783 1939 841 Aegyptiorum
1971 788 2038 828 est

330 855 463 907 terra,
495 868 624 909 quam
656 854 747 896 Isin
779 854 931 896 volunt
962 868 1067 896 esse.
1127 854 1235 897 hanc
1265 855 1372 897 Isim
1403 859 1440 897 et
1469 856 1575 898 alios
1604 857 1696 899 deos
1725 858 1813 899 ideo
1844 857 2038 911 Aeyyptii

330 925 482 976 colunt,
513 926 613 979 quia
643 926 736 967 deos
764 939 874 980 reyes
902 925 1090 968 habuisse
1119 927 1334 976 dicuntum
1365 940 1458 981 eryo
1490 928 1535 969 in
1566 927 1824 981 obprobrium
1853 928 2036 971 Aleman-

329 996 447 1038 drini
489 997 687 1039 exereitus
721 1011 802 1050 pro
845 997 1011 1039 classico
1053 997 1224 1040 sistrum
1263 999 1411 1051 posuit.
1471 999 1580 1052 quod
1620 1002 1755 1041 autem
1797 1000 1860 1042 ait
1901 999 2040 1042 ‘vocat

330 1060 533 1121 aymina'‚
563 1067 636 1110 hoe
665 1071 724 1110 est
752 1068 860 1121 quod
887 1069 1076 1123 superius
1105 1069 1259 1110 dietum
1289 1072 1348 1111 est
1374 1069 1519 1123 <678>
1551 1073 1589 1112 et
1613 1071 1825 1124 Auyustus
1854 1071 1901 1112 in
1931 1085 2036 1113 com—

329 1139 619 1181 memoratione
642 1140 749 1181 vitae
771 1153 870 1181 suae
893 1139 1032 1194 refert,
1056 1139 1332 1182 Antonium
1361 1141 1569 1183 iussisse
1599 1144 1651 1183 ut
1680 1141 1892 1195 leyiones
1922 1156 2038 1184 suae

328 1210 461 1262 apud
490 1208 802 1264 Cleopatram
839 1210 1135 1253 excubarent
1168 1212 1367 1265 eiusque
1397 1215 1521 1254 nutu
1550 1215 1595 1254 et
1623 1213 1763 1255 iussu
1786 1216 2037 1267 parerent.

328 1280 423 1322 bene
452 1295 544 1335 erqo
576 1280 711 1324 ‘vocat
739 1281 930 1336 aymina'
962 1285 1070 1336 quae
1094 1283 1260 1337 siquam
1290 1283 1424 1326 dabat.

450 1353 548 1396 697.
598 1365 629 1395 A
653 1365 809 1397 runco
836 1365 1048 1397 ansmcrr
1075 1365 1258 1397 ANGVEs
1283 1354 1366 1397 hoc
1392 1357 1476 1410 est,
1507 1355 1697 1397 nondum
1723 1355 1900 1398 videbat
1924 1371 2036 1398 mor-

329 1427 418 1466 tem
455 1425 659 1467 futuram.
722 1426 902 1468 traditur
931 1426 1041 1468 enim
1077 1440 1128 1468 ne
1164 1426 1222 1468 ad
1251 1425 1505 1480 triumphum
1535 1426 1718 1480 Auyusti
1753 1431 2036 1482 reservaretur,

328 1496 495 1538 admota
518 1496 599 1539 sibi
623 1497 765 1550 aspide
788 1497 985 1550 defecisse.
1037 1500 1122 1539 tum
1154 1496 1377 1552 ‘yeminos',
1408 1511 1499 1539 eum
1529 1512 1660 1540 unum
1690 1499 1770 1540 sibi
1799 1499 2035 1540 admoverit.

448 1568 546 1611 698.
596 1580 729 1611 DEVM
760 1579 979 1611 MONSTRA
1016 1568 1112 1610 ideo
1147 1567 1385 1610 emonstra'
1419 1568 1543 1624 dixit,
1585 1570 1685 1624 quia
1723 1569 1802 1611 sub
1835 1569 2034 1625 Augusto

328 1639 508 1681 necdum
535 1639 720 1681 Romani
746 1639 964 1695 Aegyptia
997 1654 1120 1682 sacra
1149 1643 1440 1695 susceperant.
1488 1644 1526 1682 et
1555 1641 1795 1683 admittebat
1823 1641 1932 1683 locus
1954 1655 2035 1695 pro

330 1710 449 1752 laude
466 1710 648 1765 Auyusti
671 1711 833 1765 aliquid
855 1711 980 1753 etiam
994 1712 1053 1753 'in
1076 1712 1168 1754 deos
1192 1712 1471 1754 inclementius
1495 1713 1586 1754 diei.
1636 1713 1767 1755 Varro
1794 1713 2036 1767 indiynatur

326 1782 637 1826 Alexandrinos
666 1785 759 1826 deos
789 1783 946 1826 Romae
975 1783 1064 1825 coli.
1184 1795 1434 1826 LATRATOR
1463 1795 1630 1826 ANVBIS
1664 1784 1763 1839 quia
1795 1784 1934 1838 capite
1966 1799 2034 1826 ca-

326 1853 431 1896 nino
463 1854 676 1911 pingitur,
707 1855 822 1897 hunc
848 1855 1002 1898 volunt
1027 1869 1119 1897 esse
1146 1854 1424 1910 Mercurium,
1457 1855 1552 1897 ideo
1579 1855 1678 1910 quia
1702 1855 1811 1897 nihil
1837 1858 1903 1897 est
1928 1869 2034 1897 cane

328 1926 539 1981 sagacius.
589 1926 688 1969 bello
718 1930 854 1968 autem
887 1926 1115 1981 quantum
1139 1927 1282 1980 plures
1311 1928 1405 1969 deos
1431 1927 1620 1979 ferarum
1648 1926 1808 1979 formas
1838 1928 2035 1981 accepisse

326 1998 518 2040 traditur.

446 2069 544 2111 699.
595 2080 781 2112 CONTRA
824 2081 1080 2112 NEPTVNVM
1112 2069 1362 2112 Homerum
1407 2069 1618 2124 sequitur,
1668 2069 1742 2124 qui
1785 2069 1885 2111 deos
1929 2069 2034 2111 dicit

327 2142 476 2183 contra
508 2155 554 2183 se
585 2156 664 2197 pro
697 2142 880 2184 diversis
912 2142 1110 2198 partibus
1142 2141 1301 2183 habere
1330 2144 1558 2183 certamen.
1608 2143 1646 2182 et
1668 2141 1848 2194 quidam*
1865 2140 2034 2183 latenter

421 2260 441 2292 2
468 2256 667 2305 Homerus]
694 2258 734 2294 Il.
755 2258 788 2293 X
807 2262 877 2295 484
896 2261 908 2306 ss
927 2263 949 2294 4
973 2259 1042 2294 Isis
1065 2259 1189 2294 autem
1211 2287 1218 2295 .
1235 2286 1242 2293 .
1261 2287 1267 2293 .
1288 2258 1420 2294 volunt
1444 2257 1540 2304 esse]
1569 2268 1682 2292 exscr.
1708 2257 1893 2303 mythogr.
1914 2256 1947 2291 II
1967 2261 2030 2300 9ος

325 2303 378 2338 III
404 2309 435 2349 7,
462 2307 515 2351 411
540 2309 583 2341 21
611 2307 700 2350 quia
725 2335 732 2342 .
755 2335 763 2342 .
785 2334 792 2341 .
819 2306 1008 2353 sagacius]
1034 2317 1148 2342 exscr.
1175 2305 1359 2351 mythogr.
1386 2305 1420 2339 ΙΙ
1447 2309 1490 2340 42
1511 2306 1523 2352 ΙΙ
1551 2309 1596 2340 26
1622 2306 1661 2340 et
1685 2304 1836 2350 quidam
1864 2315 1893 2339 e.
1921 2316 1956 2349 q.
1983 2304 2028 2350 s.]

326 2351 371 2387 cf.
398 2351 484 2389 Isid.
511 2363 562 2390 or.
588 2352 658 2388 XII
684 2358 718 2399 6,
744 2358 806 2399 34;
833 2355 924 2390 Don.
951 2354 1000 2390 ad
1025 2353 1108 2390 Ter.
1134 2354 1248 2389 Andr.
1275 2353 1325 2389 IV
1351 2357 1384 2399 3,
1411 2357 1473 2397 24;
1501 2363 1632 2388 00111111.
1659 2351 1746 2388 Luc.
1771 2351 1823 2387 VI
1850 2356 1917 2388 675

424 2465 440 2494 1
468 2471 555 2495 nam
579 2472 654 2496 non
673 2461 746 2497 Rl:
771 2473 860 2497 nam
879 2461 1045 2497 ASLH
1048 2461 1098 2496 M
1132 2472 1228 2496 anon
1254 2460 1296 2495 F
1328 2471 1404 2495 non
1423 2471 1446 2494 a
1465 2461 1477 2506 ss
1502 2459 1614 2506 nova]
1640 2470 1739 2494 naua
1762 2459 1808 2495 F.
1847 2470 1932 2494 cum
1956 2458 2032 2494 alia

325 2506 464 2542 fuerint
488 2507 590 2543 bella
615 2508 742 2545 civilia
768 2511 805 2544 et
830 2509 962 2545 caedes
995 2508 1093 2544 aliae
1124 2508 1163 2543 in
1194 2507 1286 2553 ipsis
1311 2509 1396 2544 add.
1423 2507 1624 2543 Fabricius
1660 2507 1672 2552 ΙΙ
1708 2518 1783 2542 11011
1812 2517 1913 2542 noua
1942 2517 2032 2541 arva

324 2555 473 2599 scripsi:
499 2567 598 2590 noua
623 2567 714 2591 arua
733 2556 779 2601 G,
804 2568 904 2592 noua
929 2568 995 2592 om.
1017 2556 1058 2591 F
1073 2559 1084 2603 ss
1104 2557 1170 2591 sed
1195 2567 1293 2591 nova
1314 2584 1320 2591 .
1338 2583 1368 2592 ..
1390 2559 1480 2600 γαῖα
1505 2565 1569 2591 om.
1594 2554 1627 2589 G
1646 2555 1658 2601 ss
1676 2555 1800 2589 malim
1825 2554 1890 2588 sed
1918 2553 2031 2588 ‘noua
2075 2577 2080 2581 -

326 2602 439 2637 caede
459 2598 673 2638 r'ubescunt'
696 2605 707 2650 ΙΙ
726 2608 746 2638 2
768 2614 1218 2640 eprrrareommnarnrma
1236 2602 1303 2649 Fu
1323 2602 1388 2638 sed
1411 2603 1483 2638 hoc
1509 2603 1566 2637 est
1589 2613 1688 2637 nunc
1712 2602 1912 2636 rubescunt
1936 2601 2029 2636 coni.

325 2649 577 2686 Burmannus
618 2651 682 2686 sed
703 2680 710 2687 .
727 2680 735 2687 .
753 2679 759 2686 .
779 2651 981 2687 rubescunt
998 2652 1216 2687 secludenda
1234 2651 1404 2686 videntur
1423 2651 1434 2696 ΙΙ
1454 2654 1475 2684 6
1501 2660 1567 2694 per
1592 2648 1776 2684 sistollam
1796 2648 1841 2683 H
1862 2648 2031 2693 (alterum

323 2709 339 2731 s
360 2698 437 2734 ead.
456 2708 554 2733 man.
574 2698 656 2738 del.)
681 2709 748 2743 per
767 2698 928 2738 sitellam
950 2698 991 2733 F
1005 2700 1018 2744 ΙΙ
1047 2703 1066 2734 7
1088 2698 1329 2734 adfluentiam
1349 2697 1389 2732 F
1405 2698 1416 2743 ΙΙ
1435 2697 1668 2742 lacunarum]
1690 2696 1926 2731 lacrimarum
1946 2695 2028 2732 AS.

322 2744 346 2779 i.
373 2756 404 2780 e.
436 2745 619 2781 fossarum
651 2745 690 2780 in
721 2757 813 2790 quas
843 2746 941 2780 nilus
978 2747 1156 2791 stagnans
1187 2745 1439 2790 recipiebatur
1470 2745 1555 2780 add.
1582 2744 1621 2789 D
1664 2745 1676 2789 ΙΙ
1717 2743 1800 2788 Ι818]
1833 2743 1891 2778 Sis
1917 2742 1990 2778 AS
2024 2742 2027 2787 Α

324 2795 345 2826 8
365 2793 466 2827 terra
484 2803 550 2829 om.
564 2793 601 2828 A
627 2794 631 2839 Ι
650 2793 724 2828 alio
745 2793 785 2827 F
802 2794 906 2838 (corr.
921 2792 1074 2838 Daniel)
1093 2795 1105 2839 ΙΙ
1125 2793 1278 2839 aegypti
1299 2793 1338 2828 F
1368 2791 1524 2837 aegiptii
1545 2790 1578 2826 G
1596 2793 1608 2836 ΙΙ
1628 2795 1648 2827 9
1670 2790 1760 2836 quia
1803 2803 1838 2836 q:
1858 2789 1899 2825 F
1921 2793 1946 2833 ᾇ
1965 2789 1998 2824 G

326 2843 369 2874 10
395 2839 567 2875 sistorum
650 2842 662 2887 ΙΙ
692 2844 734 2876 12
761 2840 909 2886 legione
937 2840 970 2875 G
988 2842 1001 2885 ΙΙ
1025 2852 1109 2876 suas
1134 2841 1173 2875 F
1196 2844 1208 2883 ΙΙ
1238 2844 1281 2875 13
1309 2839 1544 2885 Cleopatram
1570 2839 1724 2874 Daniel:
1777 2838 1965 2873 ecoratum

323 2886 541 2923 decoratum
570 2887 605 2923 G
623 2890 634 2935 ΙΙ
654 2888 879 2924 excuberant
904 2887 944 2922 F
959 2889 971 2934 {l
989 2888 1109 2922 iussus
1134 2887 1175 2923 F
1189 2890 1202 2933 ΙΙ
1223 2891 1266 2923 16
1291 2887 1485 2923 triumfum
1510 2886 1550 2921 F
1565 2887 1577 2932 ΙΙ
1596 2884 1925 2938 aeseruaretunF,
1951 2894 2027 2919 eor-

322 2935 412 2970 reaei.
440 2935 701 2971 adservat-etur
725 2936 864 2971 Daniel
893 2936 904 2981 ΙΙ
937 2939 980 2970 17
1008 2936 1160 2971 admota
1184 2935 1444 2970 Burmannus:
1470 2934 1622 2969 admoto
1647 2932 1687 2967 F
1712 2934 1724 2977 ΙΙ
1755 2931 2028 2967 defeclsse:tum

323 2982 477 3018 Daniel:
504 2982 701 3019 defecisset
726 2995 809 3018 cum
836 2982 876 3018 F
892 2984 903 3029 ΙΙ
923 2983 972 3018 ad
996 2995 1147 3018 summos
1173 2995 1206 3018 A.
1227 2996 1259 3018 τ.
1279 2995 1311 3019 n.
1332 2995 1365 3018 A.
1391 2992 1491 3026 supr.
1512 2992 1599 3015 vers.
1624 2979 1807 3031 pluralem
1832 2989 2027 3013 numerum

322 3029 450 3075 posuit
473 3041 541 3076 pro
568 3030 750 3076 singulari
770 3030 859 3076 quia
877 3041 990 3065 unum
1009 3041 1083 3065 non
1104 3030 1195 3065 duos
1214 3030 1285 3065 sibi
1304 3027 1473 3064 admouit
1494 3028 1528 3062 T
1543 3028 1556 3072 ΙΙ
1575 3026 1786 3062 admouent
1804 3025 2027 3061 Masvicius:

324 3076 587 3114 admoueretur
606 3078 653 3114 F.
695 3090 778 3114 cum
802 3090 896 3114 unus
921 3076 993 3112 sibi
1018 3077 1280 3112 admoueretur
1299 3077 1397 3111 Lion
1415 3077 1427 3121 u
1448 3077 1491 3111 18
1517 3075 1566 3110 ad
1590 3085 1749 3109 nossrm
1769 3087 1800 3108 a.
1820 3086 1851 3108 L.
1871 3085 1904 3108 A.
1924 3084 2025 3118 supr.

322 3136 411 3162 vers.
437 3125 664 3161 admittebat
693 3126 796 3162 locus
827 3137 894 3172 pro
928 3124 1040 3160 laude
1072 3124 1222 3170 augusti
1254 3123 1396 3168 aliquid
1427 3123 1466 3157 in
1498 3121 1586 3156 deos
1617 3120 1877 3156 inclementius
1903 3120 2025 3155 dicere

323 3177 361 3210 et
384 3175 469 3210 ideo
495 3174 687 3219 uituperat
711 3185 815 3209 sacra
839 3184 935 3219 quae
961 3172 1094 3218 postea
1116 3172 1358 3216 susceperunt
1380 3169 1525 3205 romani
1553 3169 1586 3203 T
1612 3170 1624 3215 ΙΙ
1657 3172 1700 3203 19
1727 3168 1927 3203 atmitebat
1951 3167 1992 3202 F
2013 3167 2025 3214 ΙΙ

323 3227 369 3257 20
394 3221 644 3258 inclimentius
672 3220 712 3255 F
726 3222 739 3267 ΙΙ
758 3220 850 3267 (1101]
877 3219 951 3255 cidi
977 3219 1018 3255 F
1032 3221 1044 3266 11
1069 3223 1111 3254 21
1140 3219 1227 3263 0011]
1254 3218 1326 3253 1100
1353 3216 1393 3252 F
1408 3219 1421 3263 ΙΙ
1449 3220 1494 3250 ‘23
1521 3215 1700 3252 serrarum
1727 3215 1768 3250 F
