2092 3614
512 257 661 294 COMM.
689 256 743 293 1N
768 255 912 293 VERG.
939 255 1048 292 AEN.
1077 255 1127 290 IX
1155 259 1353 292 110—131.
1702 253 1786 296 321

200 366 295 408 123.
341 378 649 417 REvocATQVE
671 378 831 409 PEDEM
851 376 1100 413 TIBERINVS
1121 376 1181 407 AB
1202 376 1328 407 ALro
1354 379 1467 407 nunc
1492 364 1636 419 ipsum
1662 363 1788 406 deum

76 423 434 481 territumfflxit:
471 453 619 494 supra,
650 438 785 481 undas
817 437 949 480 fuisse
981 436 1235 492 perterritas
1269 439 1312 478 et
1343 436 1390 478 in
1422 451 1466 478 se
1498 451 1729 491 repressas.

200 509 296 552 124.
345 527 497 553 mmor
526 527 651 554 wfflvo
682 523 764 553 ecee
792 510 864 552 nbi
894 509 1112 563 confirmat
1135 507 1351 562 epitheton,
1382 508 1490 561 qnool
1516 508 1658 551 Turno
1686 522 1787 551 seon·

70 594 147 635 per
177 581 349 637 inponit.
410 585 449 623 et
476 581 550 624 hoe
580 582 708 625 colore
735 581 926 635 futuram
957 581 1184 623 orationem
1215 580 1395 622 ostendit.

199 652 294 695 125.
343 665 518 696 AN1Mos
553 665 722 696 TOLLIT
755 664 910 696 mc'rls
949 652 1356 709 magnanimitatem
1396 666 1534 707 suam,
1574 653 1674 706 qnia
1704 653 1791 706 ipse

76 738 160 766 non
191 727 408 781 terreatur,
451 725 689 781 conprobat
720 725 859 769 dictis.
923 724 1012 767 tale
1045 726 1111 767 est
1142 727 1180 766 et
1209 723 1317 765 illud
1349 738 1371 766 e
1404 724 1619 766 contrario
1652 723 1790 779 <VIII

77 796 193 851 223>
237 796 607 852 turbatumque
653 796 832 839 0611118.
884 799 1020 851 potest
1062 799 1198 838 tamen
1241 796 1390 851 accipi,
1439 809 1580 838 eorum
1628 795 1791 837 animos

78 868 198 923 tollit,
229 868 302 922 qni
331 871 451 910 erant
481 869 635 911 territi:
667 871 706 910 et
733 867 829 910 hinc
861 866 1098 922 ‘increpat'.

198 939 294 982 126.
345 950 580 983 TROIANOS
606 952 730 983 HAEC
755 951 976 983 MONSTRA
1002 951 1189 982 PETVNT
1221 939 1269 981 id
1291 942 1349 982 est
1373 940 1601 995 appetunt,
1631 938 1703 980 hoe
1734 941 1793 981 est

76 1012 133 1053 aol
164 1011 442 1053 Troianorum
471 1012 654 1066 pertinet
681 1013 899 1067 darnnmn,
942 1013 990 1054 ut
1022 1010 1072 1067 <Ι
1106 1011 1220 1066 717>
1252 1011 1487 1067 reginam
1524 1009 1670 1066 petit.

77 1094 298 1125 IVPPITER
334 1094 436 1125 IPSE
482 1083 647 1126 scilicet
688 1083 762 1140 qui
800 1083 1000 1126 omnibus
1041 1084 1262 1138 praestare
1307 1082 1548 1125 consuevit:
1591 1081 1703 1124 unde
1747 1084 1790 1123 et

76 1153 270 1209 Iuppiter
301 1154 438 1197 dictus
472 1157 554 1211 est,
586 1155 711 1211 quasi
735 1155 887 1198 iuvans
913 1156 1050 1210 pater.
1094 1168 1198 1211 ergo
1224 1153 1449 1196 ‘auxilium
1477 1152 1670 1196 solitum'
1700 1167 1790 1195 11011

78 1225 189 1267 circa
222 1225 434 1269 Troianos
467 1227 720 1283 accipimus,
760 1226 835 1269 sed
868 1226 981 1282 quod
1012 1226 1106 1281 ipse
1138 1226 1327 1268 omnibus
1356 1227 1579 1281 praestare
1610 1240 1789 1268 consue—

76 1297 150 1339 vit.
210 1298 288 1340 alii
319 1296 550 1341 ‘auoeilimn
579 1297 767 1341 solitnm'
798 1298 1006 1341 aiioeilimn
1034 1298 1159 1352 fnyae
1190 1298 1407 1351 accipiunt.

199 1369 293 1411 127.
343 1380 439 1413 NON
472 1381 597 1412 TELA
628 1381 783 1421 NEQVE
814 1380 953 1412 IGNEs
991 1379 1296 1412 EXSPEOTANT
1334 1379 1548 1412 Rv'rvnos
1591 1383 1681 1411 non
1720 1383 1789 1412 ex-

76 1443 254 1496 pectant
291 1435 467 1484 Troiani
504 1444 554 1484 ut
591 1441 861 1485 Rutulorum·
889 1441 990 1484 telis
1029 1443 1104 1484 aut
1141 1440 1316 1497 ignibus
1354 1442 1550 1496 pereant,
1592 1441 1665 1496 qui
1701 1440 1789 1483 iam

76 1513 250 1556 navium
283 1513 514 1556 amissione
547 1514 778 1569 perierunt.

201 1585 297 1627 128.
347 1596 493 1627 MARIA
524 1596 653 1628 1NV1A
685 1596 879 1629 TEVCRIS
919 1585 1038 1628 color
1071 1572 1160 1627 ¹est:
1197 1598 1299 1626 nam
1336 1599 1427 1627 rem
1466 1599 1595 1640 quam
1633 1599 1712 1639 pro
1745 1598 1790 1626 se

77 1655 256 1700 Troiani
286 1656 518 1713 putabant,
550 1657 596 1699 in
628 1657 892 1700 contrarium
918 1657 1067 1712 vertit,
1098 1656 1244 1699 dicens
1270 1656 1564 1712 navigationis
1591 1658 1634 1698 et
1659 1656 1790 1712 fugae

79 1728 286 1770 auxilium
323 1728 559 1783 perdidisse
598 1728 827 1784 Troianos,
868 1743 975 1784 quos
1014 1730 1186 1771 constat
1222 1743 1301 1784 pro
1338 1727 1548 1770 felicitate
1586 1727 1790 1770 habuisse

77 1800 370 1856 navigationis
402 1800 540 1842 vitare
573 1799 832 1843 discrimina.

200 1871 294 1914 129.
345 1889 483 1915 RERVM
506 1889 604 1915 PARS
626 1889 778 1915 ALTERA
802 1889 985 1915 ADEMPTA
1015 1872 1062 1914 id
1090 1875 1149 1915 est
1176 1875 1354 1915 naturae
1377 1885 1529 1914 rernm.
1628 1883 1788 1914 RERVM

78 1954 193 1986 PARS
219 1954 405 1985 ALTERA
430 1955 620 1986 DEMPTA
645 1943 860 1986 humanae
887 1943 1000 1986 6111111
1025 1945 1208 1986 naturae
1235 1943 1319 1986 duo
1347 1943 1560 1986 elementa
1585 1957 1790 1986 concessa

79 2017 199 2070 sunt,
234 2029 352 2057 mare
385 2017 429 2057 et
458 2017 587 2058 terra.

202 2086 299 2129 131.
348 2098 428 2129 NIL
459 2099 524 2128 ME
556 2098 756 2129 FATALIA
789 2099 1008 2130 TERRENT
1039 2086 1149 2130 nihil
1170 2101 1252 2142 pro
1284 2086 1422 2130 ‘non'.
1477 2090 1516 2129 et
1543 2086 1689 2129 tacitis
1722 2101 1789 2128 oc-

78 2158 214 2200 currit
241 2158 582 2214 quaestionibus,
608 2158 770 2201 dicens:
805 2159 841 2201 si
866 2158 1061 2202 fataliter
1087 2173 1133 2202 se
1159 2159 1213 2202 ad
1239 2158 1412 2201 Itali-am
1437 2158 1607 2201 venisse
1631 2158 1789 2215 dicunt,

48 2240 52 2243 ·
78 2229 164 2271 iam
190 2231 418 2285 venerunt,
450 2231 666 2285 completa
692 2232 792 2273 sunt
815 2230 919 2273 fata.
969 2233 1013 2274 et
1038 2231 1189 2273 callide
1216 2230 1354 2273 tacuit
1378 2229 1493 2286 quod
1518 2232 1611 2272 erat
1635 2230 1788 2272 fatale:

78 2301 254 2344 Troiani
286 2301 400 2344 enim
433 2301 634 2344 dicebant
665 2302 820 2345 Italiac
853 2302 937 2345 sibi
973 2315 1107 2358 regna
1144 2302 1301 2345 deberi.
1363 2304 1408 2344 61,
1446 2304 1511 2344 est
1549 2301 1788 2344 oratorium

79 2373 352 2428 quaestiones
390 2373 454 2416 ita
491 2388 752 2430 proponere,
792 2375 840 2416 ut
876 2373 1005 2416 facile
1045 2373 1273 2417 solutionis
1307 2374 1544 2416 sortiantur
1575 2376 1788 2416 eventum.

176 2505 218 2536 11
246 2501 389 2538 scilicet
415 2531 422 2538 .
445 2530 452 2538 .
474 2530 482 2538 .
507 2502 638 2538 iuvans
665 2503 787 2549 pater]
816 2502 861 2539 cf.
889 2503 984 2539 Gell.
1010 2502 1044 2538 V
1072 2507 1127 2548 12,
1154 2507 1193 2547 43
1225 2503 1310 2539 Isid.
1337 2514 1388 2538 or.
1416 2503 1503 2538 VIII
1531 2506 1586 2549 11,
1612 2506 1657 2537 34
1693 2504 1706 2547 ΙΙ
1743 2506 1811 2537 25⁸«

80 2548 186 2584 Nihil
210 2561 277 2595 pro
303 2549 393 2596 non]
420 2549 465 2585 cf.
492 2550 584 2587 Don.
612 2551 660 2585 ad
686 2550 768 2586 Ter.
795 2551 887 2586 Eun.
915 2551 965 2586 IV
992 2554 1026 2596 ὃ,
1053 2556 1074 2587 9

176 2672 194 2702 1
223 2668 272 2703 aol
291 2679 522 2708 nEvocAerE
541 2682 571 2704 P.
591 2680 692 2714 supr.
712 2680 802 2705 vers.
829 2680 911 2704 cum
933 2669 1082 2714 proprie
1103 2669 1351 2706 animantium
1377 2669 1428 2705 811,
1452 2680 1628 2705 reuocare
1656 2669 1789 2715 pedem

79 2715 286 2751 notandum
319 2717 376 2751 est
407 2716 507 2761 quod
531 2727 597 2751 sua
621 2716 845 2752 auctoritate
871 2716 1069 2752 fluuiorum
1093 2728 1204 2763 posse
1230 2717 1305 2753 dici
1331 2718 1498 2753 ostendit
1521 2716 1694 2763 uirgilius
1726 2717 1759 2751 T
1777 2717 1789 2763 Η

80 2762 190 2798 (1611111
215 2762 404 2810 territum]
430 2762 547 2798 tieum
574 2764 709 2799 eritnm
735 2764 776 2799 F
802 2765 814 2808 ΙΙ
846 2768 867 2799 2
894 2765 1022 2811 supra]
1049 2765 1094 2808 cf.
1122 2764 1208 2800 VIII
1233 2769 1303 2800 240
1329 2766 1342 2810 [Ι
1373 2769 1395 2800 4
1422 2767 1461 2800 et
1485 2765 1557 2801 hoc
1582 2765 1665 2800 loco
1691 2764 1788 2799 refu-

79 2811 201 2846 turam
227 2810 277 2855 F,
301 2821 393 2847 corr.
421 2810 662 2846 Commelinus
691 2812 703 2858 11
740 2815 761 2846 6
787 2811 930 2846 dictum
955 2811 991 2846 R
1022 2812 1034 2858 ΙΙ
1065 2811 1111 2848 (16
1137 2813 1322 2848 contrario
1349 2812 1472 2848 ASF
1505 2814 1516 2859 ΙΙ
1555 2816 1574 2847 7
1601 2813 1651 2848 aol
1676 2825 1788 2848 vmno

79 2869 210 2893 Aunios
237 2872 268 2893 T.
294 2869 395 2904 supr.
421 2869 511 2894 vers.
536 2860 661 2904 potest
691 2858 811 2904 accipi
843 2858 943 2904 quod
975 2870 1103 2895 eorum
1134 2860 1288 2896 attollat
1319 2860 1463 2896 animos
1491 2859 1556 2904 qui
1582 2862 1689 2895 erant
1712 2861 1787 2894 ter-

78 2904 143 2941 riti
171 2906 205 2941 T
221 2907 233 2952 ΙΙ
252 2910 273 2942 8
299 2906 386 2942 111116
411 2906 566 2942 Daniel:
592 2906 649 2941 ins
676 2905 718 2941 F
731 2906 744 2951 ll
763 2910 784 2941 9
811 2907 1010 2953 appetunt]
1038 2908 1168 2943 contra.
1192 2908 1359 2944 troianos
1384 2919 1485 2952 supr.
1511 2919 1600 2943 vers.
1627 2908 1712 2944 add.
1740 2908 1753 2942 l
1777 2907 1789 2954 ΙΙ

80 2953 151 2988 1106
180 2956 237 2989 681,
263 2981 271 2989 .
294 2983 300 2990 .
324 2982 331 2989 .
358 2954 535 2989 damnum
560 2965 635 2990 non
660 2954 862 2989 debuerunt
887 2965 968 2989 eum
993 2954 1184 2991 Servianis
1209 2956 1385 3002 ooninnyi
1421 2956 1433 3001 ΙΙ
1478 2959 1521 2990 10
1552 2956 1595 2990 111,
1619 2955 1785 3001 reginam

80 3000 177 3044 petit
201 3011 268 3036 om.
294 3001 349 3045 F,
384 3001 554 3048 reginam
586 3001 684 3047 petit
709 3005 795 3046 post
826 3001 1008 3047 adpetunt
1031 3003 1113 3038 hab.
1141 3002 1175 3038 G
1211 3004 1223 3049 ΙΙ
1262 3007 1305 3038 13
1331 3002 1432 3048 quod
1457 3013 1523 3038 om.
1549 3003 1583 3037 L
1619 3004 1631 3050 ΙΙ
1670 3007 1714 3037 14
1739 3003 1788 3037 acl

80 3059 251 3085 AVXILIVM
276 3061 304 3084 8.
330 3059 431 3094 supr.
451 3060 539 3085 vers.
568 3048 720 3094 quidam
746 3048 973 3095 intellegunt
998 3050 1177 3085 auxilium
1204 3050 1356 3086 solitum
1383 3050 1561 3085 auxilium
1587 3050 1700 3095 fugae
1724 3050 1758 3084 T
1786 3050 1788 3096 1

1815 661 1836 692 5

1818 1019 1861 1050 10

1817 1378 1860 1410 15

1816 1738 1862 1769 20

83 3098 126 3129 16
151 3095 299 3140 ignibus
325 3098 392 3132 aut
409 3096 496 3132 telis
516 3096 557 3131 F
572 3098 584 3143 ss
603 3096 693 3141 quia
711 3097 863 3131 nauium
883 3096 917 3131 L
936 3097 1042 3142 (corr.
1063 3098 1088 3141 l)
1107 3099 1119 3143 ΙΙ
1141 3101 1182 3133 17
1209 3098 1402 3143 perierunt
1419 3109 1486 3133 om.
1507 3097 1595 3132 LH
1612 3098 1710 3143 (add.
1731 3098 1756 3141 l)
1785 3098 1787 3141 1
1824 3135 1829 3141 ,

81 3145 126 3177 20
151 3142 340 3189 habuisse]
370 3144 469 3190 quod
493 3144 569 3180 iam
594 3144 784 3180 habebant
808 3144 919 3178 finem
943 3145 1108 3191 uagandi
1132 3156 1233 3190 supr.
1258 3155 1346 3181 vers.
1374 3146 1459 3181 adol.
1480 3146 1493 3180 l
1511 3147 1523 3192 ΙΙ
1541 3149 1587 3180 23
1614 3144 1784 3189 naturae]

80 3190 255 3225 vecturae
279 3191 466 3227 Buherius
484 3193 496 3238 Ι]
527 3196 571 3227 25
599 3192 638 3226 61,
662 3192 815 3227 Daniel:
841 3192 884 3226 ut
909 3191 950 3238 F
965 3193 977 3237 ΙΙ
1001 3196 1046 3228 27
1074 3194 1160 3227 811111,
1185 3203 1251 3229 om.
1278 3192 1351 3228 AS
1376 3194 1475 3238 (add.
1501 3195 1532 3238 s)
1552 3194 1563 3239 ΙΙ
1589 3195 1633 3226 28
1660 3191 1788 3226 (11611111,

80 3236 167 3271 LH
187 3236 376 3281 (dicebant
400 3239 426 3283 l)
446 3240 458 3284 ΙΙ
490 3240 676 3275 oratorum
703 3239 796 3274 AM
813 3240 825 3285 ΙΙ
855 3242 900 3274 29
926 3238 1076 3275 facilem
1102 3240 1142 3275 F
