2092 3614
541 266 691 302 COMM.
718 265 769 300 IN
799 263 939 300 VERG.
969 264 1078 300 AEN.
1106 264 1138 299 X
1165 268 1363 300 510-532.
1725 261 1814 303 445

221 377 321 419 524.
371 388 457 418 PER
482 387 680 418 PA'rmos
706 386 857 417 MANEs
885 386 944 416 ΕΤ
971 385 1077 417 spus
1105 384 1363 416 SVRGENTIS
1391 385 1489 416 IVLI
1520 387 1597 429 per
1623 386 1694 414 eas
1721 385 1814 426 per-

103 462 232 490 sonas
265 450 410 503 rogat,
441 450 620 502 propter
652 462 758 503 quas
793 447 1004 502 precatur.
1062 448 1100 487 et
1130 445 1241 499 bene,
1273 448 1321 486 ut
1349 446 1396 487 in
1427 445 1521 488 belli
1551 444 1700 499 calore,
1731 443 1815 485 bre-

101 521 203 562 viter
233 533 371 562 omnes
403 519 508 561 locos
538 520 595 561 acl
624 518 929 572 impetrandam
959 517 1122 559 veniam
1152 516 1426 571 conplectitur.
1710 524 1714 527 '

221 591 320 633 526.
370 602 570 633 Pssnlrvs
603 601 811 632 DEFOSSA
843 599 1063 631 TALENTA
1098 587 1223 629 multi
1256 587 1370 629 enim
1403 587 1577 629 divitias
1611 601 1708 629 suas
1743 584 1815 627 ob-

102 662 303 705 ruebant:
336 662 447 704 unde
479 661 687 703 Horatius
721 660 840 716 quid
871 660 1017 703 iuvat
1049 659 1339 700 inmensum
1371 661 1420 700 te
1454 658 1661 714 argenti
1692 671 1813 712 pon·

103 734 194 776 dus
237 732 428 790 etauri
468 732 649 775 furtim
688 731 895 774 defossa
931 730 1168 773 timidum
1207 729 1462 785 deponere
1502 729 1672 771 terra?
1714 743 1815 770 sane

105 805 256 847 melius
290 803 484 847 ‘infossa'
519 803 697 858 diceret,
730 818 859 858 quam
892 801 1109 857 ‘defossa',
1143 801 1196 843 ad
1229 800 1343 856 quod
1375 804 1442 843 est
1473 801 1599 843 metri
1631 799 1815 843 necessi-

102 879 192 918 tate
225 875 475 931 conpulsus:
507 890 608 917 nam
642 874 756 930 fugit
787 874 963 916 dubiam
997 873 1223 928 syllabam.
1273 876 1312 915 et
1340 873 1512 927 quidam
1543 872 1700 923 volunt,
1734 871 1817 913 tria

99 962 248 1003 ¹qenera
273 948 435 1002 arqenti
458 948 519 989 vel
543 947 641 989 auri
663 949 830 1000 poetam
854 945 1110 1000 conplexum,
1134 945 1363 1000 siynatuni,
1392 944 1567 998 factum,
1597 943 1817 996 infectum:

102 1020 330 1075 siynatum,
360 1020 469 1073 quod
496 1019 543 1061 in
574 1019 684 1061 vasis
718 1021 756 1060 et
791 1018 939 1073 siqnis,
970 1020 1017 1059 ut
1047 1016 1216 1059 ‘caelati
1246 1014 1451 1071 aiyenti',·
1484 1015 1680 1069 infectum
1711 1015 1819 1068 quod

104 1092 149 1133 in
174 1092 340 1143 massis,
371 1094 418 1133 ul
449 1090 680 1144 ‘infectique
703 1088 836 1132 mihi’.
879 1089 997 1143 atqui
1028 1089 1228 1131 talentum
1257 1101 1342 1130 non
1374 1088 1431 1130 ad
1459 1100 1675 1130 numerum
1708 1086 1818 1141 solet,

102 1164 174 1206 secl
202 1163 259 1205 acl
279 1163 445 1217 pondus
475 1162 645 1215 referri;
677 1162 763 1204 nisi
790 1162 896 1215 forte
920 1173 1043 1203 usum
1070 1160 1260 1215 temporis
1284 1160 1352 1203 sui
1375 1159 1546 1203 heroicis
1572 1157 1818 1214 temporibus

102 1237 220 1288 poeta
249 1234 422 1277 voluerit
450 1234 667 1288 applicare.

225 1305 323 1349 528.
375 1317 473 1348 NON
504 1317 585 1348 mc
616 1316 841 1348 vlc'romA
869 1316 1087 1348 TEVGRVM
1119 1315 1351 1347 VER'rlTVR
1383 1304 1428 1346 in
1459 1317 1545 1346 meo
1576 1303 1728 1345 scilieet
1756 1302 1818 1344 in-

105 1378 237 1420 teritu.
299 1377 497 1421 Lucanus
530 1377 626 1433 <III
659 1377 772 1432 337>
810 1391 907 1420 non
945 1376 1175 1432 pondera
1213 1390 1399 1431 rerum,
1436 1390 1525 1417 nec
1564 1376 1820 1417 momenta

105 1465 289 1491 sumus.
979 1438 981 1441 ⁸
1123 1435 1127 1436 ⁷

223 1520 321 1564 529.
370 1538 493 1564 DABIT
519 1537 748 1564 mscmmzva
782 1519 929 1562 ‘dabit'
957 1522 1032 1562 aut
1054 1518 1332 1573 conpensabit,
1358 1521 1433 1560 aut
1460 1518 1596 1571 faciet,
1626 1520 1674 1560 ut
1700 1531 1822 1571 quas

105 1591 276 1634 turbas
294 1591 437 1634 dedit.
467 1590 740 1634 ediscrimina'
761 1595 898 1634 autem
910 1590 1189 1643 differentiam
1207 1590 1317 1632 circa
1335 1592 1520 1632 eventum
1538 1593 1576 1633 et
1593 1590 1820 1632 victoriam.

224 1663 323 1705 532.
374 1674 545 1706 GNATIS
579 1674 729 1705 PARCE
763 1675 866 1705 TV1S
899 1662 1070 1705 ‘talenta
1093 1660 1234 1716 paree'
1270 1675 1344 1715 per
1374 1662 1652 1704 accusativum
1687 1660 1820 1703 Plau-

108 1735 191 1777 tine
220 1735 390 1787 dictum,
422 1735 495 1788 qui
525 1736 588 1777 ait
616 1735 663 1777 in
692 1735 833 1777 Milite
865 1733 958 1789 <IV
992 1734 1030 1789 6,
1057 1733 1114 1788 5>
1142 1746 1292 1787 parce
1320 1747 1487 1776 vocem.
1543 1746 1643 1776 sane
1674 1732 1747 1787 qui
1778 1731 1823 1773 iu

109 1806 355 1862 Vergilium
393 1806 568 1861 scripsit
606 1806 961 1861 declamationes,
1007 1804 1059 1847 de
1091 1804 1173 1848 hoc
1215 1805 1309 1847 loco
1347 1805 1430 1847 hoc
1471 1804 1533 1846 ait
1570 1818 1620 1847 etc
1643 1817 1825 1859 persona

105 1879 289 1921 Aeneae:
335 1877 565 1933 ‘inprobus
610 1892 674 1933 es,
716 1878 790 1933 qui
832 1880 908 1921 aut
948 1877 1040 1933 regi
1083 1876 1236 1931 dones,
1281 1879 1357 1919 aut
1396 1876 1510 1919 filios
1553 1874 1823 1933 exheredes'.

107 1948 277 2006 ‘parce'
310 1951 454 1992 autem
486 1951 553 1992 est
584 1949 818 1992 secundum
851 1949 1053 2005 antiquos
1087 1946 1267 2003 eserva',
1309 1950 1358 1990 ut
1389 1948 1501 2003 apud
1534 1947 1749 1990 Lucilium
1782 1949 1826 1989 et

106 2021 295 2063 Ennium
326 2020 556 2064 invenitur.
610 2021 724 2077 quod
756 2024 901 2064 autem
933 2020 1039 2063 dicit
1072 2019 1234 2076 ‘gnatis
1260 2033 1388 2074 parce
1413 2018 1529 2075 tuis',
1563 2033 1659 2062 cum
1692 2034 1825 2074 supra

203 2166 224 2198 5
249 2161 538 2209 Horaffiustsat.
565 2162 582 2197 I
610 2166 648 2206 1,
675 2166 718 2198 41
751 2163 763 2209 ΙΙ
798 2166 840 2198 17
867 2171 959 2206 quas
984 2161 1113 2196 turbas
1140 2160 1259 2207 dedit]
1286 2160 1367 2196 Ter.
1394 2160 1487 2197 Eun.
1514 2159 1566 2196 IV
1591 2165 1630 2205 3,
1661 2164 1702 2195 11
1735 2162 1747 2206 ΙΙ
1779 2164 1823 2195 23

108 2210 210 2256 apud
235 2209 438 2264 Lucilium]
467 2221 511 2246 ex
536 2210 620 2246 libr.
646 2210 717 2246 inc.
745 2208 1047 2264 CXVII-[Maeli
1083 2209 1094 2255 ΙΙ
1126 2212 1171 2243 24
1198 2207 1375 2254 Ennium]
1404 2208 1449 2243 cf.
1479 2207 1639 2244 Vahleni
1664 2207 1712 2244 ad
1739 2219 1821 2243 ann.

108 2258 464 2351 ἒθὲοῗῑηξῃῗὲἢωο
501 2258 513 2304 ΙΙ
550 2258 650 2303 quod
682 2258 807 2294 autem
840 2257 933 2293 dic1t
958 2267 987 2292 e.
1017 2267 1051 2301 q.
1079 2256 1123 2303 s.]
1160 2256 1205 2292 cf.
1233 2255 1327 2291 Gell.
1355 2255 1389 2290 II
1417 2259 1459 2291 13
1486 2257 1524 2291 et
1548 2256 1641 2292 Don.
1669 2256 1716 2291 ad
1741 2256 1822 2291 Ter.

204 2441 225 2472 2
253 2437 406 2483 propter
431 2437 533 2482 quod
559 2437 599 2472 F
626 2437 639 2482 ΙΙ
677 2436 865 2482 precatur]
891 2436 1044 2481 petatur
1070 2435 1128 2477 H,
1155 2445 1290 2470 aeneas
1316 2435 1400 2470 add.
1428 2434 1493 2469 Ml
1523 2435 1536 2480 ΙΙ
1567 2435 1616 2469 ad
1640 2447 1707 2469 run
1731 2447 1827 2475 ran.

111 2497 139 2522 S.
160 2497 191 2521 v.
214 2486 308 2520 bene
408 2483 670 2530 complectitur
697 2484 731 2519 T
747 2485 760 2530 ΙΙ
778 2484 942 2519 breviter
967 2494 1033 2518 om.
1058 2482 1092 2517 T
1107 2483 1119 2528 ΙΙ
1139 2487 1160 2518 3
1185 2482 1429 2528 inperandam
1455 2482 1496 2517 F
1531 2482 1733 2527 perandam
1755 2483 1789 2518 G
1814 2483 1825 2526 l!

111 2537 132 2568 6
157 2532 343 2568 tumidum
369 2531 410 2567 F
425 2533 437 2578 11
462 2543 671 2577 supponere
696 2531 733 2567 R
770 2542 908 2577 ponere
935 2531 979 2566 H
998 2532 1010 2576 ΙΙ
1042 2534 1063 2565 8
1090 2529 1293 2577 syllabam]
1321 2531 1358 2565 et
1382 2530 1445 2565 hic
1470 2529 1574 2566 locus
1600 2532 1655 2566 est
1680 2529 1825 2566 homeri

110 2581 176 2624 (Il.
204 2579 255 2615 VI
280 2581 342 2624 46)
372 2578 503 2625 ζώγρει
525 2577 665 2625 Ἀτρέος
690 2578 749 2615 υἷέ
778 2607 784 2614 .
808 2608 814 2614 .
838 2607 845 2614 .
873 2576 936 2614 ε’πὶ
961 2578 1095 2622 νηυσὶν
1116 2575 1269 2623 Ἀχαιῶν
1295 2578 1380 2613 add.
1407 2577 1446 2612 D
1477 2579 1489 2622 ΙΙ
1526 2578 1576 2613 acl
1602 2590 1759 2613 TALENTA
1784 2579 1826 2613 in

112 2638 228 2673 mary.
254 2626 440 2663 talentum
470 2638 545 2662 non
570 2628 618 2662 ad.
643 2638 837 2662 numerum
863 2627 929 2661 sed
955 2626 1002 2661 acl
1027 2626 1172 2670 pondus
1200 2625 1296 2660 solet
1320 2624 1458 2660 referri.
1509 2636 1616 2660 usum
1646 2625 1825 2671 temporis

112 2675 168 2711 sui
194 2674 352 2710 heroicis
378 2675 611 2719 temporibus
643 2674 767 2710 uoluit
797 2673 1005 2719 applicare,
1037 2684 1065 2708 s.
1091 2684 1123 2708 v.
1152 2676 1218 2708 527
1246 2672 1320 2708 tria
1345 2683 1484 2718 genera
1509 2673 1589 2708 auri
1616 2673 1654 2708 et
1678 2673 1825 2718 argenti

113 2725 170 2758 cst
205 2725 319 2767 poeta
349 2722 565 2767 complexus
597 2722 786 2768 signatum
816 2721 855 2756 in
888 2720 1042 2756 caelatis
1074 2719 1175 2756 uasis
1209 2721 1349 2756 sactum
1374 2719 1413 2754 in
1439 2720 1633 2765 speciebus
1658 2719 1824 2756 diuersis.

113 2769 294 2806 infectum
319 2769 356 2804 in
383 2769 514 2805 massis
544 2769 577 2804 T
592 2771 604 2813 ΙΙ
633 2780 724 2814 gera
749 2769 783 2804 G
809 2769 962 2814 (genera
985 2769 1023 2813 9)
1048 2768 1060 2815 ΙΙ
1094 2772 1137 2803 10
1164 2767 1354 2813 signatum
1381 2797 1388 2805 .
1411 2795 1418 2802 .
1440 2795 1447 2803 .
1474 2767 1605 2813 signis]
1634 2767 1824 2812 signatum

113 2818 171 2854 est
195 2817 295 2862 quod
321 2817 358 2852 in
384 2816 561 2860 nummis,
594 2816 737 2851 factum
763 2815 863 2860 quod
889 2816 928 2850 in
952 2815 1053 2851 vasis
1078 2817 1117 2850 et
1141 2815 1258 2861 signis
1286 2816 1494 2851 Masvicius
1520 2827 1564 2850 ex
1591 2815 1758 2858 Isidoro,
1784 2819 1826 2851 ut

112 2866 273 2909 videtur,
300 2865 405 2901 cuius
430 2865 516 2900 haec
540 2864 649 2899 verba
673 2867 760 2899 sunt
787 2864 853 2909 (or.
873 2862 959 2898 XVI
983 2866 1037 2906 18,
1066 2864 1124 2909 13)
1154 2863 1244 2898 ‘tria
1270 2866 1389 2898 autem
1413 2866 1500 2898 sunt
1524 2873 1658 2909 yenera
1683 2863 1827 2908 argenti

114 2917 147 2948 et
171 2913 258 2948 auri
282 2916 316 2948 et
340 2913 454 2948 aeris:
478 2912 678 2958 siynatum‚
703 2912 855 2955 factum,
880 2911 1064 2954 infectum.
1106 2910 1292 2957 siynatum
1316 2913 1368 2946 est
1393 2911 1489 2956 quod
1513 2913 1555 2945 in
1580 2911 1739 2946 nummis
1763 2914 1825 2953 est,

114 2960 254 3004 factum
279 2963 330 2996 est
354 2960 451 3006 quod
475 2960 517 2995 in
540 2960 639 2994 vasis
658 2962 691 2994 et
710 2959 843 3003 siqnis,
868 2958 1044 3002 infectum
1067 2959 1164 3004 quod
1188 2959 1230 2994 in
1254 2958 1411 2994 massis’.
1450 2959 1495 3002 cf.
1516 2959 1638 3003 praef.
1654 2969 1694 3003 p.
1714 2957 1823 2993 XLV.

114 3008 291 3051 refutavit
314 3008 523 3053 interpretis
547 3007 707 3052 ineptias
725 3006 907 3052 Heynius.
926 3006 939 3051 ΙΙ
963 3009 1005 3040 14
1030 3007 1080 3041 ad
1098 3018 1168 3042 non
1186 3018 1220 3039 Β.
1242 3016 1269 3041 s.
1290 3016 1322 3041 v.
1349 3004 1388 3040 id
1415 3006 1471 3041 est
1495 3005 1535 3040 in
1560 3016 1643 3040 meo
1669 3005 1825 3040 interitu

118 3054 151 3088 Τ
186 3056 198 3100 ΙΙ
236 3059 278 3090 17
313 3056 362 3091 acl
387 3068 495 3090 mum*
520 3065 548 3090 s.
574 3066 605 3090 v.
633 3052 893 3098 compensabit
919 3053 997 3088 siue
1023 3052 1153 3098 faciet,
1187 3054 1235 3088 ad
1265 3064 1471 3087 nxscmmm
1495 3063 1523 3089 s.
1549 3064 1580 3089 v.
1607 3052 1646 3087 id
1674 3054 1730 3088 est
1757 3079 1763 3087 .
1787 3079 1794 3087 .
1816 3080 1823 3087 .

117 3101 312 3137 uictoriam
341 3102 374 3138 T
389 3103 402 3148 u
429 3102 520 3138 facit
544 3102 584 3137 F
599 3103 612 3148 ΙΙ
636 3106 682 3137 20
709 3101 865 3146 dictum]
892 3101 1025 3136 uolunt
1049 3101 1133 3137 add.
1161 3101 1194 3136 G
1213 3101 1225 3147 ΙΙ
1244 3099 1300 3146 in]
1327 3099 1425 3135 inter
1450 3100 1533 3135 LH
1559 3101 1664 3144 (corr.
1693 3101 1731 3144 l),
1757 3110 1823 3135 om.

118 3148 190 3183 AS
207 3150 220 3194 ΙΙ
240 3153 283 3184 21
311 3149 618 3186 dedamnationes
644 3148 795 3194 scripsit
819 3148 859 3182 F
875 3148 887 3194 ΙΙ
906 3147 1174 3184 declinationes
1201 3149 1229 3183 ,S
1237 3145 1282 3182 H
1295 3148 1307 3194 ΙΙ
1327 3147 1389 3193 de]
1416 3147 1455 3182 in
1474 3147 1547 3182 AS
1555 3148 1604 3181 M
1607 3148 1618 3182 l
1637 3149 1649 3193 ΙΙ
1668 3150 1714 3181 24
1739 3159 1822 3182 GNA-

119 3209 174 3231 r1s
202 3207 313 3231 mnes
333 3209 411 3232 rvis
436 3197 542 3242 atqui
567 3209 678 3243 supra
703 3196 797 3231 dixit
822 3197 1012 3242 gnatoque
1039 3195 1222 3242 patrique.
1262 3206 1336 3241 quo
1361 3195 1472 3230 modo
1498 3195 1553 3230 ait
1578 3193 1725 3242 gnatis?
1750 3205 1825 3232 non

120 3243 176 3279 est
201 3244 424 3279 eontrarium
451 3244 621 3282 Serviani
646 3244 734 3280 libri

1845 1023 1888 1053 10

1849 1382 1890 1414 15

1849 1742 1894 1773 20
