2092 3614
1772 145 1787 167 N

554 243 705 280 COMM.
730 243 783 279 IN
809 243 953 282 VERG.
979 244 1090 281 AEN.
1117 244 1187 280 XII
1213 249 1410 284 107—119.
1745 246 1831 288 587

251 351 346 394 116.
397 364 588 395 CAMPVM
619 365 683 395 AD
716 365 965 396 CERTAMEN
1001 356 1118 397 totus
1157 355 1228 398 hic
1266 355 1316 397 de
1351 356 1595 398 foederibus
1627 356 1748 399 locus
1782 356 1833 398 de

126 421 317 466 Homero
350 425 588 467 translatus
620 427 698 476 est,
729 425 805 468 ubi
837 426 1082 469 Alexander
1112 426 1238 469 Paris
1270 443 1365 470 cum
1392 427 1587 471 Menelao
1621 428 1834 484 singulari

128 496 195 536 est
226 495 460 538 certamine
492 496 783 540 dimicaturus

250 567 345 609 117.
395 579 587 610 DIMENSI
618 580 887 620 RVTVLIQVE
920 581 1016 612 vnn
1052 569 1167 611 inter
1205 584 1249 611 36
1285 585 1363 625 per
1400 573 1516 613 certa
1555 571 1695 626 spatia
1727 571 1833 614 divi-

126 637 288 693 dentes,
321 653 429 694 quae
462 638 642 694 quisque
673 640 768 681 loca
798 643 1016 696 purgaret.
1064 643 1107 682 et
1137 640 1219 684 hoc
1250 642 1344 683 loco
1371 641 1509 684 Fauni
1541 643 1682 685 lucum
1716 657 1832 684 ever—

126 711 217 750 tere
239 708 433 751 Troiani:
464 710 574 751 unde
603 713 669 752 est
685 710 817 765 paulo
837 714 932 764 post
950 710 1094 766 <770>
1121 711 1207 753 sed
1234 711 1452 766 stirpem
1479 712 1661 755 Teucri
1686 713 1832 755 nullo

127 779 426 822 discrimine
453 796 654 824 sacrum
680 783 1026 837 sustulerant,
1056 797 1183 837 puro
1210 786 1265 824 ut
1289 787 1506 837 possent
1531 798 1833 826 concurrere

126 866 315 908 campo.

248 923 341 966 118.
394 935 538 967 FOCOS
571 925 776 980 quidquid
808 926 953 982 ignem
986 925 1104 968 fovet
1135 924 1286 968 ‘focus'
1319 928 1511 982 vocatur,
1544 928 1633 970 sive
1664 943 1739 970 ara
1765 928 1834 983 sit,

126 994 216 1036 sive
249 995 351 1051 quid
383 995 497 1037 aliud
529 997 574 1037 in
601 1011 684 1052 quo
711 997 825 1052 ignis
847 997 1037 1052 fovetur,
1068 998 1175 1040 sicat
1197 998 1244 1040 in
1269 999 1386 1041 tertio
1413 999 1558 1054 <134>
1585 1000 1739 1042 dietam
1764 1003 1832 1042 est.

127 1068 262 1109 tamen
291 1070 330 1108 et
352 1066 418 1109 hie
441 1068 489 1110 in
506 1062 670 1122 Publice
695 1069 897 1124 sacrificio
923 1069 1097 1111 ostendit
1117 1083 1209 1111 eum
1234 1070 1324 1112 aris
1347 1071 1471 1112 etiam
1493 1072 1606 1124 focos
1631 1075 1833 1123 sacratos,-

125 1152 224 1180 nam
262 1139 324 1181 ait
361 1138 422 1181 ‘in
459 1141 667 1194 medioque
700 1140 810 1194 focos
847 1143 886 1183 et
928 1141 993 1183 dis
1030 1141 1310 1184 communibus
1348 1141 1463 1184 aras'
1500 1146 1539 1184 et
1560 1146 1657 1196 post
1687 1143 1833 1198 <285>

124 1210 327 1252 subtexuit
372 1214 693 1265 craterasque
733 1212 960 1266 focosque
1000 1213 1192 1266 ferant:
1244 1212 1454 1256 ‘crateras’
1498 1215 1648 1257 scilieet
1689 1215 1835 1268 quibus

126 1281 368 1337 libaverant,
406 1281 543 1335 ‘focos'
583 1298 675 1326 vero
706 1284 763 1326 ad
793 1298 892 1338 qnos
924 1284 1147 1338 Ieyitz'manz
1177 1285 1428 1339 sacrificinm
1450 1286 1715 1339 perfecerant.

126 1365 187 1394 ET
220 1365 296 1396 ms
329 1365 633 1398 COMMVNIBVS
665 1367 783 1398 ARAs
817 1355 860 1397 di
893 1370 1141 1399 communes
1176 1360 1294 1411 sunt,
1334 1359 1381 1398 ut
1413 1357 1486 1399 alii
1518 1357 1683 1411 dicunt,
1715 1356 1833 1400 Mars

128 1424 309 1468 Bellona
340 1424 548 1482 Victoria,
582 1427 695 1482 quod
727 1427 773 1469 hi
803 1427 848 1470 in
879 1428 992 1469 bello
1024 1428 1196 1483 utrique
1228 1428 1343 1483 parti
1369 1431 1554 1483 possunt
1578 1429 1736 1472 favere.
1785 1435 1834 1471 ut

125 1499 270 1539 autem
315 1498 482 1540 altioris
526 1499 730 1541 scientiae
768 1499 1015 1541 hominibus
1054 1499 1215 1554 placet,
1260 1500 1302 1542 di
1341 1515 1589 1543 communes
1623 1503 1724 1543 sunt
1762 1502 1834 1556 qui

125 1565 287 1620 ἄζωνοι
332 1570 548 1624 dicuntur,
591 1570 636 1611 id
679 1573 745 1612 631
789 1572 862 1627 qui
901 1572 1008 1614 caeli
1046 1566 1184 1614 certas
1223 1586 1310 1614 non
1348 1572 1513 1614 habent
1550 1576 1716 1628 partes,
1761 1572 1835 1615 sed

125 1642 382 1696 generaliter
426 1657 451 1683 a
493 1643 657 1685 cunctis
699 1643 917 1685 coluntur:
961 1643 1119 1698 ubique
1160 1643 1275 1685 enim
1313 1658 1385 1685 603
1425 1658 1517 1686 6336
1556 1644 1832 1687 manifestum

125 1714 208 1755 est:
240 1715 289 1755 ut
320 1715 459 1755 mater
491 1713 627 1765 deum,
659 1714 780 1755 cuius
814 1716 1007 1768 potestas
1039 1713 1083 1755 in
1116 1714 1317 1756 omnibus
1350 1714 1469 1756 zonis
1496 1717 1578 1771 est3
1610 1730 1712 1757 nam
1737 1715 1833 1759 ideo

124 1786 168 1825 et
205 1788 346 1826 mater
383 1784 507 1827 deum
548 1785 719 1839 dicitur,
759 1784 873 1840 quod
904 1799 999 1827 cum
1033 1785 1232 1827 omnibus
1266 1785 1355 1827 eius
1388 1789 1454 1828 est
1487 1788 1727 1830 communis
1759 1803 1833 1844 po-

122 1857 272 1898 testas.
323 1856 398 1898 alii
430 1871 679 1899 communes
714 1856 815 1898 deos
848 1857 1002 1899 volunt
1035 1856 1197 1912 Solem,
1228 1855 1414 1913 Lunam,
1445 1858 1688 1914 Plutonem,
1720 1859 1832 1902 Mar-

122 1929 229 1970 tem:
262 1927 308 1969 hi
341 1928 453 1970 enim
486 1928 599 1983 apud
632 1942 780 1970 omnes
812 1927 1010 1970 homines
1042 1928 1322 1971 inveniuntur
1355 1933 1398 1972 et
1430 1933 1532 1972 sunt
1564 1930 1608 1972 in
1634 1931 1833 1974 omnibus

122 1999 262 2042 terris.
324 2000 441 2054 prior
477 2002 622 2042 tamen
661 2014 811 2042 sensus
851 2002 894 2042 et
925 2000 1106 2055 simplex
1139 2005 1206 2043 est
1238 2004 1281 2043 et
1313 2003 1450 2058 magis
1483 2004 1610 2057 aptus
1642 2003 1831 2058 negotio.

245 2071 341 2113 119.
390 2083 508 2114 ARAS
530 2083 796 2115 GRAMINEAS
817 2071 1004 2114 Romani
1027 2073 1141 2114 enim
1163 2073 1296 2116 moris
1317 2073 1460 2115 fuerat
1479 2066 1711 2129 caespitem
1734 2089 1833 2116 arae

125 2143 471 2198 superimponere
505 2146 548 2185 et
579 2143 643 2185 ita
669 2143 924 2186 sacrificare.
973 2143 1250 2200 ‘gramineas'
1278 2147 1420 2186 autem
1447 2145 1555 2198 ideo,
1588 2146 1689 2200 quia
1715 2149 1758 2187 et
1782 2146 1833 2188 de

126 2214 237 2256 bello
256 2229 324 2256 res
347 2214 491 2270 agitur
512 2217 554 2256 et
575 2214 703 2256 Marti
727 2215 1003 2271 sacrificatur,
1024 2216 1090 2258 cui
1112 2230 1291 2272 gramen
1312 2220 1377 2259 est
1391 2220 1699 2273 consecratum,
1720 2218 1833 2273 quod

124 2285 358 2327 secundum
384 2284 573 2327 Plinium
606 2286 653 2327 in
679 2286 866 2328 naturali
893 2287 1077 2329 historia
1103 2302 1153 2329 ex
1178 2287 1366 2330 humano
1392 2302 1543 2333 cruore
1568 2291 1832 2344 procreatur.

123 2370 302 2412 gramen
329 2359 471 2399 autem
497 2357 658 2400 herbae
685 2358 846 2413 species
876 2361 953 2413 est,
985 2358 1087 2401 licet
1112 2359 1251 2402 omnis
1278 2358 1412 2402 herba
1438 2373 1616 2416 gramen
1644 2364 1831 2416 vocetur,

218 2466 239 2498 9
266 2461 448 2507 quidquid
475 2492 482 2499 .
505 2491 513 2498 .
535 2491 543 2499 .
571 2463 732 2511 fovetur]
761 2475 876 2499 exscr.
903 2463 989 2501 Isid.
1016 2475 1067 2499 or.
1094 2463 1162 2499 XX
1190 2468 1245 2508 10,
1275 2469 1291 2500 1
1313 2466 1324 2512 ΙΙ
1356 2468 1398 2500 15
1425 2465 1477 2500 (111
1503 2476 1716 2502 communes
1743 2468 1830 2502 sunt

123 2521 153 2545 e.
180 2522 214 2555 q.
234 2510 287 2564 .⁸·]
314 2521 427 2546 exscr.
454 2511 639 2557 mythogr.
666 2511 717 2546 III
746 2515 800 2558 13,
827 2515 848 2547 8
879 2513 892 2558 ΙΙ
923 2516 967 2548 29
993 2523 1149 2557 gramen
1174 2516 1298 2549 autem
1326 2543 1332 2549 .
1356 2541 1363 2548 .
1386 2542 1393 2549 .
1421 2524 1504 2549 cum
1531 2513 1580 2550 sit
1605 2516 1643 2550 et
1668 2515 1827 2561 species]

123 2558 167 2593 cf.
193 2557 280 2593 Is1d.
307 2569 358 2594 01.
384 2557 488 2594 XVll
514 2563 547 2603 9,
575 2563 643 2595 104

218 2656 241 2687 4
265 2666 394 2689 Rv'rvLI
418 2666 562 2694 vanvn
582 2655 617 2688 A
658 2667 785 2690 Tnvcm
811 2667 955 2695 vanvn
981 2654 1010 2690 S
1046 2668 1241 2696 ‘rssvcmovn
1267 2669 1341 2692 vuu
1368 2657 1412 2691 H
1428 2658 1439 2703 ΙΙ
1459 2658 1568 2702 cepta
1586 2657 1622 2692 R
1641 2659 1653 2703 ΙΙ
1682 2661 1702 2692 5
1729 2657 1826 2702 quis-

127 2712 199 2745 que
225 2711 291 2736 om.
311 2701 355 2735 H
370 2702 382 2748 ΙΙ
406 2701 506 2747 1060]
534 2701 725 2737 sciendum
751 2703 834 2738 add.
862 2702 901 2736 F
918 2703 929 2748 ΙΙ
949 2702 1176 2738 fauniculum
1204 2703 1292 2739 RH
1307 2706 1319 2751 ΙΙ
1339 2708 1523 2740 euerteret
1548 2704 1588 2739 F
1604 2706 1615 2751 ΙΙ
1641 2711 1661 2740 6
1688 2704 1770 2751 sed]
1797 2706 1829 2740 si

123 2748 196 2784 AS
213 2749 226 2793 [Ι
245 2748 402 2793 scripem
428 2749 499 2794 Hu
518 2748 623 2784 nullo
650 2750 852 2785 certamine
879 2749 918 2785 F
934 2751 946 2793 ΙΙ
976 2754 995 2785 7
1021 2751 1190 2798 possent]
1218 2752 1294 2787 sint
1319 2751 1387 2798 Ffl
1415 2756 1458 2787 10
1484 2753 1582 2797 quod
1607 2752 1727 2788 ΑΒΕ
1743 2754 1755 2799 ΙΙ
1780 2754 1828 2788 ad

122 2807 155 2831 υ.
183 2799 252 2832 118
277 2796 444 2831 ostendit
468 2796 529 2831 1116
554 2796 593 2830 111
617 2797 768 2842 publico
794 2796 975 2833 sacrificio
1001 2798 1116 2833 etiam
1142 2811 1225 2834 cum
1252 2798 1326 2834 aris
1351 2799 1454 2835 focos
1480 2801 1643 2835 sacratos
1669 2811 1828 2844 namque

127 2843 182 2879 ait
208 2871 215 2879 .
237 2871 245 2879 .
267 2872 274 2879 .
300 2843 520 2888 perficerent
547 2844 581 2878 T
613 2845 625 2890 ss
664 2848 705 2879 12
733 2846 818 2889 post
843 2844 1047 2891 subtexuit]
1074 2846 1187 2890 paulo
1213 2852 1299 2892 post
1327 2848 1359 2881 T
1394 2849 1405 2893 n
1444 2852 1488 2882 14
1514 2848 1724 2883 libaverant
1748 2859 1826 2894 eqo:

126 2890 263 2926 liberat
286 2891 326 2926 F
360 2891 522 2926 libarent
548 2891 582 2925 T
615 2891 802 2927 libaverat
825 2893 963 2927 Daniel
981 2894 994 2938 ΙΙ
1012 2904 1099 2928 vero
1125 2905 1191 2929 om.
1216 2895 1249 2929 Τ
1263 2896 1275 2940 Ι]
1294 2896 1340 2930 ad
1367 2895 1475 2942 quos]
1504 2895 1636 2939 quibus
1666 2896 1698 2929 T
1714 2896 1727 2941 ΙΙ
1744 2907 1827 2941 per-

123 2939 290 2974 fecerant
314 2950 391 2984 eyo:
418 2938 625 2984 perfecerat
650 2939 691 2974 F
723 2939 943 2984 perficerent
971 2940 1003 2974 Τ
1019 2942 1032 2985 ΙΙ
1064 2945 1107 2976 16
1134 2941 1222 2986 quia
1248 2942 1288 2976 F
1309 2944 1321 2987 ΙΙ
1354 2947 1396 2978 17
1423 2943 1511 2988 quia
1535 2943 1641 2978 zonoi
1667 2944 1702 2977 A
1741 2943 1828 2988 quia

123 2986 244 3022 izonoi
269 2986 297 3021 S
340 2986 404 3032 qui
436 2998 499 3022 zoe
524 2986 561 3021 R
599 2987 744 3032 (azonoi
775 2998 949 3032 superser.
983 2988 1060 3024 ead.
1093 2991 1205 3031 man.)
1249 2990 1313 3034 qui
1345 3001 1471 3025 azome
1505 2991 1549 3025 H
1588 3001 1722 3026 azonas
1750 2991 1789 3025 F
1817 2990 1828 3036 Η

125 3033 283 3077 18111116,
307 3034 380 3069 AS
405 3033 485 3079 (qui
509 3035 540 3079 s)
571 3035 584 3079 ΙΙ
621 3038 666 3069 20
692 3036 734 3069 ut
758 3046 824 3070 om.
850 3035 887 3070 R
918 3036 930 3082 ΙΙ
969 3035 1094 3083 deum]
1123 3036 1258 3071 dicitur
1285 3037 1384 3082 quod
1410 3049 1492 3072 cum
1519 3038 1598 3073 eius
1625 3040 1682 3073 est
1708 3037 1827 3072 omnis

124 3082 208 3116 add.
231 3080 270 3116 F
286 3082 297 3127 ΙΙ
316 3085 360 3116 21
388 3088 443 3116 est
468 3093 533 3117 om.
554 3082 598 3116 H
614 3083 624 3128 ΙΙ
644 3085 690 3118 24
715 3083 764 3118 ad
781 3094 838 3116 ms
858 3094 1082 3119 counvmnvs
1102 3097 1136 3120 A.
1161 3095 1188 3120 3.
1209 3096 1239 3119 v.
1269 3096 1480 3120 communes
1507 3085 1558 3120 dii
1585 3087 1732 3131 praeter
1758 3086 1827 3120 hoc

125 3129 227 3172 quod
259 3129 398 3164 Seruius
431 3129 621 3174 intellegit
649 3135 805 3174 possunt
830 3130 948 3175 accipi
973 3141 1064 3175 quos
1091 3131 1337 3167 communiter
1362 3133 1572 3168 inuocaturi
1597 3135 1703 3167 erant
1729 3159 1735 3166 .
1763 3135 1828 3168 aut

127 3176 383 3259 communiirus
409 3177 596 3212 amicitiae
622 3179 661 3213 et
685 3177 844 3214 foederis
874 3178 907 3213 T
927 3179 939 3225 ss
970 3181 1015 3213 26
1040 3190 1288 3225 superponere
1315 3178 1355 3214 F
1376 3180 1388 3225 ΙΙ
1419 3183 1464 3215 28
1490 3179 1656 3225 plenium
1680 3180 1720 3214 F
1742 3181 1753 3226 ΙΙ
1781 3184 1825 3215 29

123 3225 279 3259 uocatur

1861 1011 1904 1042 10

1862 1368 1905 1400 15

1860 1728 1906 1759 20

1860 2085 1906 2116 25
