2092 3614
248 679 269 711 5

228 1039 271 1070 10

231 1397 273 1428 15

230 1754 275 1786 20

232 2112 276 2144 25

297 279 382 320 346
1072 280 1232 316 SERVII

297 386 504 441 ‘properet
533 387 737 440 mortem’‚
773 392 821 431 ut
851 389 1032 431 Plautus
1057 393 1320 443 properate
1342 392 1632 444 prandium,
1663 393 1832 435 Ennius
1859 393 2002 445 festi-

295 473 403 500 vum
432 460 683 511 festinant
711 460 848 502 diem.
898 459 1133 514 ‘pulchram
1164 461 1377 503 mortem':
1410 463 1646 517 gloriosum
1679 463 1793 505 enim
1825 466 1892 505 est
1922 478 2001 518 pro

297 529 434 572 amico
468 530 616 585 perire.
670 533 713 572 et
739 530 1007 587 ‘pulchram'
1036 547 1086 573 ex
1112 547 1298 586 persona
1323 535 1476 587 poetae
1502 534 1666 576 dictum
1693 536 1775 576 est:
1806 535 1866 576 vel
1902 538 2004 577 certe

297 600 552 654 ‘pulchram'
584 603 642 644 ad
670 616 779 658 eum,
810 604 883 656 qui
913 603 985 645 leoe
1012 606 1144 657 putat.

414 673 513 715 400.
565 690 675 716 ootvs
693 688 773 727 pro
806 672 976 716 ‘ociter'.
1954 709 1958 713 .

413 744 513 786 402.
565 756 626 786 Τν
658 757 893 787 PRAESENS
925 757 1107 788 nosTRo
1141 757 1379 789 svccvnnn
1412 744 1587 790 LABoR1
1618 762 1706 790 non
1738 747 1841 790 dicit
1873 747 2003 803 ‘quae

297 830 503 870 praesens
536 815 597 858 es’
631 817 704 858 sed
736 816 956 871 ‘praesens
989 817 1213 870 succurre',
1250 818 1292 859 id
1326 820 1391 860 est
1421 818 1540 872 ilico,
1573 818 1733 860 statim.
1777 822 1814 860 et
1843 832 2003 861 eonsue-

297 887 453 929 tudinis
483 888 570 929 eius
601 891 675 941 est,
706 891 754 929 ut
776 888 824 930 de
847 888 980 950 vicino
1006 891 1044 930 et
1067 889 1258 942 proximo
1283 890 1407 931 ducat
1430 893 1681 944 opportunas
1711 890 2006 933 invocationes.-

298 957 413 1012 <XII
446 958 559 1012 777>
593 957 801 1014 ‘Faune,
823 973 1017 1013 precor,
1048 959 1302 1002 miserere'
1335 961 1524 1014 inquit:
1562 964 1606 1003 et
1635 960 1726 1014 <ΙΙΙ
1758 961 1842 1015 34>
1873 975 2006 1015 nym-
2040 961 2042 963 ’

294 1029 418 1083 phas
465 1030 736 1072 venerabar
779 1032 1014 1084 ayrestes‘
1040 1030 1413 1085 Gradivumque
1455 1035 1649 1085 patrem
1693 1031 1882 1074 Getieis
1923 1033 2007 1086 qui

290 1101 547 1154 praesidet
576 1102 723 1143 arvis.
771 1105 808 1143 et
830 1102 877 1143 in
902 1101 1134 1155 repetitione
1165 1100 1226 1144 ‘tu
1251 1103 1343 1153 dea,
1371 1105 1414 1144 tu
1431 1102 1649 1156 praesens’
1682 1103 1815 1145 maior
1840 1103 2001 1157 empha-

296 1172 355 1214 sis
385 1172 553 1214 videtur.

417 1243 517 1285 404.
567 1254 607 1286 SI
641 1255 735 1294 QVA
767 1242 883 1298 ‘qua'
918 1246 1044 1286 vacat
1077 1245 1119 1286 et
1150 1244 1220 1286 hic
1253 1246 1296 1286 et
1327 1244 1372 1286 in
1404 1244 1612 1300 sequenti.

416 1315 517 1358 406.
567 1326 852 1357 SVSPENDIVE
874 1326 1032 1357 THOLO
1053 1314 1201 1358 tholus
1228 1316 1401 1371 proprie
1428 1318 1493 1357 est
1518 1315 1651 1358 veluti
1675 1318 1842 1358 scutum
1862 1316 2004 1371 breve,

300 1386 412 1442 quod
454 1387 499 1428 in
537 1386 679 1428 medio
724 1388 838 1428 tecto
885 1388 967 1442 est,
1010 1386 1056 1427 in
1101 1401 1185 1441 quo
1228 1387 1374 1429 trabes
1420 1389 1592 1430 coeunt:
1638 1387 1691 1429 ad
1737 1387 1850 1442 quod
1893 1387 2006 1430 dona

300 1457 503 1513 suspendi
540 1460 861 1499 consueverant.
922 1471 1026 1511 quae
1057 1461 1143 1500 tam
1173 1459 1246 1500 diu
1276 1458 1385 1501 dona
1416 1459 1498 1500 diei
1527 1461 1737 1512 poterant,
1777 1473 1903 1512 quam
1933 1460 2006 1501 diu

299 1543 384 1571 non
419 1529 604 1583 profana
642 1530 802 1583 flerent,
843 1529 949 1571 sieut
983 1529 1029 1571 in
1067 1529 1184 1571 libris
1220 1543 1432 1572 sacrorum
1468 1530 1654 1583 refertur.
1716 1530 1824 1572 bene
1862 1533 2005 1572 autem

300 1603 548 1643 venatorem
591 1600 759 1642 inducit
800 1615 959 1642 numen
1002 1601 1201 1643 invocare
1246 1601 1464 1644 silvarum.
1525 1602 1604 1644 alii
1647 1601 1802 1644 tholum
1843 1603 2006 1644 aedium

299 1686 516 1715 sacrarum
546 1672 689 1714 dieunt
712 1685 840 1726 yenus
868 1672 1050 1724 fabricae
1055 1705 1067 1727 ,
1097 1675 1145 1714 ut
1182 1672 1323 1715 Vestae
1353 1676 1390 1714 et
1419 1672 1597 1715 Panthei
1627 1676 1695 1715 est.
1755 1673 1834 1715 alii
1864 1676 2006 1715 tectum

300 1744 388 1786 sine
413 1743 641 1797 parietibus
670 1743 872 1785 columnis
901 1743 1135 1786 subnixum.
1196 1745 1313 1786 aedes
1349 1747 1485 1802 autern
1521 1745 1721 1787 rotundas
1758 1744 1889 1787 tribus
1925 1745 2007 1786 diis

301 1816 443 1857 dieunt
469 1815 562 1869 fieri
591 1815 742 1869 debere,
777 1814 933 1869 Vestae,
965 1814 1149 1870 Dianae,
1179 1816 1241 1858 vel
1271 1815 1448 1858 Herculi
1477 1816 1537 1858 vel
1567 1815 1791 1858 Mercurio.

420 1887 520 1929 407.
570 1898 783 1928 TVRBARE
811 1897 1006 1929 GLOBVM
1039 1900 1146 1929 sana
1177 1887 1350 1942 petitio:
1381 1902 1483 1929 nam
1515 1887 1616 1942 quia
1646 1889 1714 1929 tot
1744 1886 1915 1929 vincere
1945 1885 2007 1927 in-

302 1958 507 2014 possibile
540 1957 698 2013 fuerat,
730 1958 840 2012 petit
869 1959 918 1999 ut
949 1958 1105 1999 saltem
1137 1972 1210 2000 eos
1243 1958 1467 2013 perturbet
1498 1958 1684 2000 telorum
1716 1957 1931 1999 beneficio.

303 2041 425 2072 REGE
464 2041 584 2071 TELA
621 2041 710 2071 PER
746 2040 894 2072 AVRAS
935 2044 1012 2084 per
1050 2032 1240 2084 noctem,
1285 2029 1330 2071 in
1368 2045 1453 2085 qua
1491 2030 1582 2071 sine
1620 2028 1781 2071 auxilio
1819 2027 2007 2070 numinis

303 2102 409 2144 recti
439 2101 577 2143 iactus
610 2115 703 2143 esse
735 2115 820 2143 non
854 2102 1046 2155 possunt.

421 2173 521 2215 409.
570 2184 761 2214 FERRVM
802 2182 1003 2215 CONIOIT.
1059 2183 1210 2214 HASTA
1255 2172 1306 2214 de
1349 2172 1464 2215 ferro
1511 2172 1563 2214 ad
1606 2172 1777 2214 hastam
1822 2171 2008 2214 transiit.

305 2243 495 2286 ‘conicit'
528 2258 606 2298 pro
639 2242 816 2286 ‘coicit’:
848 2258 950 2286 nam
983 2242 1172 2286 ‘conicit’
1205 2243 1433 2298 antiquum
1465 2245 1542 2286 est.

403 2336 420 2383 1
447 2349 603 2395 Ennius]
630 2349 725 2394 trag.
752 2348 833 2384 reu.
859 2360 893 2383 v.
921 2351 989 2383 395
1015 2348 1122 2383 Ribb.
1150 2348 1206 2383 ed.
1234 2349 1278 2392 11,
1305 2361 1337 2384 v.
1364 2351 1435 2383 434
1459 2347 1567 2383 Vahl.
1588 2349 1600 2394 ss
1630 2351 1673 2382 14
1698 2347 1824 2383 tholus
1853 2377 1860 2384 .
1882 2375 1889 2382 .
1912 2376 1919 2383 .
1948 2359 2008 2383 00-

306 2397 410 2443 cunt]
438 2408 550 2432 exscr.
578 2396 664 2431 Isid.
686 2407 737 2432 or.
758 2395 843 2430 XIX
866 2399 919 2439 19,
940 2399 973 2431 6.
1012 2395 1058 2432 cf.
1084 2395 1188 2432 Luct.
1214 2394 1313 2432 Plan.
1342 2396 1389 2431 ad
1415 2395 1510 2431 Stat.
1532 2395 1647 2431 Theb.
1668 2395 1702 2430 ΙΙ
1723 2399 1792 2431 734
1812 2397 1851 2431 et
1869 2396 1920 2430 IX
1944 2399 2009 2431 195

404 2497 420 2526 1
448 2490 625 2526 festinum
651 2493 683 2526 et
707 2489 786 2525 dies
812 2489 862 2533 F,
887 2501 979 2527 corr.
1006 2490 1154 2526 Daniel.
1194 2491 1238 2532 ef.
1269 2489 1435 2536 Philary.
1463 2490 1511 2525 ad
1535 2500 1652 2535 yeory.
1678 2490 1728 2526 IV
1756 2494 1824 2526 170
1856 2491 1867 2536 ss
1901 2494 1921 2525 3
1947 2501 2009 2535 pe-

306 2538 394 2584 rire]
422 2537 578 2573 deficere
606 2538 673 2583 Ffl
700 2538 749 2573 ad
774 2550 817 2572 m·
840 2549 1024 2573 PVLCHRAM
1048 2550 1079 2573 P.
1099 2551 1130 2572 P.
1150 2550 1182 2572 v.
1204 2549 1239 2572 M.
1265 2548 1293 2572 s.
1319 2549 1351 2574 v.
1379 2539 1445 2573 aut
1471 2548 1515 2572 ex
1540 2549 1699 2582 persona
1723 2539 1856 2583 poetae
1881 2536 2009 2583 accipe

307 2584 450 2621 dictum
481 2585 547 2620 aut
578 2595 623 2620 ex
654 2596 814 2629 persona
845 2584 945 2619 illius
977 2583 1043 2629 qui
1079 2584 1148 2619 hoc
1185 2584 1345 2629 putabat
1376 2584 1580 2630 gloriosum
1611 2585 1643 2619 T
1671 2587 1683 2630 ΙΙ
1721 2590 1741 2620 5
1774 2586 1823 2621 ad
1847 2597 2008 2620 Annvcro

290 2645 333 2670 «ε.
360 2644 391 2670 v.
419 2632 572 2678 quidam
601 2632 825 2676 ‘producto'
858 2631 1093 2676 intellegunt.
1144 2631 1210 2667 alii
1239 2632 1434 2668 ‘reducto’
1464 2631 1553 2677 quia.
1587 2633 1775 2668 reducitur
1806 2644 1936 2667 manus
1968 2633 2010 2667 ut

307 2680 440 2716 fortius
466 2681 575 2715 exeat
601 2680 700 2724 quod.
725 2678 837 2714 fuerit
862 2678 1090 2714 destinatum
1119 2679 1159 2714 T.
1197 2680 1244 2723 ef.
1270 2679 1410 2715 Tiberii
1434 2680 1577 2715 Donati
1600 2681 1775 2715 scholium
1792 2681 1805 2725 ΙΙ
1823 2681 1873 2716 ad
1898 2691 2009 2715 svsr1-

307 2741 406 2763 omns
431 2738 458 2762 s.
484 2739 516 2762 v.
543 2728 609 2761 aut
633 2727 831 2762 ueneratus
864 2726 921 2761 est
944 2727 987 2761 ut
1010 2726 1120 2761 deam
1145 2728 1211 2762 aut
1234 2727 1273 2761 in
1298 2739 1459 2772 superna
1483 2727 1684 2772 respiciens
1713 2728 1747 2762 T
1772 2729 1784 2774 ΙΙ
1816 2731 1835 2762 7
1861 2727 1916 2773 es]
1942 2738 2008 2762 om.

307 2775 391 2819 AS,
417 2777 476 2810 est
493 2774 527 2808 L
552 2775 657 2819 (corr.
679 2775 704 2818 l)
725 2774 736 2819 ss
761 2773 865 2819 ilico]
893 2772 1013 2808 illicet
1032 2774 1065 2808 L
1102 2774 1184 2810 loco
1205 2774 1254 2817 F,
1279 2776 1376 2810 unde
1400 2775 1483 2810 loco
1509 2776 1650 2810 statuto
1670 2786 1742 2820 pro
1766 2775 1853 2809 ilico
1879 2773 2009 2809 statim

308 2823 446 2857 Daniel
476 2823 488 2868 ΙΙ
519 2822 558 2855 et
582 2819 874 2867 consuetudinis]
908 2832 952 2855 ex
977 2821 1245 2856 consuetudine
1273 2823 1481 2857 Masvieius
1515 2823 1527 2867 ΙΙ
1565 2826 1586 2858 8
1613 2822 1709 2868 eius]
1734 2823 1759 2858 i.
1785 2834 1812 2857 e.
1846 2821 2007 2866 Verqilii.

308 2870 365 2905 eet
384 2869 515 2905 addidi
533 2870 544 2914 ΙΙ
563 2868 621 2914 ut]
649 2870 687 2903 et
706 2867 739 2902 G
757 2869 770 2913 ΙΙ
787 2867 907 2903 uitino
928 2868 962 2903 G
979 2870 991 2912 ΙΙ
1010 2868 1179 2913 proxima
1198 2869 1300 2904 dieat
1318 2869 1368 2913 F,
1394 2881 1484 2906 corr.
1499 2869 1638 2905 Daniel
1655 2870 1668 2914 ΙΙ
1686 2868 1921 2904 inuocatione
1942 2867 1982 2902 F
1998 2867 2009 2914 Η

308 2921 329 2952 9
355 2915 490 2952 misere
515 2916 555 2951 F
571 2917 583 2960 ΙΙ
607 2915 737 2959 inquid
763 2915 802 2950 F
824 2917 835 2961 ΙΙ
863 2919 906 2950 10
933 2916 1137 2951 uenerabor
1161 2916 1202 2951 F
1223 2918 1235 2961 ΙΙ
1260 2917 1515 2962 graduumque
1540 2916 1581 2950 F
1602 2918 1614 2961 ΙΙ
1641 2920 1682 2950 11
1709 2914 1934 2961 repitatione
1959 2915 2008 2959 F,

307 2975 399 3000 eorr.
413 2964 552 2999 Daniel
569 2964 582 3008 ΙΙ
602 2962 739 2998 enfasis
761 2962 801 2997 F
816 2965 828 3008 ΙΙ
850 2966 892 2998 15
911 2964 1012 2998 tecta
1032 2963 1103 2998 AS
1126 2965 1239 3008 (tecto
1260 2977 1283 2998 a
1319 2964 1411 3000 tecti
1429 2966 1491 3008 8)-11
1513 2968 1554 2999 16
1575 2965 1819 2998 consueuerat
1837 2962 1883 2997 H
1888 2963 1937 2997 M
1943 2962 1984 2997 F
1998 2963 2009 3008 Η

311 3015 354 3048 18
378 3011 487 3047 tholu
511 3010 676 3045 medium
697 3010 730 3045 G
749 3011 760 3056 ss
782 3014 824 3045 19
850 3011 893 3045 ut
916 3011 1057 3045 inserui
1075 3013 1086 3055 ΙΙ
1106 3010 1263 3046 Panthei
1283 3012 1355 3057 est]
1381 3011 1509 3056 pantei
1534 3011 1554 3046 ἐ
1578 3010 1612 3045 G
1649 3010 1831 3055 panthere
1853 3009 1893 3044 F
1914 3010 2008 3045 Pan-

308 3060 424 3095 theon
458 3057 708 3094 G'ommelinus.
747 3058 793 3101 ef.
821 3058 967 3093 Jordan
1000 3058 1042 3092 in
1075 3059 1214 3093 Preller
1246 3059 1367 3094 Roem.
1395 3058 1513 3104 Myth.
1539 3059 1591 3093 ed.
1620 3058 1704 3091 III
1725 3058 1792 3092 vol.
1819 3057 1853 3091 Π
1873 3069 1913 3102 p.
1940 3060 2008 3092 3⁷2

310 3108 433 3142 adnot.
452 3107 464 3153 ΙΙ
490 3109 535 3142 20
560 3105 648 3140 ades
675 3105 708 3140 G
727 3107 738 3152 ΙΙ
763 3109 807 3140 21
833 3105 910 3151 vel]
938 3116 983 3140 ue
1010 3104 1043 3140 G
1062 3106 1073 3150 ΙΙ
1093 3105 1266 3141 herculae
1293 3106 1334 3140 F
1367 3105 1516 3140 hercule
1543 3105 1577 3139 G
1594 3106 1607 3150 ΙΙ
1626 3109 1669 3139 22
1696 3104 1784 3148 quia
1809 3116 1875 3139 om.
1903 3104 1975 3139 AS

311 3156 369 3190 tot
393 3165 459 3190 om.
484 3152 614 3188 RLH
621 3153 668 3187 M
692 3154 791 3197 (add.
820 3153 846 3198 l)
871 3154 883 3199 ΙΙ
908 3151 1026 3188 uincit
1051 3152 1091 3187 F
1112 3153 1125 3197 ΙΙ
1156 3156 1199 3187 23
1228 3154 1353 3189 saltim
1379 3153 1471 3187 LM
1495 3153 1506 3205 Ι]
1535 3163 1597 3187 eos
1623 3163 1688 3187 om.
1715 3152 1802 3186 LH
1822 3153 1920 3196 (add.
1947 3153 1974 3196 l)

311 3205 354 3236 25
382 3200 474 3237 tecti
499 3200 541 3236 F
555 3200 568 3246 ΙΙ
592 3203 636 3235 26
662 3200 827 3236 transilit
851 3200 887 3235 R
907 3201 918 3246 ΙΙ
943 3203 988 3236 27
1014 3200 1127 3235 coicit
1151 3201 1250 3244 libri,
1276 3201 1351 3235 nisi
1374 3200 1470 3245 quod
1494 3198 1562 3234 leit
1586 3199 1620 3234 L
1646 3199 1771 3244 (coicit
1797 3200 1822 3244 l)
1842 3200 1854 3246 ΙΙ
1873 3198 2011 3235 conicit

311 3249 399 3284 RH
406 3250 453 3283 M
460 3248 563 3284 Fal:
591 3258 724 3283 conum
750 3247 823 3285 AS
860 3246 973 3284 coicit
991 3247 1036 3282 L.
1074 3248 1120 3291 cf.
1139 3247 1349 3284 Brambaeh
1367 3247 1452 3283 Lat.
1475 3247 1638 3292 Ortlioyr.
1654 3258 1694 3292 p.
1718 3250 1783 3282 199
1797 3257 1869 3292 sqq.
1889 3249 1922 3282 et
1941 3250 2010 3282 300
