2092 3614
589 242 739 279 COMM.
766 241 818 278 IN
843 241 987 279 VERG.
1015 241 1126 278 AEN.
1153 240 1222 276 XII
1247 243 1445 277 534—566.
1781 238 1867 282 623

161 354 246 396 fuit
271 352 446 396 Briseis.
497 355 540 395 et
570 368 647 408 per
678 352 913 395 transitum
947 352 1083 404 docet,
1113 351 1331 393 neminem
1361 364 1489 405 posse
1522 350 1687 392 statuta
1711 348 1867 391 vitare:

160 426 323 480 qnando
355 426 464 468 enim
494 425 559 467 hie
589 426 772 477 erederet,
803 424 863 466 ibi
892 437 933 467 se
962 426 1109 466 natum
1140 426 1226 465 tani
1257 423 1372 477 longe
1401 435 1483 464 esse
1506 420 1772 476 peritarum?

279 497 378 540 548.
429 507 704 540 CONVERSAE
731 507 863 539 AGIES
889 495 936 538 in
961 495 1122 537 bellum
1150 496 1337 546 coactae,
1362 493 1424 536 vel
1448 494 1556 535 inter
1579 507 1620 536 se
1646 506 1867 535 conversae.

279 569 377 611 552.
427 580 516 612 PRO
544 579 597 611 SE
625 579 823 620 QVISQVE
849 579 945 610 VIRI
976 581 1055 622 pro
1087 566 1296 621 qualitate
1328 564 1486 607 virium
1513 579 1706 608 suarum:
1740 564 1799 607 sic
1825 564 1868 605 in

161 640 314 705 quinto
346 639 490 695 <501>
528 655 619 696 pro
659 654 709 682 se
751 639 967 695 quisque
999 638 1098 681 viri
1131 640 1179 680 et
1212 637 1519 692 depromunt
1549 636 1655 679 tela
1686 636 1866 691 phare-

160 712 269 754 tris.
390 723 550 755 SVMMA
581 723 819 754 NITVNTVR
851 722 979 754 OPVM
1010 722 1059 752 vl
1091 709 1411 752 hemistichium
1443 712 1501 751 est
1530 708 1791 751 Ennianum.

279 783 377 826 553.
429 801 530 827 Tem>
538 800 613 827 VNT
632 796 713 837 pro
746 780 1039 825 ‘contendunl'.

277 854 376 898 554.
426 866 621 897 MENTEM
652 866 836 897 AENEAE
868 865 1105 897 GENETRIX
1136 863 1469 895 PVLCHERRIMA
1501 863 1628 895 M1s1T
1667 851 1867 894 ‘mentem'

159 926 398 982 consilium,
429 928 478 968 ut
509 926 560 981 <I
592 926 708 981 676>
741 941 840 982 qua
872 926 1043 968 facere
1075 925 1125 967 id
1156 924 1330 979 possis
1361 926 1595 966 nostram
1627 938 1759 966 nunc
1791 937 1868 965 ac-

160 999 274 1054 cipe
311 1000 543 1041 mentem.
676 1015 788 1041 mszr
821 1001 957 1040 autem
986 1010 1068 1052 pro
1101 994 1316 1038 ‘inmisit'.
1456 998 1499 1037 et
1536 1006 1869 1054 PVLOHERmMA

158 1072 415 1125 perpetuum
460 1072 527 1112 est
565 1069 806 1125 epitheton,
850 1083 927 1111 nec
967 1068 1020 1111 ad
1057 1067 1282 1123 negotium
1319 1067 1552 1122 pertinens,
1614 1081 1718 1109 sane
1755 1066 1870 1109 bona

159 1155 261 1182 usus
307 1144 372 1183 est
417 1141 686 1197 oeconomia7
729 1144 776 1183 ut
821 1139 982 1182 diceret
1019 1139 1228 1181 instinctu
1266 1138 1458 1180 numinis
1496 1137 1739 1193 profectum
1778 1152 1870 1180 esse

161 1212 336 1254 Aenean
375 1213 429 1255 ad
468 1213 657 1256 civitatis
696 1212 926 1255 excidium:
964 1226 1065 1253 nam
1098 1211 1384 1267 incongruum
1416 1210 1576 1265 fuerat,
1615 1213 1870 1265 occupatum

160 1283 275 1326 bello
306 1299 384 1339 per
416 1300 460 1327 se
492 1285 582 1327 tale
614 1285 778 1340 cepisse
811 1284 1050 1327 consilium.

279 1355 379 1398 555.
428 1367 634 1407 vnmovn
667 1367 977 1398 ADVERTERET
1008 1365 1170 1397 AGMEN
1202 1353 1248 1395 id
1277 1357 1335 1397 esi
1364 1357 1515 1396 eontra
1547 1353 1709 1396 urbem.

279 1426 377 1470 558.
427 1439 562 1471 AOIES
590 1439 909 1471 CIRCVMTVLIT
941 1427 1001 1470 vel
1032 1426 1251 1470 eaereituni
1276 1439 1399 1469 suuni
1423 1426 1500 1468 huc
1524 1428 1644 1479 atque
1669 1425 1767 1467 illue
1792 1425 1869 1466 eir-

159 1499 384 1555 eumanadi,
415 1500 476 1542 vel
506 1500 613 1542 acies
644 1499 866 1542 oculorum
899 1498 1076 1541 scilieet.
1134 1500 1178 1540 et
1208 1498 1323 1541 bona
1354 1497 1576 1540 occasione
1600 1497 1788 1550 pervenit
1817 1497 1873 1539 ael

158 1571 213 1626 id,
244 1574 291 1614 ui
320 1571 482 1615 Aeneas
511 1572 714 1614 civitatem
737 1574 874 1626 posset
903 1571 1091 1625 aspicere.
1150 1621 1154 1624 q

278 1642 377 1685 559.
426 1655 643 1686 INMVNEM
675 1655 818 1685 'PAN'rl
850 1654 990 1685 BELLI
1029 1643 1122 1685 sine
1161 1641 1303 1684 officio
1337 1641 1580 1683 dimicandi.
1625 1644 1663 1683 et
1693 1641 1779 1683 vuli
1806 1641 1870 1683 in-

160 1713 362 1756 obsessam
400 1714 594 1769 intelleyi,
633 1729 736 1768 quae
766 1715 854 1758 sine
883 1714 1061 1769 periculo
1092 1713 1148 1756 sil
1177 1713 1515 1768 oppnynationis:
1548 1728 1650 1755 nam
1682 1712 1869 1755 inmunis

162 1787 229 1827 est
262 1785 335 1841 qui
362 1786 471 1828 nihil
497 1789 705 1841 praestat,
738 1786 862 1842 quasi
889 1786 983 1828 sine
1009 1785 1179 1840 muniis,
1209 1784 1282 1827 hoe
1305 1788 1363 1827 est
1386 1786 1458 1839 qni
1481 1799 1565 1827 non
1587 1785 1691 1838 facit
1714 1785 1871 1827 munia.

159 1869 336 1900 INPVNE
365 1869 574 1909 QVIETAM
606 1872 713 1913 quae
741 1857 987 1912 specialiter
1013 1857 1161 1899 debuit
1185 1870 1347 1911 poenas
1374 1857 1490 1899 luere
1516 1859 1694 1912 propter
1718 1855 1870 1899 foedus

162 1929 408 1985 abruptum.

280 2001 380 2043 560.
429 2012 618 2043 PVGNAE
651 2012 885 2043 ACCENDIT
917 2011 1108 2043 MA1on1s
1141 2011 1289 2042 IMAGo
1323 1998 1528 2041 subaudis
1562 1997 1704 2041 ‘eum'.

280 2072 379 2115 563.
428 2084 520 2115 NEC
558 2084 704 2116 scvrA
742 2085 833 2115 AVT
875 2083 1070 2115 SPIGVLA
1107 2083 1249 2114 DENSI
1284 2082 1538 2113 DEPONVNT
1578 2085 1629 2113 ex
1668 2084 1718 2112 eo
1758 2070 1871 2126 quod

159 2158 247 2187 non
274 2145 340 2186 est
366 2143 541 2199 factum,
573 2143 674 2200 quid
699 2144 792 2186 fieri
819 2143 958 2186 soleat
984 2143 1203 2200 indicavit,
1234 2144 1282 2184 ut
1310 2157 1440 2197 supra
1465 2142 1609 2197 <130>
1634 2141 1872 2198 defigunt

158 2216 343 2258 telluri
374 2215 555 2258 hastas
587 2218 637 2258 et
668 2218 814 2258 scuta
845 2215 1117 2257 reclinant.
1780 2267 1787 2279 .

280 2287 378 2330 565.
428 2304 558 2335 NEQVA
588 2301 668 2342 pro
707 2286 868 2330 ‘nnlla'.
1002 2297 1121 2329 Esro
1161 2286 1231 2328 sit.
1364 2297 1580 2328 IVPPITER
1618 2276 1711 2327 mc
1753 2297 1870 2328 STAT

161 2373 240 2414 pro
272 2359 398 2401 nobis
425 2359 578 2415 religio
606 2363 681 2411 est,
715 2374 843 2414 quam
870 2359 1086 2400 laeserunt
1105 2357 1257 2399 Rutuli
1283 2358 1422 2412 ruptis
1450 2357 1707 2399 foederibus.
1749 2357 1868 2400 novi-

165 2440 261 2473 mus
305 2432 450 2473 autem
493 2431 739 2473 interfuisse
783 2429 944 2473 foederi
990 2431 1034 2471 et
1077 2429 1178 2471 deos
1224 2428 1351 2485 alios,
1395 2431 1437 2471 et
1474 2428 1590 2472 Iovis
1635 2428 1870 2485 imaginem

165 2502 324 2558 sceptri
353 2503 598 2558 praesentia
628 2502 850 2545 redditam.
1356 2507 1358 2509 '

284 2574 382 2617 566.
430 2587 525 2617 NEv
557 2586 663 2626 Qvls
697 2586 756 2617 OB
781 2585 1020 2617 INCEPTVM
1046 2584 1248 2616 svm'rvM
1273 2585 1379 2615 MIHI
1404 2584 1605 2616 sssemoss
1630 2584 1710 2616 1Το
1742 2572 1871 2615 tert-ia

207 2651 211 2656 .
261 2670 281 2702 6
313 2666 593 2703 hemistichium
618 2667 843 2713 Ennianum]
875 2679 958 2702 ann.
986 2679 1021 2703 v.
1050 2670 1116 2703 168
1144 2667 1251 2703 Vahl.
1291 2667 1335 2702 cf.
1363 2666 1523 2702 Macrob.
1552 2666 1629 2701 Sat.
1654 2665 1704 2700 VI
1732 2670 1762 2709 1,
1790 2670 1833 2701 17
1862 2666 1874 2712 Η

168 2718 187 2750 7
213 2726 372 2750 munvm-
397 2725 463 2760 pro
490 2715 736 2761 contendunt]
764 2716 810 2750 cf.
835 2714 930 2752 Don.
957 2715 1005 2750 ad
1031 2715 1113 2751 Ter.
1140 2715 1234 2750 Eun.
1261 2714 1313 2749 IV
1340 2718 1371 2758 1,
1399 2717 1442 2748 12

263 2804 278 2833 1
307 2797 447 2845 breseis
471 2799 526 2834 vel
548 2797 712 2834 braeseis
739 2799 826 2834 libri
843 2800 855 2844 ΙΙ
875 2798 1033 2844 statuta]
1060 2798 1223 2834 fatorum
1250 2797 1391 2833 statuta
1416 2796 1617 2831 Fabricius
1636 2797 1647 2842 ΙΙ
1666 2799 1686 2830 3
1714 2796 1764 2831 ad
1789 2808 1869 2831 con-

166 2858 299 2881 VERSAE
324 2857 357 2880 A.
383 2857 410 2881 3.
436 2857 469 2882 v.
495 2845 556 2881 uel
581 2846 619 2881 in
644 2846 783 2881 bellum
812 2874 819 2880 .
841 2874 849 2882 .
871 2874 878 2880 .
899 2850 1106 2882 'conuersae
1136 2846 1168 2880 T
1191 2847 1202 2892 ΙΙ
1234 2849 1256 2880 4
1282 2846 1377 2880 sicut
1404 2843 1444 2878 F
1464 2845 1476 2888 ΙΙ
1507 2847 1527 2878 5
1555 2844 1593 2878 et
1618 2855 1683 2878 oni.
1710 2842 1747 2878 R
1765 2844 1777 2890 ΙΙ
1808 2842 1870 2879 de-

165 2896 310 2938 ponunt
335 2893 424 2928 ΑΗ
437 2895 449 2939 ΙΙ
476 2899 495 2929 6
521 2906 666 2930 Νιτιτνκ
690 2893 731 2928 F
747 2894 758 2939 ΙΙ
778 2892 987 2928 Ennianum
1013 2903 1078 2929 om.
1100 2893 1141 2929 F
1156 2895 1168 2939 u
1196 2898 1238 2928 10
1264 2894 1313 2928 acl
1338 2904 1431 2927 MISIT
1455 2902 1481 2927 3.
1502 2902 1534 2926 v.
1560 2891 1598 2926 in
1628 2891 1660 2925 Τ
1676 2892 1689 2936 ΙΙ
1720 2895 1762 2926 14
1788 2902 1869 2927 coe-

165 2941 265 2987 pisse
292 2942 395 2985 libri,
421 2942 496 2976 nisi
520 2942 616 2987 quod
640 2941 824 2986 coepisset
850 2941 888 2975 F
924 2940 1065 2986 cepisse
1091 2953 1115 2977 a
1133 2943 1144 2986 ΙΙ
1175 2946 1216 2976 17
1244 2942 1282 2975 et
1307 2951 1372 2975 om.
1398 2938 1435 2973 F
1450 2939 1462 2985 {l
1490 2942 1535 2974 20
1562 2949 1657 2983 quae
1685 2938 1737 2974 F:
1764 2938 1871 2984 quasi

167 2988 305 3024 Daniel
323 2990 335 3035 ΙΙ
363 2993 406 3023 21
433 3000 565 3024 munus
591 2988 663 3024 AS
670 2989 709 3023 F
733 2987 883 3033 (muniis
910 2989 946 3033 a)
982 2999 1134 3024 munere
1157 2989 1205 3024 M
1221 2990 1233 3033 ΙΙ
1252 2991 1296 3022 22
1323 2999 1479 3027 vanm
1499 2986 1570 3022 AS
1606 2997 1774 3026 vas'ruffl
1793 2986 1838 3020 Η
1859 2986 1870 3032 ΙΙ

167 3039 212 3071 27
238 3036 434 3072 telluribus
460 3036 500 3071 F
515 3037 527 3083 ΙΙ
556 3036 745 3071 declinant
769 3036 841 3071 AS
849 3035 894 3070 H
916 3036 955 3081 (d
979 3036 1046 3072 del.
1072 3039 1110 3082 a)
1129 3038 1141 3083 11
1172 3039 1217 3071 28
1244 3036 1293 3070 acl
1316 3046 1433 3074 usqu
1457 3045 1484 3069 3.
1510 3045 1542 3069 v.
1568 3034 1672 3068 nulla
1699 3034 1732 3068 Τ
1748 3035 1760 3078 ΙΙ
1786 3044 1869 3068 Esro

168 3083 218 3118 sit
242 3094 307 3120 om.
329 3084 369 3119 F
397 3085 409 3131 {1
441 3087 486 3119 28
512 3085 562 3120 ad
586 3095 656 3118 mc
683 3096 768 3118 surr
793 3095 821 3119 3.
847 3094 877 3118 v.
903 3083 941 3118 in
968 3085 1092 3119 nostra
1116 3084 1222 3130 parte
1253 3082 1286 3117 Τ
1311 3083 1323 3127 ΙΙ
1355 3085 1400 3116 30
1427 3083 1465 3116 et
1489 3081 1578 3117 deos
1604 3081 1687 3116 Fa:
1714 3081 1870 3116 utdeos

167 3131 299 3176 reliqui
322 3133 335 3177 ΙΙ
366 3135 410 3167 32
436 3144 636 3168 mconprvu
665 3132 711 3166 M
746 3143 786 3165 m
811 3143 945 3166 msmvu
969 3131 1005 3166 A
1042 3144 1213 3167 mrsmvm
1238 3130 1289 3165 H.
1328 3140 1345 3164 e
1363 3129 1563 3174 Reqinensi
1587 3132 1620 3163 et
1639 3128 1871 3164 Floriaeensi

167 3179 262 3214 nihil
292 3180 454 3224 enotavi,
485 3191 503 3215 e
528 3179 780 3225 Sanyallensi,
812 3189 913 3224 quem
945 3189 1024 3214 cunm
1049 3179 1221 3214 Danielis
1251 3177 1450 3222 eaeemplari
1479 3189 1655 3211 mesprvm
1686 3176 1871 3211 exhibente

168 3227 338 3271 eontulit,
363 3227 458 3263 nihil
483 3227 670 3273 Hayenns.
709 3227 810 3263 haud
833 3227 907 3262 seio
932 3237 983 3262 an
1008 3226 1156 3262 Servius
1180 3237 1352 3261 mm-:Rivm
1377 3225 1500 3270 leqerit

1895 644 1915 675 ΕΠ

1896 1003 1940 1034 10

1898 1362 1941 1393 15

1896 1720 1942 1751 20

1897 2077 1942 2109 25

1896 2437 1941 2468 30
