2092 3614
521 263 673 300 OOMM.
701 264 753 299 IN
780 263 925 299 VERG.
953 264 1064 300 AEN.
1091 262 1142 298 IX
1168 267 1367 300 684—704.
1713 261 1800 304 373

211 375 308 417 701.
358 391 490 422 NEQVE
524 391 627 417 ΕΝῙΜ
659 390 799 417 [Αονιο
834 373 1105 428 parenthesis.
1259 385 1408 415 VITAM
1448 384 1677 416 DEDISSET
1721 387 1801 427 pro

93 445 391 488 ‘reddidisset'.

211 518 308 560 702.
359 528 590 559 FALARICA
635 529 778 559 VENIT
823 517 874 559 de
917 517 1001 559 hoc
1044 516 1130 558 telo
1174 516 1334 572 legitur
1379 515 1480 571 quia
1524 518 1592 558 est
1633 516 1801 571 ingens,

90 591 218 632 torno
257 589 439 643 factum,
476 589 643 630 habens
682 587 844 630 ferrum
884 588 1071 631 cubitale
1109 590 1153 630 et
1189 587 1500 630 rotunditatem
1539 587 1590 630 de
1620 587 1801 642 plumbo

91 662 136 703 in
168 660 343 703 modum
376 660 596 715 sphaerae.
645 659 690 701 in
719 660 816 715 ipsa
843 659 1093 702 summitate
1119 659 1276 701 dicitur
1302 659 1433 701 etiam
1465 658 1610 714 ignem
1641 659 1802 701 habere

92 732 298 787 adfixum,
328 735 477 786 stuppa
508 732 805 774 circumdatum
836 735 874 774 et
894 732 987 785 pice
1011 732 1198 786 oblitum,
1229 732 1518 784 incensumque
1542 734 1617 772 aut
1640 731 1804 773 vulnere

90 804 240 847 hostem
279 806 355 846 aut
392 804 485 857 ique
524 803 734 845 consumit.
796 802 878 845 hoc
924 806 1070 846 autem
1110 803 1199 845 telo
1241 805 1462 859 pugnatur
1505 802 1556 844 de
1597 802 1804 855 turribus,

91 890 198 931 quas
229 875 341 917 falas
372 874 457 916 dici
488 874 768 917 manifestum
801 877 882 916 est:
914 876 1022 917 uude
1052 878 1090 917 et
1118 875 1166 916 in
1197 875 1302 917 circo
1330 874 1446 927 falae
1477 875 1671 916 dicuntur
1701 874 1804 915 divi-

89 948 223 989 siones
253 947 360 989 inter
389 946 579 1000 euripum
603 949 642 988 et
665 949 810 1002 metas,
841 947 951 1000 quod
978 946 1038 989 ibi
1067 946 1306 988 constructis
1337 947 1395 988 ad
1424 949 1580 1000 tempus
1611 945 1805 1000 turribus,

89 1018 155 1061 his
181 1019 271 1061 telis
288 1032 434 1073 puyua
458 1019 523 1060 edi
547 1018 719 1061 solebat:
750 1017 970 1060 Iuvenalis
997 1017 1090 1073 <VI
1111 1017 1227 1072 590>
1255 1017 1487 1060 consulit
1519 1019 1637 1059 ante
1669 1016 1804 1058 falas

91 1089 558 1145 delphinorumque
590 1090 867 1132 columnas.
917 1103 1020 1145 ergo
1048 1105 1074 1131 a
1099 1089 1198 1131 falis
1225 1089 1339 1131 dicta
1371 1091 1436 1131 est
1464 1089 1662 1144 falarica,
1696 1089 1807 1130 sicut

92 1177 117 1203 a
143 1176 266 1204 muro
293 1162 484 1203 muralis.
533 1175 634 1203 sane
659 1160 885 1203 falaricam
910 1160 1109 1202 Lucanus
1135 1159 1244 1202 dixit
1270 1161 1413 1203 nervis
1441 1160 1558 1202 mitti
1582 1160 1805 1202 tortilibus

92 1235 135 1274 et
168 1233 354 1288 quadam
386 1233 606 1288 machina,
645 1235 702 1277 ut
726 1231 820 1287 <VI
855 1232 969 1287 198>
1000 1232 1132 1274 hunc
1172 1234 1261 1273 aut
1291 1231 1568 1274 tortilibus
1599 1231 1805 1273 vibrata

92 1303 314 1347 falarica
345 1305 518 1347 nervis
552 1305 757 1355 obruat,
783 1302 1004 1359 Vergilius
1024 1317 1132 1346 ,νει-ο
1161 1302 1222 1345 ait
1247 1302 1442 1346 Turnum
1469 1317 1600 1345 manu
1626 1303 1806 1345 iaculari

92 1375 306 1429 potuisse:
339 1375 450 1417 unde
483 1378 663 1431 apparet
696 1377 771 1417 aut
804 1389 829 1416 a
854 1373 1028 1416 Lucano
1062 1374 1115 1416 ad
1148 1374 1324 1416 auxesin
1354 1364 1472 1416 illius
1506 1373 1580 1428 qui
1612 1374 1805 1416 occiden-

91 1446 169 1488 dus
201 1446 362 1500 fuerat,
394 1461 487 1488 esse
519 1446 699 1502 dictum,
732 1449 807 1488 aut
835 1461 859 1488 a
884 1445 1081 1504 Vergilio
1108 1445 1162 1502 ad
1187 1445 1359 1488 laudem
1385 1445 1537 1496 Turni,
1570 1446 1642 1501 qui
1671 1446 1805 1488 talem

91 1517 262 1560 hastam
295 1532 426 1560 manu
458 1517 670 1560 iaculatus
703 1520 781 1560 est.

212 1589 308 1632 703.
358 1601 581 1632 FVLMINIS
620 1601 743 1632 ACTA
781 1601 914 1632 MODO
961 1592 1080 1632 amat
1124 1589 1213 1632 tela
1251 1603 1349 1632 eum
1386 1589 1549 1644 impetu
1587 1589 1807 1632 venientia

90 1661 344 1704 fulminibus
383 1675 650 1716 comparare.
770 1673 956 1704 TAVREA
995 1672 1152 1703 TERGA
1197 1661 1424 1717 usurpavit
1463 1675 1541 1715 pro
1580 1659 1806 1716 ‘taurina’‚

92 1732 198 1775 alibi
229 1732 457 1774 taurinis
495 1732 732 1774 follibus:
771 1733 900 1785 unde,
939 1733 1052 1775 sicut
1083 1734 1126 1774 et
1156 1732 1323 1775 Plinius
1356 1733 1477 1787 dicit,
1515 1731 1806 1774 derivationes

94 1804 241 1846 firmas
267 1818 355 1845 non
379 1802 544 1845 habent
568 1803 760 1859 regulas,
788 1803 862 1846 sed
888 1806 1045 1846 exeunt
1071 1807 1201 1859 prout
1227 1805 1474 1848 auctoribus
1501 1804 1656 1859 placet.
1696 1804 1806 1846 bene

93 1877 237 1917 autem
269 1889 345 1930 per
376 1874 610 1916 transitum
643 1875 733 1917 eius
767 1890 888 1917 arma
919 1875 1157 1930 descripsit.

214 1946 310 1988 704.
360 1958 552 1989 DVPLICI
573 1957 759 1996 SQVAMA
781 1959 842 1988 ET
863 1958 989 1989 AVRO
1014 1946 1058 1988 id
1085 1948 1152 1988 est
1173 1946 1417 2003 duplicibus
1444 1947 1633 2002 squamis
1654 1948 1806 1990 aureis.

94 2033 299 2073 squamae
342 2020 487 2060 autem
529 2022 631 2060 sunt
670 2018 902 2061 loricarum
943 2020 1119 2061 catenae
1161 2018 1206 2060 in
1247 2018 1424 2060 modum
1463 2033 1670 2074 squamae
1708 2034 1806 2062 con—

93 2089 273 2143 positae.
324 2104 427 2131 sane
460 2104 640 2145 squama
666 2091 710 2131 et
735 2090 1010 2146 splendorem
1043 2089 1278 2145 significat,
1313 2089 1348 2131 si
1375 2104 1400 2131 a
1425 2090 1616 2144 piscibus
1649 2091 1807 2146 veniat,

94 2163 137 2202 et
163 2161 323 2215 sordes,
351 2161 387 2202 si
411 2176 436 2203 a
457 2161 675 2216 squalore5
702 2150 775 2203 sed
802 2161 847 2203 in
867 2160 1063 2217 Vergilio
1092 2161 1364 2216 splendorem
1391 2161 1550 2216 ubique
1578 2162 1807 2218 significat.

188 2308 209 2338 3
236 2303 282 2338 de
307 2303 379 2338 hoc
404 2303 481 2338 telo
508 2314 538 2338 e.
561 2315 594 2347 q.
616 2303 662 2349 8.]
690 2302 871 2338 Serviana
897 2313 1010 2337 exscr.
1038 2301 1122 2338 Isid.
1150 2314 1202 2338 or.
1222 2302 1344 2338 XVIII
1366 2307 1398 2348 7,
1419 2307 1450 2339 8.
1492 2303 1537 2338 cf.
1558 2303 1653 2339 Non.
1674 2315 1709 2349 p.
1726 2308 1808 2348 555,

97 2356 141 2386 14
159 2350 208 2386 M.
250 2351 415 2387 veterum
453 2350 499 2386 de
531 2350 686 2386 falarica
716 2350 932 2386 testimonia
966 2352 1139 2386 accurate
1165 2350 1374 2396 composuit
1401 2351 1545 2396 Sieglin
1571 2363 1662 2389 muS.
1689 2352 1805 2387 Rhen.

95 2398 287 2434 XXXVIII
313 2410 349 2443 p.
377 2402 445 2434 356
466 2410 545 2443 sqq.
565 2400 577 2444 11
606 2402 651 2433 20
677 2397 783 2443 alibi]
811 2409 937 2443 georg.
966 2398 1015 2433 IV
1044 2402 1107 2434 171
1130 2399 1142 2444 ΙΙ
1162 2398 1259 2434 sieut
1285 2400 1322 2434 et
1346 2398 1490 2434 Plinius
1516 2398 1610 2434 dicit
1635 2428 1643 2436 .
1665 2427 1672 2434 .
1694 2427 1701 2434 .
1729 2399 1808 2444 pla-

95 2447 171 2492 cet]
198 2446 244 2481 cf.
271 2445 400 2490 Pomp.
428 2456 559 2481 comm.
587 2458 622 2491 p.
645 2449 724 2489 144,
747 2449 791 2480 14
812 2446 852 2480 Κ.
892 2446 979 2480 vide
1005 2445 1252 2481 Kirehnerum
1278 2446 1323 2481 de
1351 2446 1455 2482 Servi
1481 2449 1578 2482 auct.
1608 2449 1805 2489 grammat.
1829 2483 1831 2487 ἁ

96 2506 130 2539 p.
158 2497 225 2529 507
246 2505 300 2538 sq.
321 2494 334 2539 ΙΙ
352 2497 398 2527 24
424 2505 599 2538 squamae
626 2495 751 2529 autem
780 2495 867 2528 sunt
894 2521 901 2528 .
924 2523 931 2531 .
953 2521 960 2528 .
989 2493 1221 2540 conpositae]
1249 2494 1294 2530 cf.
1322 2494 1408 2529 Isid.
1437 2506 1487 2529 or.
1516 2490 1636 2529 XVIII
1664 2499 1718 2539 13,
1738 2499 1758 2529 2

194 2628 210 2658 1
238 2626 412 2668 parentes
437 2623 496 2659 his
522 2623 562 2659 F
590 2626 601 2670 ΙΙ
639 2629 660 2659 3
686 2626 736 2661 ad
761 2637 958 2660 PnAnAch
982 2638 1015 2661 v.
1041 2636 1068 2660 s.
1095 2636 1126 2660 v.
1155 2625 1307 2670 quidam
1332 2624 1563 2671 phalaricam
1590 2625 1720 2661 dicunt
1742 2625 1807 2660 tri-

97 2671 211 2706 fidum
244 2670 413 2717 gladium
446 2671 509 2715 qui
541 2671 627 2716 igne
661 2673 878 2708 armabatur
909 2673 1007 2707 unde
1039 2684 1135 2708 nune
1167 2673 1260 2708 dicit
1290 2673 1456 2709 fulminis
1488 2674 1573 2708 acta
1605 2674 1714 2708 modo
1744 2673 1778 2707 T
1797 2673 1808 2719 11

97 2731 290 2754 mmmmm
310 2718 351 2754 F
366 2721 378 2765 ΙΙ
397 2722 419 2754 4
444 2718 647 2754 cubitalem
666 2720 790 2755 ASH
812 2721 918 2766 (corr.
940 2722 976 2764 a)
996 2721 1007 2766 ΙΙ
1028 2721 1065 2755 et
1083 2719 1351 2756 rotunditatem
1375 2750 1382 2757 .
1406 2749 1412 2756 .
1435 2749 1443 2756 .
1464 2720 1601 2756 habere
1626 2720 1806 2767 adfixum]

99 2779 211 2812 supra
237 2767 337 2811 quod
362 2766 482 2802 ueluti
506 2765 688 2810 quaedam
717 2778 825 2812 spera
851 2768 956 2802 cuius
981 2767 1128 2812 pondus
1163 2768 1278 2803 etiam
1310 2768 1463 2813 plumbo
1489 2770 1647 2813 augetur
1673 2768 1809 2804 dicitur

99 2816 196 2850 enim
231 2814 355 2859 ignem
388 2814 526 2849 habere
559 2814 720 2849 adfixum
748 2814 788 2849 F
821 2816 833 2861 ΙΙ
869 2814 1099 2851 rotunditate
1125 2816 1197 2850 As
1232 2817 1337 2860 (corr.
1365 2817 1402 2860 α)
1440 2815 1708 2857 rotonditatem
1733 2816 1767 2851 I)
1797 2816 1809 2863 Η

98 2862 143 2896 de
169 2862 341 2908 plumbo]
368 2862 509 2907 factum
536 2862 621 2896 add.
638 2862 686 2896 Μ
693 2862 705 2896 l
723 2863 735 2908 ΙΙ
755 2865 775 2897 5
802 2873 932 2907 sperae
952 2862 1127 2905 ASRM
1142 2864 1154 2910 ΙΙ
1173 2867 1194 2898 8
1221 2863 1377 2898 dicimus
1403 2863 1643 2898 manifestum
1663 2865 1721 2899 est
1741 2863 1782 2898 F
1797 2865 1808 2910 ΙΙ

98 2910 195 2945 unde
222 2911 260 2944 et
284 2921 311 2945 e.
332 2921 364 2954 q.
384 2910 429 2955 s.]
457 2910 502 2953 cf.
524 2909 729 2944 Salmasius
757 2909 858 2944 Pliu.
885 2910 1027 2945 exercit.
1052 2921 1088 2955 p.
1111 2915 1179 2946 640
1198 2921 1247 2956 sq.
1274 2914 1307 2946 et
1327 2910 1594 2946 Friedlaeuder
1619 2923 1678 2956 ap.
1700 2912 1808 2946 Mar—

99 2957 311 3001 quardtium
331 2957 452 2992 Roem.
476 2957 704 2991 Staatsverw.
727 2957 778 2991 III
791 2968 831 3001 p.
853 2959 919 2991 491
942 2958 1064 2994 adnot.
1091 2962 1108 2993 1
1129 2959 1142 3004 ΙΙ
1160 2957 1236 2993 falo
1256 2958 1297 2992 F
1312 2959 1324 3003 ΙΙ
1343 2963 1364 2993 9
1385 2957 1466 2992 hibi
1486 2958 1527 2992 F
1541 2960 1554 3003 ΙΙ
1575 2963 1619 2993 10
1643 2958 1809 3004 pugnedi

100 3004 139 3038 F
155 3004 167 3049 ΙΙ
190 3008 229 3038 11
257 3003 575 3048 adelfinorumque
595 3003 668 3038 As
693 3005 797 3048 (corr.
820 3005 856 3048 a)
877 3005 889 3050 ΙΙ
909 3014 996 3050 ergo
1017 3033 1025 3041 .
1048 3033 1055 3041 .
1078 3034 1085 3041 .
1112 3005 1285 3051 muralis]
1313 3005 1400 3040 hinc
1425 3004 1560 3041 salaria
1584 3006 1693 3041 hasta
1717 3006 1808 3040 dici-

99 3051 160 3085 tur
187 3050 284 3086 sicut
308 3051 384 3087 alia
409 3052 562 3086 muralis
589 3051 630 3086 F
644 3053 656 3096 u
678 3055 720 3086 12
747 3062 834 3087 sane
861 3080 869 3087 .
897 3079 903 3086 .
933 3080 940 3087 .
966 3052 1152 3088 iaculatus
1177 3054 1235 3088 est
1260 3064 1326 3088 om.
1355 3052 1394 3086 F
1410 3053 1422 3098 ΙΙ
1441 3053 1534 3087 dicit
1558 3054 1631 3088 AS
1648 3055 1661 3098 ΙΙ
1682 3057 1723 3087 13
1751 3054 1803 3097 et}

101 3110 120 3133 e
148 3098 356 3134 Masvicius
374 3100 521 3144 primus
539 3101 551 3146 ΙΙ
575 3099 766 3134 tortilibus
792 3110 858 3133 om.
884 3098 1018 3134 RLH
1039 3101 1138 3143 (add.
1165 3101 1190 3143 l)
1210 3101 1222 3147 11
1250 3100 1388 3135 librata
1412 3099 1541 3135 ΑΒΜ
1560 3101 1572 3146 ΙΙ
1605 3104 1648 3134 14
1674 3101 1809 3135 obruat

100 3156 166 3181 om.
192 3146 277 3180 LH
299 3147 398 3190 (add.
425 3148 451 3188 l)
478 3148 491 3192 ΙΙ
525 3151 567 3182 19
594 3147 785 3192 comparet
810 3145 850 3180 F
874 3147 886 3192 ΙΙ
917 3147 1023 3182 schol.
1049 3149 1098 3183 ad
1124 3160 1263 3182 'mvnm
1288 3161 1319 3182 r.
1346 3158 1412 3182 om.
1439 3147 1480 3182 F
1508 3149 1520 3192 ΙΙ
1551 3152 1596 3183 20
1623 3146 1748 3192 plinus
1773 3147 1808 3181 L

101 3192 247 3237 plenius
273 3193 344 3239 ΗΙΙ
362 3193 457 3228 dixit
481 3194 514 3228 L
533 3195 545 3240 ΙΙ
565 3193 807 3229 divinationes
834 3194 912 3228 RL
929 3195 942 3239 ΙΙ
961 3197 1006 3229 23
1031 3208 1193 3230 nvvmms
1218 3206 1316 3234 QVAM
1342 3194 1431 3228 HF
1447 3196 1459 3239 ΙΙ
1478 3198 1523 3229 25
1550 3205 1703 3238 squame
1728 3194 1808 3228 AL

102 3241 208 3284 (corr.
235 3243 273 3285 a)
293 3240 305 3286 ΙΙ
325 3239 537 3286 significant
562 3241 603 3276 F
618 3243 630 3287 ΙΙ
648 3241 775 3277 ueniet
800 3241 840 3276 F
855 3243 868 3286 ss
893 3245 937 3276 26
965 3241 1004 3288 a]
1030 3242 1078 3277 ab
1105 3242 1144 3277 F
1159 3243 1172 3287 ΙΙ
1190 3241 1348 3287 uergilio
1375 3241 1415 3276 F
1430 3243 1442 3288 ΙΙ
1461 3242 1598 3285 ubique
1624 3252 1691 3276 om.
1713 3241 1762 3275 M

1451 3299 1523 3335 25*

1832 1025 1876 1056 10

1835 1382 1876 1414 15

1832 1743 1878 1774 20

1832 2101 1877 2132 25
