2124 3600
512 287 665 323 COMM.
691 287 742 323 IN
768 286 912 323 VERG.
939 284 1049 321 AEN.
1076 285 1128 320 VI
1154 288 1353 320 274—284.
1731 282 1787 323 49

79 399 127 440 in
157 398 366 453 vestibulo,
403 397 549 440 bellum
587 410 679 438 vero
710 397 757 438 in
788 396 930 438 limine
960 395 1046 450 ipso
1073 394 1231 448 posuit,
1267 393 1464 446 quoniam
1500 382 1619 435 nulla
1655 392 1792 433 maior

83 472 142 512 est
170 469 315 511 mortis
345 481 472 511 causa
501 482 626 521 quarn
658 468 817 510 bellurn.
857 469 896 508 et
923 469 982 508 est
1008 465 1222 518 familiare
1252 463 1464 518 epitheton.

203 541 301 582 280.
351 551 637 582 EVMENIDVM
676 550 889 580 THALAMI
920 537 1075 579 Furiae
1112 550 1347 590 numquam
1386 538 1643 590 nupserunt:
1682 534 1793 576 unde

83 611 300 653 thalamos
343 608 602 666 accipiamus
643 611 687 652 in
730 610 886 666 quibus
928 610 1055 651 natae
1095 610 1207 650 sunt.
1269 606 1342 649 alii
1381 606 1598 648 thalamos
1637 606 1794 660 dicunt,

86 682 159 737 qui
196 681 302 723 facti
342 683 443 723 sunt
480 681 725 723 auctoribus
762 680 923 735 Furiis,
969 680 1016 721 in
1050 679 1197 733 quibus
1235 678 1441 720 adulteria
1478 681 1516 719 et
1551 678 1689 719 caedes
1725 678 1794 719 ad—

84 753 307 795 miserunt:
341 752 414 795 sed
446 766 531 794 non
564 750 778 806 procedit,
810 750 909 806 quia
942 751 1003 792 ait
1035 749 1266 791 ‘terribiles
1298 749 1392 791 visu
1424 747 1625 791 formae'!
1675 751 1718 789 εὴ
1748 750 1796 789 ut

86 838 172 866 non
214 823 411 866 videatur
449 837 540 864 esse
582 821 842 864 contrarium
883 821 984 876 quia
1014 819 1168 862 Furias
1207 820 1336 875 paulo
1374 822 1475 874 post
1507 819 1652 874 <555>
1693 819 1795 861 alibi

87 894 192 937 dicit
229 908 339 937 esse:
376 908 479 936 nam
517 894 701 948 possunt
738 892 809 934 hic
845 894 974 934 natae
1007 906 1117 946 esse,
1155 894 1198 933 et
1236 891 1342 933 alibi
1381 905 1571 946 manere,
1612 893 1654 933 et
1692 890 1798 932 alibi

89 966 278 1009 officium
310 979 504 1008 exercere
535 978 785 1019 poenarum.

205 1038 303 1080 281.
355 1053 504 1080 CRINEM
537 1052 662 1079 VITTIS
692 1052 839 1078 JNNEXA
886 1038 935 1076 ut
972 1033 1063 1088 <ΙΧ
1094 1034 1211 1089 476)
1256 1034 1413 1076 scissa
1454 1047 1634 1076 comam
1674 1036 1713 1076 et
1749 1033 1798 1087 <I

92 1109 207 1164 228>
240 1109 404 1151 oculos
432 1107 645 1160 suffusa.

209 1180 306 1222 282.
357 1174 406 1220 ἸΝ
438 1190 590 1220 MEDIO
623 1179 697 1220 aut
727 1176 963 1220 vestibulo:
1008 1178 1083 1218 aut
1115 1177 1366 1219 absolutum
1398 1178 1482 1231 est,
1515 1178 1558 1218 et
1589 1176 1799 1231 intellegi-

90 1266 184 1293 mus
222 1251 335 1292 hanc
374 1265 466 1305 esse
505 1250 738 1291 eburneam
776 1250 966 1303 portam,
1005 1262 1082 1303 per
1124 1262 1252 1302 quam
1294 1248 1487 1289 exiturus
1525 1247 1687 1289 Aeneas
1724 1249 1800 1289 est.

92 1337 203 1378 quae
229 1335 296 1363 res
328 1321 434 1363 haec
460 1320 605 1363 omnia
630 1319 793 1361 indicat
819 1332 913 1360 esse
941 1318 1165 1374 simulata,
1199 1319 1236 1360 si
1268 1321 1311 1360 et
1343 1319 1561 1374 ingressus
1594 1320 1636 1359 et
1662 1318 1801 1360 exitus

90 1393 321 1435 simulatus
354 1394 420 1434 est
452 1393 495 1433 et
525 1391 674 1443 fialsus.

210 1463 308 1506 283.
358 1474 512 1505 vmuvs
539 1474 709 1517 OPACA,
735 1473 910 1503 INGENs
943 1461 1248 1517 distinguenda
1275 1463 1376 1503 sunt
1404 1461 1491 1503 ista
1516 1463 1693 1517 propter
1719 1462 1801 1504 duo

92 1535 300 1590 epitheta.
355 1537 393 1576 et
421 1534 591 1588 quidam
624 1534 796 1576 tradunt
825 1534 913 1575 ideo
944 1533 991 1574 in
1021 1533 1133 1575 ulmo
1164 1533 1326 1575 somnia
1358 1533 1542 1588 inducta,
1573 1534 1682 1587 quod
1709 1534 1804 1575 vino

89 1606 254 1660 yravati
283 1619 394 1648 vana
424 1606 627 1647 somnient
656 1608 694 1646 et
715 1605 854 1647 ulmus
879 1607 979 1659 apta
1002 1604 1059 1646 sit
1081 1604 1178 1646 viti:
1209 1607 1247 1646 et
1276 1605 1363 1647 ideo
1393 1605 1507 1659 apud
1535 1605 1690 1658 inferos
1719 1619 1805 1647 reni

93 1677 260 1719 inanem
291 1690 314 1716 *
333 1691 356 1716 *
375 1691 398 1716 *
531 1693 677 1719 PANDIT
712 1689 796 1718 non
833 1676 984 1730 aperit,
1023 1676 1094 1718 scd
1122 1677 1335 1731 esopandit,
1373 1676 1420 1718 id
1447 1679 1506 1719 est
1534 1678 1720 1720 extendit.
1770 1680 1807 1719 et

96 1745 276 1803 (dicunt)
313 1748 484 1800 quidam
515 1745 703 1800 epanclit'
735 1747 787 1789 ab
825 1761 886 1799 eo,
923 1747 1032 1800 quod
1067 1750 1125 1789 est
1155 1746 1329 1801 ‘aperit'
1360 1749 1517 1799 venire,-
1561 1763 1663 1791 nam
1699 1749 1808 1802 quod

96 1805 299 1871 apertura,
336 1820 396 1860 est
433 1819 557 1860 latius
587 1818 812 1870 diffusum:
852 1818 947 1860 hinc
978 1820 1037 1861 est
1062 1819 1274 1873 patulae
1312 1819 1552 1862 recubans
1587 1820 1674 1863 sub
1712 1823 1806 1874 tey-

96 1889 226 1930 rnine
254 1887 375 1942 faoi.
464 1900 624 1931 VVLGO
652 1891 832 1944 temere,
858 1890 1038 1944 passim,
1065 1890 1332 1932 catervatim.
1381 1904 1438 1932 an
1465 1889 1597 1946 ‘vulyo
1621 1890 1809 1945 ferunt'?

216 1959 314 2000 284.
372 1975 471 2002 VANA
505 1976 657 2002 mmmm
691 1962 832 2001 utrum
869 1957 1093 2013 καθόλου,
1134 1974 1191 2003 an
1228 1974 1331 2015 quae
1367 1974 1418 2003 ex
1447 1961 1512 2004 his
1542 1976 1653 2004 vana
1682 1961 1808 2004 sunt?

106 2034 144 2073 et
173 2031 252 2073 duo
283 2030 536 2072 somniorum
564 2044 714 2084 yenera
737 2034 966 2084 putantur:
998 2045 1129 2073 unum
1160 2033 1207 2075 de
1238 2033 1363 2084 caelo,
1394 2036 1441 2074 ut
1466 2032 1535 2087 <V
1557 2033 1671 2087 722>
1703 2034 1808 2075 visa

99 2101 274 2145 dehinc
303 2101 436 2143 caelo
465 2101 623 2153 facies
653 2102 854 2156 delapsa
878 2104 1110 2156 parentis
1136 2103 1401 2154 Anchisae,
1433 2105 1541 2157 quod
1570 2107 1628 2146 est
1657 2117 1808 2158 verum,

102 2172 220 2215 aliud
249 2172 300 2214 ab
330 2172 495 2225 inferis,
533 2173 642 2226 quod
670 2176 730 2215 est
757 2187 923 2215 vanum.
1063 2185 1311 2224 FOLIISQVE
1343 2186 1426 2216 svss
1460 2186 1663 2217 OMNfflvs
1696 2186 1811 2216 HAE-

101 2255 222 2286 RENT
263 2242 336 2299 qui
375 2242 426 2285 de
459 2243 640 2286 somniis
673 2244 938 2298 scripserunt
969 2244 1133 2299 dicunt,
1172 2259 1254 2300 quo
1291 2247 1487 2300 tempore
1526 2245 1631 2288 folia
1663 2245 1713 2287 de
1746 2261 1809 2287 ar-

101 2316 278 2358 boribus
299 2314 479 2370 cadunt,
505 2329 614 2357 vana
634 2329 726 2356 esse
754 2314 941 2357 somnia:
974 2315 1088 2370 quod
1112 2330 1190 2371 per
1214 2317 1446 2359 transitum
1473 2317 1629 2373 tetigit.
1670 2316 1811 2359 ‘vana'

198 2435 242 2467 21
268 2430 438 2477 patulae]
465 2431 548 2466 buc.
576 2430 592 2464 I
619 2435 637 2465 1
664 2433 676 2478 ss
708 2436 751 2467 27
779 2431 844 2476 qui
872 2458 878 2465 .
902 2460 909 2467 .
932 2460 938 2466 .
967 2432 1128 2478 somnia]
1156 2444 1269 2469 exscr.
1297 2432 1482 2478 mythogr.
1510 2433 1563 2468 III
1589 2438 1621 2479 6,
1648 2438 1694 2469 24

202 2542 220 2573 1
247 2537 638 2619 epithetonkfortasse
662 2538 870 2573 addendum
898 2537 1173 2575 ‘mortiferum’.
1207 2541 1219 2586 n
1254 2543 1276 2574 4
1301 2539 1339 2574 in
1365 2539 1519 2586 quibus]
1547 2542 1584 2575 et
1609 2540 1815 2576 habitatio-

107 2598 197 2621 num
222 2586 306 2620 loca
331 2585 415 2620 add.
487 2584 537 2627 G,
573 2595 665 2630 quae
689 2585 828 2620 Daniel
860 2585 992 2620 omissa
1019 2587 1056 2621 et
1086 2587 1215 2622 vocula
1245 2590 1326 2632 post
1358 2587 1584 2632 accipiamus
1617 2589 1813 2624 collocavit.

107 2635 260 2678 sortasse
291 2632 470 2677 plenioris
507 2633 755 2667 commentarii
792 2635 919 2668 auctor
957 2633 1018 2667 vel
1057 2633 1335 2669 habitationum
1370 2635 1454 2670 loca
1490 2639 1570 2679 post
1606 2635 1645 2670 in
1680 2635 1814 2680 quibus

107 2681 217 2716 natae
244 2679 330 2714 sunt
353 2679 548 2715 addiderat
571 2680 583 2725 ΙΙ
607 2683 628 2714 5
655 2680 891 2715 auectoribus
919 2679 952 2714 G
991 2680 1181 2716 autoribus
1209 2682 1253 2715 H
1266 2683 1277 2727 ΙΙ
1303 2682 1411 2717 cedes
1437 2682 1516 2717 FG
1535 2684 1547 2729 ιι
1573 2687 1593 2718 6
1620 2683 1725 2729 quia]
1752 2683 1815 2728 qui

111 2727 189 2763 FG
214 2729 226 2773 ΙΙ
259 2727 296 2761 et
321 2737 385 2762 om.
414 2725 510 2770 FG,
535 2727 689 2770 fortasse
712 2730 820 2763 recte:
846 2738 932 2762 nam
957 2726 1001 2761 ut
1023 2739 1097 2762 non
1123 2728 1297 2764 videatur
1324 2756 1330 2762 .
1353 2758 1358 2764 .
1383 2757 1389 2763 .
1418 2740 1586 2765 exercere
1612 2741 1814 2775 poenarum

109 2775 279 2810 videntwr
299 2777 384 2818 post
408 2773 447 2807 in
474 2772 608 2818 quibus
633 2775 744 2809 natae
771 2775 857 2808 sunt
882 2775 1093 2810 collocanda
1113 2787 1192 2811 esse.
1232 2779 1385 2811 ceterum
1410 2778 1449 2811 et
1473 2778 1516 2811 ut
1540 2788 1613 2812 non
1635 2804 1642 2811 .
1665 2806 1671 2813 .
1695 2806 1701 2813 .
1727 2788 1814 2823 poe-

110 2833 241 2857 narum
265 2831 331 2856 orn.
361 2821 419 2864 M,
444 2821 486 2855 in
511 2832 624 2867 mary.
650 2821 758 2863 infer.
786 2822 967 2865 supplevit
990 2833 1025 2856 m
1056 2823 1068 2869 ΙΙ
1101 2827 1120 2858 7
1147 2822 1254 2869 alibi]
1283 2822 1375 2858 abili
1402 2824 1445 2857 H
1468 2825 1480 2870 ΙΙ
1512 2828 1532 2859 8
1559 2824 1724 2870 manere]
1753 2826 1818 2859 aut

110 2869 146 2904 in
174 2868 360 2904 uestibulo
386 2879 536 2903 manere
562 2868 646 2904 add.
673 2867 813 2903 FGM
835 2870 846 2915 ΙΙ
876 2872 920 2903 10
945 2869 1052 2904 schol.
1079 2871 1128 2905 ad
1152 2882 1183 2905 v.
1210 2874 1277 2905 281
1305 2881 1371 2906 om.
1399 2870 1434 2905 G
1458 2873 1469 2917 ΙΙ
1495 2883 1625 2916 omnen
1651 2868 1717 2907 om.
1745 2872 1785 2906 F
1806 2872 1817 2918 Η

114 2919 155 2950 12
183 2916 236 2962 εὴ]
268 2916 334 2950 aut
361 2914 438 2950 FG
468 2916 480 2962 ΙΙ
516 2914 769 2961 intellegimus
795 2926 860 2951 om.
890 2915 968 2950 FG
997 2917 1010 2962 ΙΙ
1047 2921 1090 2952 13
1118 2929 1184 2962 per
1208 2929 1273 2953 om.
1302 2918 1335 2952 G
1366 2919 1378 2964 Η
1417 2922 1461 2953 14
1487 2919 1598 2964 quael
1633 2918 1726 2954 duae
1754 2919 1783 2954 S
1808 2919 1816 2964 Η

115 2963 239 2998 omnia
262 2962 356 2997 haec
375 2962 411 2997 A
431 2963 442 3009 ΙΙ
460 2962 629 2997 indicant
646 2962 814 2998 RASH
828 2964 839 3009 11
859 2964 898 2997 et
922 2963 1043 2998 exitus
1064 2992 1072 3001 .
1094 2993 1100 2999 .
1124 2992 1130 2999 .
1155 2965 1287 3011 falsus]
1315 2966 1354 3000 et
1380 2966 1498 3001 exitus
1523 2966 1637 3001 falsus
1665 2967 1721 3001 est
1743 2967 1791 3000 M
1807 2966 1818 3010 l?

115 3013 157 3045 17
183 3008 331 3055 quidem
359 3009 450 3054 FG,
477 3010 620 3045 correxi
637 3010 649 3056 ΙΙ
667 3008 707 3044 in
731 3008 853 3045 ulmos
875 3010 999 3045 omnia
1019 3010 1097 3046 FG
1115 3012 1127 3058 ΙΙ
1146 3023 1218 3047 uno
1241 3012 1274 3047 G
1293 3013 1304 3058 ΙΙ
1325 3014 1368 3046 18
1394 3013 1515 3048 ulmos
1536 3012 1622 3056 FG,
1648 3014 1789 3049 correoei
1808 3049 1817 3056 Μ

114 3056 183 3091 viti
208 3057 354 3101 scripsi:
380 3056 437 3092 uti
458 3057 535 3091 FG
554 3058 565 3103 11
584 3068 661 3092 rem
687 3058 833 3092 inanem
857 3057 909 3092 F:
936 3069 1013 3092 rem
1034 3059 1131 3095 nane
1153 3059 1196 3094 G.
1232 3062 1316 3103 post
1334 3058 1484 3095 inanem
1508 3060 1595 3096 haec
1616 3061 1690 3103 fere
1710 3061 1817 3094 inter-

115 3103 242 3139 cidisse
266 3104 436 3139 videntur
460 3104 499 3139 in
524 3104 625 3139 ulmo
653 3115 730 3139 esse
762 3106 774 3150 ΙΙ
812 3108 854 3139 19
888 3105 1025 3140 scholia
1056 3106 1106 3141 ad
1138 3118 1267 3140 mumr
1294 3109 1326 3140 et
1350 3119 1466 3142 vvnoo
1491 3118 1558 3142 om.
1586 3107 1620 3141 G
1651 3109 1662 3152 ΙΙ
1692 3118 1819 3140 rmum·

116 3151 241 3185 autem
266 3151 371 3195 vulqo
402 3152 414 3197 ΙΙ
450 3155 496 3186 20
529 3150 658 3186 dicunt
689 3152 774 3187 add.
804 3151 1044 3186 Commelinus
1074 3155 1085 3198 ΙΙ
1122 3157 1166 3187 22
1199 3153 1354 3198 temere]
1388 3164 1453 3188 om.
1481 3154 1529 3198 F,
1562 3156 1687 3188 tenere
1715 3152 1783 3186 Ha
1808 3152 1819 3197 Η

118 3201 164 3277 ξὸ
190 3198 338 3277 catFolou
363 3197 402 3231 F
418 3199 430 3243 ΙΙ
455 3201 500 3233 25
527 3200 584 3234 est
608 3209 674 3234 om.
702 3198 736 3233 G
755 3198 766 3243 ΙΙ
786 3203 829 3233 26
856 3199 1027 3234 scholium
1055 3201 1104 3234 acl
1128 3212 1312 3239 ronustm
1339 3212 1365 3235 e.
1394 3214 1424 3235 ο.
1452 3214 1486 3236 11.
1514 3212 1579 3235 om.
1610 3200 1642 3234 G
1661 3201 1673 3244 ΙΙ
1692 3202 1737 3233 28
1764 3209 1818 3233 ar-

146 3254 207 3277 ore

192 3307 290 3333 Servii
309 3315 414 3334 comm.
433 3309 502 3334 Vol.
522 3309 563 3335 11.
584 3310 670 3337 Fuso.
690 3309 713 3334 1.
1516 3308 1537 3338 4

1826 1041 1869 1071 10

1829 1395 1872 1427 15

1831 1752 1876 1783 20

1835 2108 1879 2139 25
