2092 3614
23 0 54 14 's-
64 0 189 27 '‘kfifflz'li
214 0 221 7 ²
238 0 295 18 ⁵¹''51
326 9 333 20 ι
377 2 387 13 ‘

527 272 675 310 COMM.
702 273 754 309 IN
780 273 923 310 VERG.
950 274 1061 310 AEN.
1087 273 1139 309 IX
1165 275 1366 309 333—358.
1713 272 1797 314 341

213 384 312 427 348.
361 395 474 426 VINA
511 395 693 426 REFERT
738 383 929 439 proprie,
974 398 1083 439 quae
1127 383 1256 438 paulo
1303 385 1402 425 ante
1442 385 1682 438 potaverat.

94 454 251 509 ‘refert’
284 459 421 498 autem
449 456 585 507 reieit;
619 455 785 509 Graeci,
815 458 864 497 ut
892 455 977 510 ille,
1009 455 1151 497 dieunt
1180 450 1406 510 ἀναφέρει.
1529 465 1610 496 HIC
1643 465 1799 496 FVRTO

93 538 323 570 FERVIDVS
355 538 524 569 INSTAT
564 526 727 568 scilieet
765 525 1001 581 Euryalus,
1044 526 1118 581 qui
1157 525 1376 568 saeviebat
1413 525 1619 580 latenter,
1657 527 1707 568 ut
1745 526 1802 567 sit

95 598 254 640 ‘furto'
286 600 500 640 nocturno
532 597 715 654 proelio:
747 612 847 639 nam
880 597 998 640 fures
1030 597 1126 639 ideo
1154 596 1258 639 dicti
1285 598 1406 650 sunt,
1438 597 1553 651 quod
1584 597 1729 652 furvo,
1759 597 1804 638 id

94 671 159 712 est
198 670 324 725 nigro
361 672 556 724 tempore
593 669 713 711 furta
751 669 1044 711 committunt:
1084 671 1160 710 aut
1197 683 1242 709 re
1275 682 1378 710 vera
1410 666 1547 709 ‘furto
1579 666 1804 723 fewidus’,

95 741 197 796 quia
228 740 418 795 Messapi
444 740 621 796 'galeam
654 739 830 782 sustulit
862 743 905 781 et
939 739 1194 781 Rhamnetis
1226 739 1440 794 phaleras.

212 812 310 853 350.
359 829 552 855 DEFIGERE
579 827 800 854 EXTREMVM
838 815 981 853 utrum
1025 810 1181 865 ‘iqnem
1220 809 1477 865 extremum',
1522 823 1579 852 an
1620 809 1805 864 ‘deficere

93 882 368 925 eaetremum’?
460 894 720 926 RELIGATOS
747 898 836 925 non
862 883 1092 934 resolutos,
1122 882 1196 924 sed
1221 882 1452 938 diligenter
1477 882 1660 938 ligatos:
1692 882 1803 923 unde

94 954 259 996 addidit
291 953 417 1008 ‘rite'‚
449 954 491 996 id
525 957 592 997 est
619 969 670 996 ex
695 954 873 996 militari
906 954 1218 997 consuetudine
1251 953 1414 1008 optime
1445 953 1620 1008 ligatos.
1716 971 1807 996 mm

93 1039 142 1068 ex
173 1039 294 1069 more.

214 1097 312 1141 352.
363 1114 501 1141 SENSIT
523 1115 627 1141 ENIM
642 1097 912 1152 parenthesis.
1004 1114 1120 1140 NJMJA
1147 1114 1273 1139 GAEDE
1299 1114 1421 1139 FERRI
1444 1098 1551 1139 deest
1575 1095 1745 1138 ‘illum'.

95 1186 216 1211 FERRJ
244 1168 477 1225 φέρεσθαι.

215 1240 312 1283 353.
362 1252 460 1283 va
490 1251 676 1282 INIMIOA
707 1240 932 1294 proditrix.

214 1311 312 1354 354.
362 1323 613 1354 POENARVM
652 1323 936 1354 EXHAVSTVM
976 1322 1104 1354 SATIS
1143 1322 1227 1354 EST
1267 1311 1375 1353 bene
1408 1310 1720 1366 ‘exhaustum',
1758 1314 1807 1353 ut

96 1383 296 1425 ostendat
328 1397 400 1425 eos
434 1383 581 1425 avidos
616 1383 757 1425 caedis
788 1383 925 1425 fuisse
958 1385 1001 1424 et
1033 1382 1196 1425 cruoris
1236 1383 1422 1425 hostilis.
1542 1395 1623 1424 VIA
1654 1394 1805 1425 FACTA

95 1466 186 1496 PER
217 1465 393 1497 HOSTES
425 1457 474 1496 ut
505 1454 649 1509 (321)
681 1454 805 1496 haec
843 1467 935 1510 ego
974 1456 1123 1496 vasta
1161 1454 1291 1496 dabo
1331 1457 1380 1496 et
1412 1455 1521 1496 lato
1553 1456 1603 1496 te
1636 1454 1806 1496 limite

95 1526 284 1568 ducam.
944 1536 946 1541 ’
1063 1534 1067 1539 “

215 1597 313 1640 355.
363 1615 494 1641 MVLTA
529 1615 590 1641 vm
600 1615 654 1640 VM
676 1634 682 1640 .
703 1634 738 1641 ..
766 1614 935 1640 TA-PETAS
971 1597 1075 1639 mire
1111 1600 1249 1639 artum
1288 1600 1443 1651 tempus
1479 1597 1693 1651 expressit,
1729 1611 1807 1651 quo

95 1683 248 1712 weeesse
278 1673 368 1711 erat
395 1669 492 1712 haec
523 1670 713 1712 omittere.

216 1741 313 1783 356.
358 1758 578 1789 Pnczfflose
588 1758 634 1784 Vh:
658 1757 828 1784 TAPETAS
851 1741 1070 1783 seeundum
1091 1739 1269 1783 Graecos
1280 1754 1358 1794 per
1377 1739 1653 1782 masmawzmum
1668 1753 1807 1794 glenus.

215 1812 313 1854 357.
362 1824 606 1854 EVRYALVS
644 1823 888 1854 PHALERAS
927 1823 1194 1854 RHAMNETIS
1233 1823 1291 1853 ET
1324 1823 1479 1854 AVREA
1510 1822 1678 1853 BVLLIS
1712 1822 1808 1853 CIN-

97 1894 225 1925 GVLA
266 1895 454 1925 TIBVRTI
497 1884 699 1938 phalerae
741 1885 997 1925 ornamenta
1040 1898 1248 1938 equorum
1295 1886 1406 1925 sunt.
1470 1885 1513 1924 et
1556 1886 1623 1925 est
1666 1897 1807 1925 sermo

97 1953 285 1996 Graecus
318 1950 405 1996 κὰπ
438 1951 602 2009 φάλαρ’
639 1950 863 2008 εὐποίητα.
913 1953 1166 2009 ‘cingulum'
1200 1957 1342 1996 autem
1375 1954 1602 1996 hominum
1636 1954 1807 2009 generis

96 2025 239 2067 neutri
271 2028 352 2077 est,
383 2041 486 2068 nam
519 2026 769 2068 animalium
802 2040 957 2082 genere
989 2025 1197 2066 feminino
1232 2025 1414 2067 dicimus
1448 2024 1549 2067 ‘has
1583 2025 1806 2082 cingulas’.

216 2097 314 2140 358.
366 2109 554 2140 TIBVRTI
598 2109 789 2140 REMVLO
834 2107 1098 2139 D1T1SS1MVS
1145 2108 1262 2139 OLIM
1307 2108 1431 2146 QVAE
1476 2109 1634 2138 M1TT1T
1678 2108 1807 2139 DONA

98 2168 360 2223 consuetudo
405 2172 499 2211 erat
543 2169 656 2224 apud
700 2169 885 2210 maiores
925 2171 974 2210 ut
1011 2169 1124 2210 inter
1161 2183 1206 2210 se
1250 2167 1447 2210 homines
1492 2168 1673 2223 hospitii
1713 2169 1808 2210 iura

99 2239 260 2281 mutuis
294 2239 545 2282 muneribus
578 2240 849 2295 copularent,
882 2240 949 2282 vel
979 2239 1026 2281 in
1056 2239 1273 2294 praesenti
1305 2239 1374 2281 vel
1400 2254 1477 2294 per
1502 2239 1806 2282 internuntios,

99 2325 248 2352 sensus
282 2324 384 2366 ergo
416 2326 528 2354 nunc
559 2311 660 2353 talis
693 2313 776 2353 est:
817 2310 1025 2354 Caedicus
1059 2310 1234 2366 quidam
1266 2310 1437 2352 Tiburti
1468 2310 1671 2366 Remulo,
1710 2326 1806 2353 cum

100 2397 197 2425 eum
228 2382 311 2424 Sibi
336 2383 493 2425 absens
519 2382 714 2438 hospitio
741 2382 871 2425 vellet
897 2382 1147 2438 adiungere,
1180 2381 1300 2423 misit
1327 2381 1528 2436 phaleras
1555 2385 1599 2424 et
1623 2382 1807 2438 cingula,

99 2453 228 2495 bullis
262 2453 421 2510 aureis,
452 2454 534 2496 hoc
566 2459 631 2496 est
662 2454 795 2496 clavis
828 2453 1049 2510 insignita.
1100 2452 1307 2495 Remulus
1334 2453 1520 2495 moriens
1547 2454 1696 2508 nepoti
1729 2468 1822 2511 suoN

100 2538 377 2555 —r——*

194 2574 216 2605 4
241 2582 330 2605 nam
354 2568 454 2606 fures
481 2600 489 2607 .
511 2600 518 2608 .
541 2600 547 2608 .
575 2571 830 2617 committunt]
858 2571 902 2607 cf.
930 2570 1023 2607 Gell.
1051 2569 1067 2604 I
1096 2573 1150 2615 18,
1170 2573 1208 2614 43
1237 2569 1323 2606 Isid.
1352 2581 1403 2605 or.
1431 2569 1464 2604 X
1491 2573 1575 2614 106;
1603 2569 1679 2604 diff.
1707 2570 1806 2606 verb.

100 2622 168 2653 340
187 2620 200 2664 ll
219 2622 264 2653 20
290 2618 492 2655 secundum
519 2647 526 2654 .
549 2646 557 2654 .
579 2648 587 2655 .
614 2630 728 2664 genus
772 2619 817 2654 cf.
840 2618 932 2654 Non.
954 2630 989 2664 p.
1011 2622 1090 2663 229,
1113 2621 1134 2652 8
1154 2617 1202 2652 M.
1222 2619 1235 2663 ΙΙ
1254 2621 1297 2652 22
1325 2618 1502 2663 phalerae
1529 2644 1536 2652 .
1559 2644 1566 2651 .
1590 2646 1596 2653 .
1626 2617 1807 2664 Graecus]

100 2677 215 2701 exscr.
242 2665 327 2700 Isid.
354 2677 404 2701 or.
426 2665 494 2700 XX
516 2670 570 2710 16,
594 2670 623 2702 1.
662 2667 708 2701 cf.
772 2678 829 2701 on.
856 2679 891 2711 p.
919 2669 999 2710 554,
1024 2669 1067 2700 16
1089 2666 1134 2700 M.
1155 2667 1167 2710 ΙΙ
1194 2669 1239 2700 23
1265 2663 1360 2711 κὰπ]
1388 2665 1494 2700 Hom.
1522 2665 1563 2700 11.
1592 2664 1677 2699 XVI
1706 2669 1772 2700 106
1797 2665 1809 2712 Η

101 2713 293 2759 cingulum
320 2741 326 2747 .
351 2740 358 2748 .
381 2741 388 2749 .
414 2714 482 2748 has
509 2714 696 2760 cingulas]
722 2724 837 2749 exscr.
863 2713 948 2749 Isid.
976 2724 1027 2748 or.
1054 2711 1122 2747 XX
1148 2716 1203 2757 16,
1230 2716 1253 2747 4

198 2825 215 2855 1
250 2821 300 2856 ad
331 2833 465 2855 aarum*
490 2830 517 2856 s.
544 2830 575 2855 v.
602 2819 727 2862 reicit,
764 2820 813 2855 ad
843 2832 902 2855 mc
935 2830 961 2855 s.
988 2829 1019 2855 v.
1047 2820 1112 2854 aut
1141 2830 1209 2865 pro
1239 2821 1329 2855 tunc
1361 2820 1427 2854 aut
1457 2818 1519 2854 hic
1551 2819 1713 2854 eurialus
1742 2819 1775 2854 T
1801 2818 1814 2866 ΙΙ

102 2871 123 2903 3
149 2868 214 2913 qui
240 2869 396 2903 Seuebat
421 2867 456 2902 L
482 2868 585 2912 (quia
611 2869 780 2902 seuiebat
805 2868 831 2912 l)
869 2867 933 2912 qui
957 2867 1106 2903 furebat
1129 2867 1170 2901 F
1186 2869 1197 2913 ΙΙ
1229 2871 1250 2902 6
1277 2869 1315 2902 et
1339 2878 1415 2902 om.·
1432 2867 1556 2902 ASH
1562 2867 1610 2901 M
1618 2866 1657 2901 F
1672 2870 1684 2911 ΙΙ
1714 2871 1733 2902 7
1761 2869 1810 2903 ad

101 2927 273 2950 minoem:
299 2930 332 2952 a.
356 2926 385 2951 s.
404 2926 436 2951 υ.
464 2918 529 2950 aut
555 2916 761 2950 extremum
787 2914 943 2950 deficere
969 2916 1034 2950 aut
1059 2916 1264 2950 extremum
1290 2915 1417 2960 ignem
1440 2914 1502 2960 '1⁷11
1527 2919 1547 2950 8
1573 2914 1753 2960 &ligatos
1773 2915 1810 2950 R

103 2963 280 3008 diligatos
305 2963 339 2997 L
363 2965 376 3008 ΙΙ
408 2967 428 2997 9
454 2963 524 2998 rite
551 2963 608 2997 H:
634 2973 674 2997 re
698 2962 832 3007 ‘reliqui
849 2962 862 3007 ΙΙ
887 2962 1028 3007 optime
1054 2972 1120 2998 om.
1148 2962 1194 2997 M
1210 2963 1223 3008 ΙΙ
1248 2963 1297 2998 ad
1322 2974 1404 2997 mre
1429 2973 1456 2997 s.
1482 2973 1514 2998 v.
1542 2974 1586 2997 ex
1613 2973 1715 2997 more
1744 2962 1778 2996 T
1798 2963 1809 3009 ΙΙ

104 3013 147 3044 11
174 3013 279 3045 deest
304 3010 525 3046 Masvz‘cius:
551 3010 592 3044 id
617 3011 675 3045 est
699 3009 739 3044 F
754 3011 766 3055 fl
795 3013 836 3044 16
862 3010 1018 3045 uastabo
1046 3010 1090 3045 H
1104 3011 1117 3055 ΙΙ
1144 3013 1186 3045 18
1212 3010 1306 3044 mira
1332 3010 1412 3044 arte
1437 3009 1576 3044 Daniel
1595 3010 1606 3055 ΙΙ
1635 3013 1680 3045 20
1706 3020 1808 3044 CAPE-

103 3068 166 3091 TAS
192 3057 231 3092 F
246 3059 260 3102 ΙΙ
278 3061 323 3093 23
349 3066 726 3102 ΚΑψφώΛαΡειΠογΗΤᾱ,
744 3057 785 3091 1⁴⁷
819 3065 1188 3101 xaspspmsxm’euom'ra
1208 3057 1241 3092 G
1279 3053 1500 3101 καπφάλαρ’
1524 3054 1708 3101 εὐποίητα
1727 3056 1809 3090 Da-

1830 676 1850 707 5

1833 1033 1875 1064 10

1832 1391 1874 1422 15

1833 1749 1878 1780 20

1833 2106 1878 2137 25

1834 2462 1879 2493 30

102 3105 176 3139 ‘niel
220 3103 267 3139 τὰ
300 3102 442 3150 φάλαρ’
478 3103 659 3149 εὐποίητα
694 3104 944 3140 commolimus.
988 3107 1031 3140 in
1062 3105 1252 3140 Serm'am‘s
1287 3104 1391 3139 libris
1426 3104 1540 3139 deesse
1570 3115 1693 3139 moveo
1725 3104 1836 3138 haee.

103 3152 222 3186 verba.
241 3152 254 3197 ΙΙ
273 3153 422 3198 cingula
447 3153 521 3188 AS
538 3153 551 3197 ΙΙ
579 3157 622 3188 27
650 3153 712 3187 uel
736 3163 803 3198 per
829 3152 1076 3188 internuntios
1099 3152 1162 3187 uel
1186 3153 1224 3187 in
1250 3151 1437 3197 praesenti
1456 3152 1528 3186 AS
1547 3153 1557 3197 [Ι
1577 3152 1637 3186 uel
1663 3154 1746 3186 ante
1770 3149 1809 3184 in

104 3199 294 3242 praesenti
318 3210 385 3236 om.
410 3199 446 3235 R
465 3201 478 3245 ss
496 3204 541 3235 28
567 3211 664 3235 nunc
690 3211 756 3236 om.
783 3200 885 3245 Asu
905 3203 948 3234 29
975 3199 1144 3246 cingulas
1170 3199 1242 3234 AS
1268 3200 1373 3244 (corr.
1400 3201 1437 3244 a)
1458 3200 1534 3245 1130
1561 3198 1693 3244 clavis]
1723 3208 1808 3238 ana-

105 3245 203 3290 glifis
229 3256 404 3291 superser.
426 3248 437 3282 l
460 3248 473 3292 ΙΙ
503 3247 694 3292 insignata
719 3247 834 3283 ASL
861 3249 967 3293 (corr.
989 3248 1026 3292 a)

1453 3306 1526 3341 23*
