2092 3614
562 283 713 320 COMM.
739 283 793 319 IN
818 281 963 319 VERG.
989 282 1101 318 AEN.
1128 281 1180 317 XI
1204 286 1405 318 405—418.
1750 281 1836 323 529

245 393 345 436 412.
396 405 436 436 SI
476 404 573 435 TAM
609 404 811 436 DESERTI
849 403 997 435 svnvs
1038 392 1076 434 si
1112 392 1190 443 ita,
1227 392 1266 434 si
1301 391 1427 434 valde.
1479 393 1518 433 et
1551 390 1624 433 hoc
1659 392 1839 446 propter

126 464 395 521 Diomedem,
427 464 500 520 qui
533 465 651 507 solus
683 463 861 521 negavit
892 463 1064 506 auxilia.
1109 476 1201 517 erqo
1233 461 1418 505 ‘deserti'
1451 462 1502 505 ab
1533 462 1708 505 auxiliis
1732 462 1837 505 acci-

117 536 332 590 piendum.

245 607 344 650 413.
394 619 550 659 NEQVE
577 619 733 650 HABET
758 617 976 650 FORTVNA
1002 616 1276 648 REGRESSVM
1309 605 1456 648 omnia
1487 620 1597 661 quae
1629 605 1714 648 sibi
1738 620 1836 662 pos—

128 681 229 721 sunt
267 679 399 734 obici,
436 680 580 735 ponit,
619 679 693 721 sed
733 693 829 721 cum
861 677 1151 720 solutionibus
1185 672 1290 732 suisss
1334 691 1436 719 nam
1469 680 1512 719 et
1541 677 1719 720 fortuna
1748 692 1838 720 non
1863 684 1884 715 5

127 752 193 791 est
232 750 522 806 inmutabilis,
567 753 610 792 et
650 749 724 806 qui
761 750 894 792 semel
931 749 1126 804 pellitur,
1164 748 1321 790 iterum
1358 748 1406 790 in
1442 749 1655 803 proelium
1691 751 1838 805 potest

125 821 295 865 reverti.
357 825 401 864 et
444 822 499 864 ab
538 821 712 864 auxiliis
749 835 837 863 non
875 823 975 863 sunt
1012 820 1187 876 penitus
1227 819 1443 876 destituti,
1488 822 1532 862 et
1568 820 1615 862 in
1645 821 1837 876 ipsorum

128 892 319 935 exercitu
351 896 418 936 est
449 892 588 936 adhuc
619 892 854 948 plurimum
886 893 989 948 spei.
1051 894 1118 934 est
1149 892 1294 933 autem
1327 891 1618 948 syllogismus.

245 964 345 1007 414.
396 980 550 1008 OREMVS
580 981 707 1007 PAcEM
736 968 1027 1019 arqumentum
1055 963 1108 1006 ab
1138 963 1315 1006 honesto.
1425 981 1604 1007 DEXTRAS
1629 981 1841 1008 TENDAMVS

126 1051 288 1079 zmcmzs
313 1035 549 1088 felicitatem
578 1035 641 1078 rei
669 1035 800 1078 verbis
830 1036 1037 1090 expressit.
1866 1042 1910 1073 10

246 1106 347 1150 415.
398 1118 662 1158 QVAMQVAM
701 1118 730 1150 o
770 1119 811 1150 SI
850 1118 1048 1150 som'rAE
1089 1118 1338 1158 QVIDQVAM
1376 1119 1593 1151 vmrv‘ms
1628 1119 1837 1152 Annssm*

127 1192 216 1220 non
250 1192 295 1219 se
326 1178 510 1220 inertiae
543 1178 701 1235 arguit,
733 1178 808 1220 sed
835 1178 1030 1235 queritur
1054 1178 1106 1219 de
1131 1177 1294 1220 virtute
1319 1178 1483 1221 omissa
1507 1194 1584 1234 per
1608 1181 1839 1237 neglegen-

126 1249 245 1291 tiam.
307 1252 345 1291 ct
380 1249 539 1292 videtur
574 1250 748 1292 voluisse
784 1251 935 1293 dicere:
973 1251 1011 1293 si
1046 1250 1190 1293 solitae
1225 1249 1444 1304 quicquam
1478 1251 1644 1295 virtutis
1675 1253 1840 1308 adesset,

128 1333 356 1374 numquam
386 1321 445 1364 ad
472 1320 545 1364 hoc
575 1335 827 1376 coqeremur,·
857 1322 929 1364 sed
956 1321 1132 1375 reliquit.
1188 1319 1246 1363 ‘o'
1279 1313 1435 1363 autem
1455 1322 1639 1366 dolentis
1672 1326 1738 1366 est
1769 1339 1837 1366 ex-

123 1391 344 1443 clamatio,
378 1394 423 1434 et
452 1392 748 1449 intellegimus
780 1393 1043 1435 inmoratam
1076 1406 1169 1434 esse
1200 1391 1291 1434 illic
1323 1392 1417 1435 eius
1450 1395 1707 1438 orationem:
1738 1410 1839 1438 nam
1869 1399 1911 1430 15

123 1463 286 1505 exarsit
320 1462 482 1519 dolore,
514 1463 616 1519 quia
641 1465 789 1519 aperte
813 1478 903 1506 non
927 1463 1073 1519 potuit
1097 1462 1238 1506 dicere
1265 1463 1537 1507 moriendum
1561 1466 1709 1521 potius
1736 1481 1842 1523 esse,

125 1548 253 1589 quam
284 1533 433 1577 hostes
465 1534 698 1591 rogandos:
732 1535 846 1591 quod
871 1537 1019 1578 tamen
1046 1534 1168 1590 dixit,
1199 1535 1424 1578 conferens
1455 1550 1500 1579 se
1527 1537 1582 1579 ad
1607 1537 1716 1580 alias
1741 1553 1839 1593 per-

128 1619 257 1647 sonas
285 1608 328 1648 et
359 1605 542 1649 laudans
577 1621 650 1650 eos
684 1606 839 1662 quibus
867 1606 1052 1662 contigit
1076 1606 1229 1662 perire,
1261 1621 1315 1649 ne
1341 1607 1428 1650 ista
1453 1609 1762 1664 conspicerent.
1806 1614 1844 1653 et

125 1678 302 1720 servavit
330 1677 412 1720 viri
434 1678 559 1731 sortis
575 1692 810 1734 personam,
840 1681 888 1721 ut
904 1678 1161 1734 paenituerit
1183 1692 1276 1721 eum
1300 1679 1452 1723 dixisse
1478 1679 1653 1723 ‘oremus
1667 1681 1842 1736 paeem'.

246 1749 344 1791 416.
394 1765 488 1792 ILLE
515 1767 612 1793 mm
638 1768 743 1794 ANTE
772 1767 886 1793 amos
918 1753 1060 1793 utrum
1088 1751 1333 1805 qeneraliter
1361 1750 1460 1794 ‘ule’
1478 1765 1561 1806 pro
1588 1751 1842 1808 ‘quicumque
1867 1757 1912 1788 20

126 1820 322 1864 occubuit'
352 1822 634 1876 accipiendum
658 1825 727 1874 est,
751 1836 809 1865 an
833 1821 1094 1865 Mezentius?
1186 1833 1310 1864 ANTE
1336 1834 1474 1866 Amos
1507 1824 1673 1880 melior,
1705 1825 1841 1867 omni—

125 1891 207 1934 bus
245 1892 587 1948 praeferendus„
699 1905 1102 1945 FORTVNATVSQVE
1139 1904 1363 1938 LABORVM
1403 1895 1513 1938 sicut
1551 1895 1667 1951 <73>
1705 1897 1843 1939 laeta

126 1963 383 2007 laborum:
415 1966 459 2007 et
490 1967 556 2007 est
587 1964 810 2008 Graecum.

247 2036 347 2078 417.
397 2053 594 2080 Eenssazvs
624 2054 746 2081 ANIMI
771 2038 946 2092 fiqurate
976 2037 1093 2080 dixit.
1209 2048 1329 2079 TALE
1360 2049 1569 2080 VIDERET
1601 2039 1668 2080 vel
1693 2039 1842 2082 hostes

127 2107 294 2163 rogari:
341 2107 427 2163 vel,
465 2107 579 2164 quod
617 2109 805 2151 latenter
841 2109 1050 2161 insinuat,
1087 2107 1203 2150 tradi
1242 2108 1371 2151 alteri
1409 2109 1492 2151 sibi
1530 2111 1631 2152 ante
1663 2110 1840 2166 despon-
1868 2114 1913 2146 25

129 2179 283 2220 satam.
344 2179 433 2221 ideo
464 2182 503 2221 et
531 2180 660 2223 medie
690 2181 813 2235 elicto,
851 2181 1049 2235 quoniam
1079 2193 1145 2222 res
1175 2180 1262 2223 eius
1292 2180 1507 2237 aqebatur,
1539 2180 1604 2223 ‘ne
1633 2182 1736 2236 quid
1765 2182 1844 2225 tale

127 2248 294 2292 videret'
320 2250 482 2304 posuit:
513 2251 606 2305 quis
636 2252 746 2294 enim
770 2265 862 2294 eum
885 2252 1013 2304 ferret
1035 2251 1232 2294 dicentem
1256 2252 1516 2295 moriendum
1534 2253 1687 2307 potius,
1717 2267 1843 2308 quam

129 2321 177 2363 de
207 2322 366 2375 nuptiis
396 2322 484 2365 eius
513 2322 790 2365 mutandum?
1379 2338 1381 2340 ’

248 2394 349 2436 418.
399 2405 549 2437 SEMEL
583 2406 675 2438 oms
707 2405 958 2438 MOMORDrr
992 2393 1141 2437 ‘semel'
1176 2395 1278 2447 cito,
1317 2394 1564 2451 confestim,
1595 2395 1640 2437 id
1672 2398 1739 2438 est
1770 2397 1843 2452 qui

229 2526 274 2559 14
299 2534 320 2559 ο
346 2524 471 2560 autem
497 2535 530 2560 e.
556 2536 592 2570 q.
619 2525 663 2572 s.]
691 2524 736 2560 cf.
762 2523 876 2563 Macr.
902 2523 979 2561 Sat.
1005 2524 1057 2560 IV
1084 2529 1117 2570 6,
1144 2528 1190 2560 20
1210 2535 1264 2571 sq.

229 2647 247 2678 1
276 2642 308 2679 si
331 2644 402 2679 hoc
429 2642 470 2678 F
484 2644 497 2689 11
525 2647 546 2679 2
573 2642 771 2680 diomeden
796 2644 842 2679 H
855 2645 868 2690 ΙΙ
887 2644 936 2680 acl
960 2656 1110 2679 nassum
1138 2657 1165 2679 s.
1191 2654 1220 2679 s.
1246 2654 1276 2679 v.
1304 2643 1352 2679 ab
1377 2643 1526 2678 auxiliis
1556 2643 1615 2689 ΤΙΙ
1645 2647 1664 2678 7
1692 2654 1842 2679 suorum

133 2690 162 2726 S
197 2690 280 2736 ipso
305 2690 341 2725 R
359 2691 372 2736 ΙΙ
404 2694 425 2725 9
451 2690 589 2726 scholia
613 2691 663 2726 ad
686 2702 718 2726 v.
745 2694 816 2726 414
840 2692 922 2727 hab.
947 2691 981 2726 T
994 2692 1006 2736 ΙΙ
1039 2695 1083 2726 10
1108 2691 1180 2727 hoc
1205 2690 1364 2726 dicendo
1389 2690 1611 2726 felicitatem
1638 2691 1672 2724 T
1687 2692 1700 2736 ΙΙ
1718 2691 1843 2727 selita-

132 2740 210 2773 tem
236 2737 284 2773 F.
325 2741 479 2774 ceterum
503 2738 590 2773 haec
613 2739 751 2774 scholia
774 2750 850 2775 non
875 2740 924 2775 ad
949 2750 992 2774 ea
1017 2750 1109 2784 quae
1127 2739 1364 2784 praescripta
1388 2742 1475 2774 sunt
1499 2739 1627 2782 verba,
1652 2739 1714 2774 sed
1733 2739 1843 2783 prius

133 2786 183 2821 ad
207 2796 239 2821 v.
266 2788 336 2821 415
351 2796 444 2831 sqq.,
470 2786 625 2821 alterum
650 2786 699 2821 acl
723 2797 755 2821 v.
776 2789 844 2821 419
859 2797 931 2832 sqq.
952 2786 1139 2831 pertinere
1162 2787 1342 2823 videntur.
1363 2787 1375 2832 ΙΙ
1403 2790 1446 2821 13
1472 2787 1523 2822 acl
1547 2792 1578 2821 v.
1599 2789 1668 2821 415
1694 2785 1844 2822 uidetur

133 2833 203 2868 hoc
230 2833 353 2868 dicere
380 2861 388 2868 .
411 2859 419 2867 .
441 2860 448 2867 .
475 2832 639 2877 reliquit.
678 2834 716 2868 et
741 2833 907 2869 seruauit
933 2861 941 2868 .
962 2862 969 2869 .
994 2861 1001 2868 .
1029 2845 1176 2870 oremus
1201 2844 1334 2879 pacem
1363 2834 1396 2868 T
1425 2835 1436 2880 ΙΙ
1466 2833 1616 2868 uirtutis
1642 2833 1843 2878 quicquam

137 2880 170 2915 T
186 2881 198 2927 ΙΙ
219 2884 263 2916 14
289 2881 336 2916 ad
361 2891 428 2916 om.
451 2880 485 2914 T
502 2880 514 2927 ΙΙ
532 2891 554 2915 o
573 2891 640 2917 om.
661 2879 753 2916 RH
767 2882 779 2927 ΙΙ
799 2882 856 2916 est
880 2882 1007 2917 autem
1032 2881 1194 2917 dolentis
1219 2881 1256 2917 R
1274 2882 1287 2927 ΙΙ
1318 2884 1361 2916 15
1386 2880 1619 2917 immolatam
1645 2881 1692 2916 H
1723 2879 1842 2916 inmo·
1879 2882 1884 2887 '

134 2927 304 2964 deratam
331 2928 381 2963 M
396 2929 409 2975 ΙΙ
427 2927 463 2963 ei
488 2927 517 2963 S
534 2929 547 2973 ΙΙ
565 2927 668 2974 nam]
694 2939 792 2963 nunc
817 2929 884 2974 Au
917 2932 961 2964 16
987 2927 1126 2976 dicere]
1152 2940 1220 2966 om.
1247 2928 1287 2964 F
1302 2930 1314 2974 ΙΙ
1347 2933 1390 2964 17
1417 2928 1510 2964 dicit
1534 2928 1665 2964 ΑΒΜ
1681 2930 1692 2975 ΙΙ
1724 2932 1770 2963 20
1796 2929 1844 2964 acl

134 2987 214 3010 mma
238 2989 274 3010 u.
299 2988 333 3011 A.
358 2987 393 3010 A.
419 2986 446 3011 s.
473 2986 505 3011 v.
532 2977 599 3011 aut
629 2974 855 3020 generaliter
887 2975 1112 3021 quicumque
1139 2981 1205 3012 aut
1230 2976 1448 3021 specialiten
1467 2976 1675 3012 mezentius
1702 2977 1736 3011 Τ
1758 2978 1770 3022 ΙΙ
1798 2980 1840 3011 21

134 3023 242 3059 schol.
268 3024 319 3059 ad
342 3035 434 3058 ANTE
459 3035 494 3058 A.
518 3034 585 3059 om.
614 3022 654 3058 F
682 3023 693 3069 ΙΙ
730 3026 775 3058 22
802 3023 903 3058 laeta
927 3023 1098 3059 laborum
1124 3023 1265 3060 ASM:
1291 3023 1435 3059 letorue
1460 3024 1644 3059 malorum
1670 3024 1706 3059 R
1743 3024 1845 3058 laeta

135 3069 268 3106 borum
281 3070 327 3105 Η
362 3070 526 3106 laetatus
552 3069 724 3106 laborum
737 3069 779 3104 F
793 3071 805 3116 ΙΙ
823 3074 869 3106 23
890 3070 1088 3118 Graecum]
1116 3068 1275 3117 εὐτυχὴς
1294 3071 1369 3106 τῶν
1388 3068 1518 3106 πόνων
1543 3072 1627 3107 add.
1642 3071 1845 3107 Fabricius

138 3117 148 3163 ΙΙ
174 3121 220 3152 24
244 3118 283 3152 te
307 3117 462 3154 laudare
486 3118 549 3154 uel
573 3119 700 3154 hostes
725 3128 859 3163 rogare
879 3117 1081 3155 Fabricius
1098 3120 1110 3165 ΙΙ
1129 3122 1175 3154 25
1199 3118 1326 3163 rogari
1345 3129 1389 3153 ex
1407 3129 1540 3163 rogare
1559 3118 1606 3153 H
1624 3129 1756 3164 rogare
1776 3118 1817 3152 F
1833 3117 1845 3166 Η

138 3166 225 3200 ante
251 3175 318 3201 om.
338 3165 406 3248 EA}
424 3166 611 3212 desponsa
635 3177 680 3201 ex
705 3166 892 3210 desponsa
910 3165 957 3200 H
988 3166 1215 3212 desponsum
1234 3166 1301 3209 Fu
1320 3169 1365 3201 26
1390 3167 1440 3202 acl
1465 3179 1509 3201 nn
1534 3179 1619 3206 va
1646 3180 1677 3200 rr.
1704 3179 1737 3202 v.
1762 3176 1791 3201 s.
1810 3177 1843 3200 v.

137 3211 260 3247 medie
285 3213 356 3248 hoc
406 3213 474 3249 icit
499 3214 588 3258 quia
612 3224 672 3248 res
699 3212 776 3248 eius
802 3212 985 3258 agebatur
1005 3214 1039 3249 Τ
1055 3215 1067 3260 ΙΙ
1085 3214 1208 3250 medie
1234 3212 1336 3248 dicto
1356 3213 1411 3248 F:
1437 3213 1563 3249 media
1587 3213 1687 3249 dicto
1706 3212 1846 3249 Daniel

137 3259 263 3295 media
288 3260 390 3296 dicta
415 3260 620 3296 Masvicius
639 3262 651 3307 ΙΙ
676 3264 720 3295 29
749 3273 852 3296 smvt.
873 3260 914 3295 F
