2124 3600
258 1019 302 1050 10

257 1379 300 1411 15

331 257 387 300 68
565 263 568 265 ’
1105 256 1266 292 SERVII

330 368 442 408 teret
473 366 676 421 phocam:
710 379 795 421 quo
820 365 938 408 facto
966 367 1119 409 territis
1144 359 1325 420 equis‘et
1352 365 1592 422 Hippolyto
1619 367 1880 423 interempto
1906 367 2041 411 Phae-

331 437 408 480 dra
449 437 609 480 amoris
653 436 914 493 inpatientia
958 437 1112 493 laqueo
1153 437 1289 478 vitam
1333 436 1485 479 finivit.
1607 448 1908 488 PROCRINQVE
1953 439 2043 482 filia

330 508 504 564 Iphicli,
535 522 644 551 uxor
670 506 851 563 Cephali
884 508 979 550 fuit.
1019 509 1092 564 qui
1119 523 1215 550 cum
1242 507 1427 550 venandi
1452 508 1596 567 studio
1624 511 1860 565 teneretur,
1893 510 2042 553 labore

329 580 469 623 fessus
512 580 566 622 ad
606 580 750 623 locum
793 579 1003 635 quendam
1044 580 1090 621 in
1121 579 1238 621 silvis
1276 579 1337 620 ire
1377 582 1660 622 consueverat
1698 582 1741 622 et
1778 581 1867 623 illic
1905 581 1957 624 ad
1998 597 2042 624 se

328 653 609 695 recreandum
642 666 791 694 auram
824 665 988 693 vocare.
1050 650 1163 706 quod
1197 665 1294 692 cum
1326 664 1454 705 saepe
1486 650 1665 706 faceret,
1698 666 1888 694 amorem
1919 652 1962 695 in
1997 668 2042 696 se

329 724 468 768 movit
510 723 721 779 Aurorae,
767 736 874 778 quae
919 723 957 764 ei
1002 735 1153 764 canem
1198 722 1534 779 velocissimam,
1578 721 1810 779 Laelapam
1855 725 2040 781 nomine,

329 796 507 839 donavit
532 798 576 838 et
603 795 686 838 duo
712 794 894 836 hastilia
918 793 1190 836 inevitabilia
1215 798 1254 836 et
1276 795 1498 849 reciproca,
1531 809 1712 850 eumque
1745 795 1789 838 in
1820 797 2041 853 amplexus

327 868 513 925 rogavit.
562 866 650 910 ille.
668 866 730 908 ait
760 865 1056 907 iusiurandum
1090 879 1134 907 se
1167 864 1328 907 habere
1361 880 1458 907 cum
1490 867 1675 922 coniuge
1707 870 1883 911 mutuae
1915 869 2041 912 casti-

326 940 444 983 tatis.
494 953 577 995 quo
605 937 752 980 audito
779 937 1003 993 respondit
1029 935 1217 979 Aurora:
1251 939 1299 978 ut
1331 937 1486 992 probes
1520 937 1655 993 igitur
1686 939 1881 996 coniugis
1914 941 2042 983 casti-

327 1014 482 1066 tatem,
523 1012 643 1053 muta
682 1012 726 1051 te
767 1009 812 1051 in
852 1011 1145 1051 mercatorem.
1209 1022 1293 1063 quo
1330 1007 1446 1050 facto
1485 1008 1560 1050 ille
1599 1009 1650 1051 iit
1689 1010 1742 1052 ad
1780 1010 1960 1054 Procrin
1998 1014 2042 1054 et

329 1083 487 1127 oblatis
521 1081 771 1124 muneribus
804 1080 1121 1135 impetratoque
1154 1078 1271 1120 coitu
1304 1078 1526 1121 confessus
1559 1081 1624 1120 est
1656 1080 1871 1124 maritum.
1927 1083 2040 1138 quod

327 1156 404 1198 illa
442 1155 590 1198 dolens
624 1167 719 1196 cum
752 1151 944 1194 audisset
976 1165 1001 1192 a
1031 1149 1192 1192 rustico
1225 1164 1371 1191 amare
1404 1164 1500 1191 eum
1535 1148 1716 1207 Auram,
1758 1167 1887 1208 quam
1925 1154 2040 1197 invo-

328 1242 426 1270 care
465 1226 764 1279 consueverat,
810 1222 863 1265 ad
901 1221 1034 1264 silvas
1074 1220 1268 1276 profecta
1309 1223 1376 1263 est
1416 1223 1458 1263 et
1495 1220 1541 1263 in
1582 1221 1778 1266 frutectis
1820 1224 1950 1267 latuit
1988 1227 2039 1270 ad

327 1296 731 1355 deprehendendum
764 1294 969 1337 maritum
1001 1306 1092 1335 cum
1116 1292 1284 1347 paelice.
1308 1336 1317 1351 .
1340 1292 1414 1348 qui
1446 1306 1543 1334 cum
1575 1308 1694 1336 more
1727 1295 1856 1339 solito
1889 1312 2039 1341 auram

327 1373 522 1426 vocaret,
546 1367 719 1412 Procris
746 1365 893 1422 egredi
919 1365 1095 1420 cupiens
1122 1363 1308 1406 frutecta
1335 1365 1579 1406 commovit.
1625 1380 1803 1421 sperans
1823 1366 2039 1424 Cephalus

325 1444 462 1486 feram
470 1476 480 1498 ,
520 1441 693 1484 hastam
731 1436 1026 1480 inevitabilem
1064 1434 1165 1478 iecit
1197 1437 1240 1477 et
1271 1435 1449 1490 ignarus
1482 1435 1701 1479 interemit
1730 1452 1920 1483 uxorem.

325 1524 644 1564 MAEs'rAMQVE
660 1520 939 1553 ‘nmmum
963 1508 1071 1550 haec
1091 1506 1368 1562 Amphiarai,
1400 1507 1574 1563 auguris
1597 1507 1767 1566 Argivi,
1799 1525 1906 1554 uxor
1936 1512 2036 1556 fuit:

422 1649 441 1680 1
468 1654 541 1689 quo
566 1642 668 1678 facto
696 1668 702 1675 .
726 1668 732 1675 .
756 1669 762 1676 .
789 1637 925 1684 finivit]
952 1648 1067 1673 exscr.
1093 1636 1281 1682 mythogr.
1307 1635 1342 1670 ΙΙ
1369 1639 1437 1672 128
1468 1636 1481 1681 11
1518 1640 1539 1671 2
1565 1636 1643 1672 filia
1667 1636 1804 1683 Iphicli
1832 1669 1838 1674 .
1861 1667 1868 1674 .
1891 1670 1897 1677 .
1924 1641 2038 1678 inter-

326 1693 419 1729 emit
442 1689 614 1736 uxorem]
641 1699 754 1725 exscr.
780 1686 967 1732 mythogr.
994 1684 1012 1719 I
1037 1688 1083 1719 44
1109 1687 1148 1719 et
1172 1683 1207 1718 II
1231 1687 1300 1718 216

421 1815 440 1846 1
467 1810 546 1845 fato
567 1807 608 1844 F
622 1809 634 1854 11
654 1809 692 1843 et
716 1804 839 1841 subito
864 1803 1091 1849 interempto
1111 1801 1318 1848 Hippolyto
1338 1802 1436 1837 Ision
1454 1804 1467 1848 11
1486 1806 1506 1838 2
1532 1803 1669 1858 finivit]
1697 1804 1752 1840 fiit
1772 1805 1817 1840 H
1846 1805 1943 1842 finiit
1961 1807 2012 1843 M
2025 1807 2028 1855 1

323 1869 569 1898 ΡΒοοΒῙΝανΑΕ
589 1856 625 1892 Α
662 1865 884 1893 ΡΒοοΒιΜρνε
905 1850 946 1886 F
968 1852 981 1896 11
1008 1849 1087 1886 filia
1114 1879 1120 1885 .
1144 1879 1150 1885 .
1173 1878 1179 1884 .
1206 1849 1294 1898 fuit]
1320 1849 1390 1886 hec
1415 1861 1508 1885 uxor
1533 1851 1667 1887 caefah
1692 1852 1769 1888 filia
1793 1852 1869 1889 ficli
1894 1853 1968 1890 fuit

323 1908 336 1955 11
366 1912 387 1943 3
413 1905 504 1943 ificli
529 1904 568 1940 F
602 1902 683 1939 ifidi
709 1901 740 1937 Ο
773 1899 885 1946 iphili
910 1898 1077 1934 ASRH
1105 1898 1370 1944 mythoyraphi.
1410 1899 1457 1942 cf.
1485 1899 1685 1935 Munekeri
1709 1901 1832 1936 adnot.
1859 1902 1909 1937 ad
1934 1902 2000 1948 Hy
2027 1929 2034 1938 .

323 1956 399 1999 fab.
428 1954 527 1998 18911
554 1950 663 1998 uxor]
688 1949 783 1984 haec
807 1958 903 2001 uxor·
924 1946 992 1982 Ra
1028 1946 1148 2000 hfixor
1174 1945 1219 1980 H
1238 1946 1251 1991 11
1278 1944 1350 1980 fuit
1374 1956 1440 1981 om.
1469 1946 1500 1981 O
1521 1947 1533 1993 11
1562 1946 1641 1994 qui]
1668 1947 1733 1992 qui
1759 1947 1935 1994 cephalus
1962 1914 2037 2032 Γῇ]

324 2007 347 2039 4
372 2002 420 2038 ad
445 2000 632 2046 quendam
656 1998 779 2034 locum
808 1995 844 2031 R
862 1996 874 2040 ΙΙ
893 1994 963 2040 ire]
990 1993 1092 2028 adire
1117 1993 1225 2038 vulyo
1243 1993 1256 2038 11
1275 1995 1296 2028 5
1323 2004 1493 2029 auroram
1520 2005 1569 2029 as
1594 1998 1627 2030 et
1650 1995 1758 2043 vulqo
1776 1995 1789 2041 11
1818 2000 1838 2032 6
1864 2007 1977 2033 aurae

324 2061 457 2087 aureor
482 2049 527 2084 H
559 2046 713 2094 autslsae
739 2044 787 2079 M
802 2045 815 2089 11
842 2040 1115 2078 uelocissimam
1140 2041 1251 2076 AM:
1278 2040 1554 2076 uelocissimum
1578 2043 1711 2088 reliqui
1729 2043 1741 2089 11
1766 2043 1930 2089 lelapam
1955 2045 2036 2081 AR

323 2098 512 2143 laelopam
539 2093 616 2131 FO
650 2093 829 2137 Lelepam
855 2090 1029 2136 mythoyr.
1051 2089 1079 2123 I
1108 2088 1339 2134 Lampadam
1367 2089 1540 2134 mythoqr.
1561 2088 1615 2123 II
1642 2090 1808 2136 Laelapa
1829 2091 2036 2129 Masvicius

323 2146 335 2193 11
361 2150 381 2181 ’1
407 2141 660 2188 inevitabilia]
687 2139 777 2186 quia
802 2139 959 2191 uenator
983 2136 1056 2172 fuit
1080 2146 1181 2181 supr.
1207 2146 1294 2171 vers.
1322 2136 1407 2172 add.
1428 2148 1452 2171 a
1469 2137 1523 2190 pf.
1543 2137 1718 2190 mythoyr.
1740 2138 1798 2173 II
1812 2139 1825 2183 11
1838 2139 2034 2192 ‘amplexus

323 2205 368 2276 {33
393 2183 1084 2286 sssszssffi’ffissmfflssffiff„
1100 2183 1312 2266 affifflssiff
1325 2183 1402 2266 ,133
1418 2186 1442 2277 ἶ
1465 2183 2035 2270 ffiggeogsganffiagtJOZthm

323 2293 345 2324 9
366 2299 457 2323 aura
474 2284 670 2332 respondit
687 2282 722 2318 L
746 2292 881 2318 aurora
899 2278 1094 2325 respondit
1113 2278 1212 2313 HM
1227 2278 1240 2322 11
1261 2281 1304 2313 10
1323 2278 1467 2314 mutato
1486 2279 1524 2314 te
1545 2278 1587 2313 F
1601 2279 1613 2324 11
1631 2278 1692 2325 iit]
1713 2281 1756 2315 ut
1775 2280 1804 2315 S
1810 2280 1862 2324 H,
1887 2292 1953 2318 om.
1976 2281 2008 2318 Ο

325 2339 368 2370 11
394 2335 639 2380 inperatoque
667 2329 699 2366 Ο
725 2331 738 2376 11
767 2329 957 2365 confessus
983 2326 1040 2362 est
1063 2325 1239 2361 maritum
1266 2335 1333 2360 as:
1367 2325 1557 2361 confessus
1589 2327 1765 2363 maritum
1790 2327 1915 2364 ΑΒΗ
1946 2340 2033 2366 con-

322 2383 442 2419 fessus
474 2381 650 2417 maritum
682 2379 740 2414 est
763 2377 800 2412 R
844 2378 900 2411 est
931 2374 1120 2410 confessus
1151 2372 1339 2419 <confusus
1366 2371 1411 2418 G)
1449 2373 1627 2414 maritum
1653 2374 1730 2410 FO
1764 2375 1953 2412 confessus
1978 2379 2035 2414 est

324 2442 363 2466 se
389 2440 468 2465 esse
496 2428 672 2463 maritum
693 2425 743 2461 M
761 2422 1032 2471 mythoqraphi,
1057 2421 1133 2456 nisi
1151 2421 1247 2465 quod
1271 2420 1447 2456 maritum
1468 2433 1576 2456 suum
1600 2422 1776 2468 mqsthoyr.
1795 2423 1852 2458 II
1867 2424 1880 2469 11
1900 2427 1943 2459 12
1970 2425 2034 2461 do-

323 2478 403 2513 lens
430 2505 437 2511 .
462 2504 468 2511 .
490 2504 496 2510 .
523 2475 611 2511 invo
637 2485 704 2510 om.
726 2472 767 2508 F
781 2473 794 2518 11
813 2483 836 2507 a
859 2469 998 2505 rustico
1025 2468 1188 2513 quodam
1215 2466 1273 2513 011
1292 2470 1430 2522 Auram
1455 2468 1490 2504 L
1513 2469 1689 2515 mythoyr.
1716 2470 1759 2504 I:
1790 2469 1959 2518 ausssram
1986 2472 2037 2507 M

323 2535 458 2560 aurora
484 2522 514 2558 0
550 2533 722 2558 auroram
747 2517 913 2555 ASRH
927 2518 940 2564 11
965 2520 1009 2551 13
1035 2515 1234 2551 consuerat
1259 2514 1336 2550 FO
1349 2516 1362 2561 11
1386 2528 1425 2551 1n
1450 2516 1566 2551 siluas
1593 2515 1671 2551 FC'
1694 2517 1706 2563 11
1733 2519 1777 2552 14
1800 2517 2032 2563 prehenden—

324 2572 413 2607 dum
438 2571 478 2606 F
492 2571 506 2616 11
535 2582 619 2606 cum
645 2568 788 2615 paelice
813 2566 894 2602 hab.
924 2563 971 2607 0,
996 2564 1110 2599 edidit
1136 2562 1342 2608 Stephanus
1360 2564 1372 2609 11
1403 2567 1446 2598 14
1472 2575 1644 2600 auroram
1668 2563 1729 2600 Sa
1752 2565 1766 2610 11
1794 2568 1837 2600 15
1863 2568 2034 2602 uocasset

323 2618 401 2654 FO
427 2620 440 2664 11
479 2622 521 2653 16
547 2615 806 2652 inevitabilem
831 2624 898 2649 om.
926 2611 957 2647 Ο
984 2612 996 2657 11
1027 2610 1162 2646 deiecit
1186 2609 1260 2645 AS
1289 2611 1301 2656 11
1330 2612 1499 2658 uxorem]
1528 2622 1623 2656 quae
1648 2612 1776 2647 tamen
1796 2612 1960 2649 'moriens
1985 2624 2031 2649 ne

325 2677 497 2702 auroram
523 2665 676 2700 duceret
700 2660 909 2709 postulauit
932 2660 974 2695 in
999 2669 1112 2704 mary.
1139 2658 1223 2693 add.
1250 2669 1284 2692 a.
1324 2658 1369 2701 cf.
1396 2659 1570 2704 mythoqr.
1590 2658 1644 2693 II
1656 2659 1669 2705 11
1690 2662 1732 2695 17
1759 2660 1810 2695 ad
1834 2659 2031 2696 Maestam-

323 2725 395 2758 que
419 2712 625 2759 Eriphylen
657 2713 700 2747 in
729 2720 843 2755 mary.
874 2706 1099 2742 Turonensis
1128 2706 1162 2740 is
1193 2705 1372 2750 interpres
1402 2707 1467 2751 qui
1495 2706 1710 2742 Tironianis
1740 2707 1838 2743 notis
1868 2718 1958 2744 usus
1982 2712 2033 2744 est

322 2763 409 2797 haec
434 2761 632 2804 adscripsit
655 2757 835 2803 Eriphyle
862 2753 1080 2800 amphyarai
1105 2763 1198 2787 uxor
1222 2750 1295 2787 fuit
1320 2764 1415 2797 quae
1448 2765 1513 2799 pro
1546 2753 1676 2789 monili
1708 2765 1820 2790 aureo
1854 2755 2028 2791 maritum

323 2821 429 2843 suum
454 2807 494 2843 in
518 2807 618 2843 bello
644 2806 807 2841 thebano
832 2802 1014 2837 latentem
1040 2798 1217 2846 prodidit.
1268 2800 1365 2835 unde
1397 2802 1580 2845 quaerunt
1610 2800 1779 2836 nonnulli
1810 2813 1904 2846 quur
1938 2802 2031 2839 haec

323 2866 418 2900 quae
444 2867 516 2890 non
541 2853 655 2899 periit
680 2853 833 2899 propter
859 2859 1024 2884 amorem
1056 2847 1216 2883 hominis
1241 2847 1304 2882 sed
1329 2848 1484 2892 propter
1508 2847 1752 2894 cupiditatem
1779 2848 1860 2884 auri
1885 2848 2031 2886 dicatur

324 2914 404 2938 esse
429 2902 467 2937 in
493 2901 631 2937 circulo
658 2898 873 2935 amantium.
922 2896 987 2931 sed
1012 2894 1121 2930 stoici
1146 2894 1275 2929 dicunt
1301 2922 1308 2929 .
1331 2922 1337 2929 .
1361 2922 1367 2929 .
1396 2896 1568 2938 (duarwm
1592 2899 1764 2931 notarum
1790 2896 1865 2932 loeo
1885 2900 2030 2942 puncta

317 2950 443 2996 posui)
467 2949 651 2984 uniforme
677 2957 768 2982 esse.
819 2943 915 2979 nihil
947 2942 1046 2978 enim
1079 2941 1208 2976 dicunt
1239 2941 1419 2977 interesse
1443 2944 1569 2978 utrum
1594 2943 1697 2978 amet
1721 2943 1802 2987 quis
1827 2943 1956 2989 paleas
1981 2955 2030 2980 an

323 3009 462 3034 aurum.
515 2998 553 3030 et
577 2996 662 3031 ideo
690 3023 726 3030 ...
749 3022 754 3028 .
778 3022 784 3029 .
820 2992 928 3037 (duae
952 3000 1051 3025 voces
1076 2989 1248 3024 inductae
1272 2993 1375 3032 sunt,
1407 2990 1543 3025 amoris
1576 2989 1761 3034 cupiditas
1793 2990 1907 3033 fuisse
1931 2991 2027 3027 vide-

323 3046 470 3087 bantur,
496 3042 596 3088 apud
620 3042 758 3077 inferos
783 3040 882 3075 inter
906 3036 1000 3072 alios
1027 3036 1195 3071 amantes
1221 3037 1366 3071 retenta
1393 3047 1472 3072 esse
1499 3036 1645 3074 dicitur.
1684 3038 1803 3072 mesta
1829 3048 1917 3073 uero
1943 3049 2027 3074 cum
2070 3042 2072 3046 '

323 3092 421 3128 dixit
446 3090 603 3126 uerbum
635 3100 655 3123 e
687 3088 801 3124 uerbo
835 3084 1026 3131 expressit.
1076 3094 1162 3118 nam
1196 3082 1369 3118 homerus
1405 3084 1609 3130 schygeren
1645 3095 1726 3119 eam
1758 3085 1870 3119 uocat
1900 3084 1940 3119 id
1972 3086 2029 3121 est

322 3140 478 3176 tristem.
518 3137 591 3173 stix
616 3138 741 3171 autem
765 3133 922 3170 tristitia
945 3131 1222 3176 interpretatur.
1261 3131 1383 3165 mesta
1409 3132 1533 3166 autem
1560 3130 1649 3176 quia
1675 3141 1697 3165 a
1717 3130 1794 3165 filio
1819 3130 1859 3165 in
1884 3131 2027 3168 ultione

321 3186 440 3232 patris
465 3184 663 3221 interfecta
687 3182 817 3217 fuerat.
839 3182 851 3225 11
869 3190 1058 3215 nummum
1086 3177 1117 3211 A
1149 3188 1349 3212 nnn‘nnnu
1375 3177 1416 3212 F
1443 3189 1632 3213 nnrpmnnu
1659 3176 1739 3212 GH
1769 3190 1953 3214 ERYPYLAM
1980 3180 2030 3214 M

322 3235 334 3280 ΙΙ
358 3244 477 3269 unxor
502 3232 546 3267 H
571 3232 584 3277 11
612 3229 685 3265 fuit
710 3238 774 3264 om.
803 3228 840 3263 F
849 3228 879 3263 0
