2124 3600
517 236 666 274 COMM.
692 236 745 272 IN
772 235 914 272 Vuae.
942 235 1053 272 AEN.
1080 236 1132 272 v1
1159 208 1356 274 vas-'742
1709 237 1794 279 105

80 345 336 388 meritorum
369 347 541 388 secutus
574 349 641 389 est
672 346 884 402 ordinem,
921 347 970 388 ut
1009 349 1111 388 ante
1145 346 1325 401 aeriam,
1363 347 1462 390 inde
1501 362 1655 403 aquae,
1692 350 1794 403 post

79 415 193 472 ignis
226 416 388 460 diceret
418 418 733 474 purgationem.

199 488 297 531 743.
347 501 548 541 QVISQVE
580 502 691 533 svos
724 501 930 532 PATIMVR
961 501 1112 533 MANEs
1152 490 1366 546 supplicia
1401 506 1510 546 quae
1543 494 1645 534 sunt
1677 492 1791 548 apud

79 574 246 615 manes,
278 563 327 602 ut
359 561 394 602 si
427 562 523 617 quis
556 562 671 604 dicat
703 561 930 604 ‘iudicium
955 560 1167 617 patimur'
1201 564 1243 603 et
1275 561 1492 617 significet
1524 578 1574 605 ea
1606 579 1714 619 quae
1746 565 1792 606 in

78 631 238 674 iudicio
271 633 559 676 continentur.
620 636 685 676 est
717 636 760 675 et
792 633 908 675 aliud
940 633 1094 675 verius.
1154 648 1256 675 nam
1288 634 1652 690 eum-nascimur,
1685 636 1791 678 duos

79 703 231 759 genios
264 704 489 746 sortimur:
521 720 629 747 unus
656 708 723 747 est
752 705 825 760 qui
851 704 1053 747 hortatur
1085 704 1139 746 ad
1170 704 1303 759 bona,
1336 706 1447 747 alter
1478 706 1552 762 qui
1585 706 1791 762 depravat

80 774 132 816 ad
165 775 292 817 mala.
343 776 498 831 quibus
532 775 839 818 adsistentibus
872 777 973 830 post
999 778 1180 818 mortem
1208 778 1284 818 aut
1309 777 1548 819 adserimur
1570 777 1615 819 in
1641 778 1791 821 melio-

76 859 169 887 rem
201 845 354 902 vitam,
386 849 461 888 aut
492 847 827 890 condemnamur
857 847 902 888 in
935 847 1211 889 deteriorem:
1248 862 1326 903 per
1357 863 1463 904 quos
1497 852 1572 891 aut
1602 850 1789 892 vacatio-

75 931 174 958 nem
206 916 437 974 merenim,
473 921 549 961 aut
580 919 763 961 reditum
798 919 843 961 in
876 933 1071 974 corpora.
1128 933 1232 975 ergo
1267 919 1459 963 ‘manes'
1492 921 1643 978 genios
1676 921 1790 978 dicit,

76 1002 184 1043 quos
217 1004 313 1031 cum
346 990 437 1032 vita
468 990 685 1033 sortimur.
808 1003 984 1033 EXINDE
1017 1005 1103 1032 una
1134 1006 1236 1046 pars
1269 992 1481 1034 orationis
1514 995 1599 1049 est,
1634 995 1678 1035 et
1707 996 1789 1035 ter-

75 1059 139 1101 tia
171 1075 196 1102 a
228 1061 311 1103 fine
351 1064 574 1104 accentum
611 1062 762 1118 habet,
803 1062 905 1104 lieet
943 1063 1212 1117 paenultima
1249 1064 1382 1120 longa
1421 1065 1495 1107 sit:
1540 1066 1654 1121 quod
1692 1065 1788 1108 ideo

75 1131 239 1173 factum
272 1134 355 1188 est,
387 1124 436 1175 ut
469 1133 767 1176 ostenderetur
799 1150 883 1177 una
915 1149 1016 1190 pars
1051 1149 1145 1177 esse
1177 1135 1404 1192 orationis,
1435 1151 1490 1178 ne
1522 1137 1788 1192 praepositio

75 1202 326 1259 iungeretur
357 1205 579 1260 adverbio,
611 1205 724 1260 quod
755 1205 960 1248 vitiosum
993 1220 1085 1247 esse
1117 1221 1204 1248 non
1238 1206 1415 1250 dubium
1449 1210 1526 1250 est.

198 1275 295 1319 744.
344 1288 482 1319 PAVGI
508 1288 662 1319 LAETA
688 1289 813 1319 ARVA
839 1289 1050 1321 TENEMVS
1083 1292 1172 1320 non
1199 1293 1368 1322 omnes:
1400 1279 1473 1335 qui
1506 1280 1618 1322 enim
1648 1281 1789 1323 minus

74 1349 317 1403 purgantur
349 1347 497 1390 statim
531 1349 713 1391 redeunt
744 1349 798 1391 ad
831 1364 1025 1404 corpora.

197 1419 294 1461 745.
343 1431 501 1462 DONEC
528 1432 685 1463 LONGA
711 1433 815 1463 DIES
844 1433 1086 1465 PERFEcTo
1113 1435 1343 1466 TEMPORIS
1371 1435 1491 1465 ORBE
1524 1424 1626 1479 quia
1658 1424 1790 1467 etiam

73 1493 175 1545 post
205 1491 510 1546 purgationem
543 1507 651 1547 opus
685 1494 751 1534 est
780 1494 995 1548 tempore,
1028 1497 1075 1536 ut
1106 1498 1352 1549 perseveret
1383 1495 1426 1536 in
1460 1496 1721 1552 purgatione
1748 1499 1792 1538 et

74 1561 137 1604 sio
168 1561 327 1605 redeat.
391 1565 434 1604 et
473 1564 691 1618 quaeritur
729 1566 872 1607 utrum
912 1565 1080 1607 animae
1118 1581 1195 1621 per
1233 1566 1509 1623 apotheosin,
1550 1567 1601 1609 de
1633 1567 1789 1623 quibus

74 1632 137 1674 ait
162 1631 305 1688 ‘pauci
330 1634 445 1677 laeta
471 1650 574 1677 arva
598 1635 823 1690 tenemus',
849 1637 1019 1692 possint
1046 1637 1201 1680 mereri
1227 1640 1482 1693 perpetuam
1505 1638 1788 1681 vacationem.

74 1704 188 1759 quod
218 1719 306 1747 non
337 1708 484 1761 potest
508 1707 621 1750 fieri:
654 1712 874 1750 merentur
901 1708 1014 1750 enim
1041 1709 1250 1765 temporis
1283 1710 1429 1766 multi,
1460 1725 1550 1753 non
1575 1712 1786 1767 perpetui-

73 1776 194 1828 tatis,
233 1778 276 1818 et
308 1792 416 1833 quae
454 1779 566 1821 male
605 1780 804 1822 vixerunt
836 1780 984 1823 statim
1017 1781 1215 1837 redeunt,
1255 1797 1364 1839 quae
1403 1782 1573 1837 melius,
1611 1783 1788 1835 tardius,

75 1861 185 1902 quae
207 1848 382 1903 optime,
408 1848 654 1893 diutissimo
679 1853 873 1907 tempore
900 1854 1000 1894 sunt
1026 1867 1120 1895 cum
1148 1853 1412 1896 numinibus.
1456 1869 1620 1909 paucae
1640 1857 1787 1897 tamen

74 1920 191 1975 sunt,
232 1934 340 1975 quae
374 1922 417 1962 et
447 1921 567 1976 ipsae
599 1921 797 1977 exigente
835 1923 1024 1978 ratione,
1062 1924 1163 1966 lieet
1194 1925 1334 1980 tarde,
1372 1929 1587 1982 eoguntur
1618 1927 1787 1970 reverti.

157 2002 397 2034 PERFEc'ro
430 2004 659 2035 TEMPORIS
694 2004 815 2036 ORBE
847 1994 970 2036 finito
1003 1995 1200 2050 legitimo
1233 1998 1441 2052 tempore.

194 2062 289 2105 746.
340 2074 620 2106 CONCRETAM
653 2064 835 2107 adfixam
868 2068 912 2107 et
943 2065 1252 2109 inhaerentem.

193 2134 289 2176 747.
339 2146 613 2178 AETHERIVM
637 2147 821 2179 SENSVM
853 2138 899 2180 id
928 2140 986 2180 est
1014 2137 1103 2193 πῦρ
1135 2135 1320 2194 νοερὸν,
1353 2139 1499 2195 ignem
1533 2141 1785 2195 sensualem,

72 2204 115 2246 id
148 2207 214 2247 est
245 2205 390 2249 deum:
421 2221 497 2262 per
530 2207 644 2263 quod
676 2208 777 2264 quid
810 2209 866 2251 sit
898 2209 1043 2251 anima
1075 2209 1276 2251 ostendit.
1380 2222 1522 2253 AVRAI
1556 2223 1783 2255 SIMPLICIS

136 2394 141 2399 ,
167 2362 188 2393 3
215 2358 400 2404 supplicia
426 2370 457 2396 e.
484 2372 518 2405 q.
546 2361 590 2407 s.]
618 2373 732 2398 exsor.
760 2362 945 2409 mythogr.
974 2363 1025 2398 III
1051 2367 1085 2407 6,
1114 2367 1156 2399 18

72 2501 156 2535 rent
186 2500 338 2537 lustrari
369 2501 401 2537 si
431 2514 506 2548 qua
531 2503 715 2540 darentur
746 2504 925 2551 sulphura
950 2517 1032 2541 oum
1058 2505 1182 2541 taedis
1209 2509 1274 2544 aut
1299 2507 1332 2542 si
1357 2508 1453 2544 forte
1479 2508 1633 2544 humida
1658 2509 1783 2544 laurus

73 2548 158 2583 add.
184 2546 223 2582 D
241 2549 253 2595 ΙΙ
272 2549 370 2585 bono
395 2550 441 2585 H
463 2551 475 2597 ΙΙ
511 2556 525 2585 1
555 2552 740 2599 ordinem]
768 2553 868 2589 uitae
895 2554 979 2589 add.
1007 2553 1084 2589 FO
1100 2554 1112 2600 ΙΙ
1131 2558 1174 2590 ut
1198 2556 1301 2602 ante]
1329 2557 1523 2591 mutantae
1550 2556 1597 2599 F,
1624 2567 1690 2591 om.
1719 2556 1750 2592 0
1772 2560 1781 2600 ,11

73 2599 93 2630 3
120 2594 305 2640 supplicia
329 2596 434 2632 uaria
458 2599 497 2633 1)
522 2602 556 2634 et
579 2601 864 2645 mythoqraphus
883 2602 894 2646 11
924 2605 944 2635 4
972 2601 1064 2636 dicit
1090 2603 1120 2636 (J
1136 2603 1148 2648 ΙΙ
1167 2602 1204 2637 111
1230 2602 1388 2650 iudicio]
1414 2603 1562 2640 iudiciis
1590 2604 1635 2638 M
1657 2605 1668 2650 ΙΙ
1697 2608 1718 2639 5
1745 2605 1783 2639 et

73 2653 138 2678 om.
160 2642 240 2679 FO
254 2644 266 2690 ΙΙ
285 2644 378 2680 duos
402 2646 532 2691 genios
558 2646 734 2682 sortimur
760 2675 768 2684 .
791 2675 798 2683 .
820 2677 827 2684 .
853 2661 968 2683 noxae
989 2650 1032 2693 (v.
1057 2652 1139 2693 745)
1165 2662 1232 2685 07η.
1253 2651 1298 2685 H
1312 2652 1323 2697 ΙΙ
1343 2655 1364 2686 6
1391 2663 1464 2696 quo
1490 2652 1685 2687 hortamur
1705 2652 1754 2686 M
1772 2653 1780 2697 1]

74 2693 93 2724 7
119 2690 236 2737 mala]
261 2702 328 2727 nec
353 2692 556 2738 incongrue
583 2693 758 2730 dicuntur
783 2696 894 2740 genii.
922 2694 1011 2740 quia
1035 2708 1120 2731 cum
1143 2697 1395 2743 unusquisque
1422 2699 1572 2743 genitus
1596 2698 1720 2742 fuerit,
1746 2699 1781 2734 ei

72 2738 200 2773 statim
228 2738 487 2776 obseruatores
514 2741 741 2787 deputantur
767 2744 851 2779 add.
872 2743 911 2777 1)
936 2746 968 2778 et
992 2744 1276 2790 mythoyraphus
1295 2746 1306 2792 ΙΙ
1325 2750 1346 2781 8
1372 2747 1454 2793 aut]
1482 2747 1529 2781 ad
1556 2746 1584 2781 S
1609 2747 1689 2791 (aut
1713 2748 1744 2792 s)
1770 2748 1781 2793 t

72 2785 308 2822 uacationem
332 2786 502 2823 ASFO:
534 2789 775 2835 uagationem
801 2790 896 2825 RM
931 2792 1171 2836 negationem
1203 2793 1242 2827 id
1273 2796 1330 2828 est
1361 2794 1615 2830 ascensionem
1648 2794 1696 2828 ad
1723 2806 1780 2829 su—

71 2842 187 2876 perna
210 2835 505 2880 mythoyraphus.
544 2837 589 2880 cf.
617 2837 715 2873 Serv.
742 2839 792 2873 ad
816 2848 848 2874 v.
875 2842 941 2873 673
967 2839 978 2885 ΙΙ
1010 2843 1030 2874 9
1057 2850 1146 2884 ergo
1172 2851 1282 2876 mane
1308 2852 1422 2886 genos
1448 2841 1540 2877 dicit
1566 2840 1608 2876 F
1629 2842 1640 2887 ΙΙ
1674 2845 1716 2876 10
1742 2841 1781 2876 111

71 2879 185 2932 tertia
208 2882 315 2926 vulyo
334 2883 346 2928 ΙΙ
367 2886 409 2917 11
437 2882 485 2918 ad
510 2883 581 2918 fine
607 2884 684 2920 FC
700 2886 712 2931 {l
743 2889 783 2920 12
812 2885 990 2921 orationis
1017 2897 1096 2922 esse
1121 2887 1157 2921 R
1176 2888 1187 2934 ΙΙ
1206 2888 1267 2934 116]
1294 2899 1362 2923 1166
1389 2888 1465 2924 FO
1482 2890 1493 2935 Η
1515 2893 1558 2924 16
1584 2890 1647 2933 qui
1672 2888 1785 2924 ASG

72 2927 176 2971 (quia.
200 2930 231 2973 s)
262 2929 273 2975 ΙΙ
307 2933 349 2965 17
377 2942 468 2976 opus
494 2931 552 2966 est
579 2960 586 2967 .
608 2958 615 2966 .
638 2960 644 2967 .
672 2932 894 2977 purgatione
921 2933 960 2968 et
984 2944 1049 2968 om.
1078 2934 1121 2969 H
1148 2935 1159 2981 ΙΙ
1190 2937 1404 2980 perseueret
1429 2938 1472 2971 ut
1497 2936 1574 2971 FG
1584 2935 1621 2971 Ο.
1656 2937 1781 2972 malim

72 2977 312 3019 perseuerent
344 2982 377 3013 et
400 2978 555 3013 redeant
590 2980 602 3025 Η
643 2983 684 3014 19
716 2980 877 3027 possint]
909 2981 1030 3026 possit
1055 2982 1090 3016 A
1117 2982 1221 3027 (corr.
1249 2985 1286 3026 α)
1323 2986 1409 3028 post
1434 2983 1464 3018 S
1498 2985 1510 3030 ΙΙ
1547 2984 1778 3019 uacationem

71 3021 145 3056 AS
153 3021 193 3056 F
200 3021 250 3058 G:
276 3024 513 3061 uocationem
534 3024 566 3060 G
599 3026 840 3072 uagationem
860 3028 947 3062 RH
982 3030 1242 3074 purgationem
1266 3031 1314 3064 M
1331 3031 1342 3076 ΙΙ
1362 3034 1407 3065 20
1426 3032 1589 3066 meretur
1609 3031 1682 3066 AS
1689 3030 1732 3065 H
1736 3030 1786 3064 M

75 3069 276 3122 (merentur
301 3075 338 3117 a)
357 3073 368 3118 ss
401 3077 445 3108 22
473 3072 680 3109 diutissime
706 3074 742 3110 R
762 3076 773 3121 Η
802 3087 885 3110 cum
912 3076 1124 3111 numinibus
1151 3088 1217 3111 om.
1244 3077 1280 3111 R
1305 3078 1316 3123 ΙΙ
1347 3081 1391 3112 23
1419 3078 1591 3123 exigente
1617 3076 1778 3122 ratione]

77 3124 121 3149 ex
145 3118 380 3160 ignoratione
406 3120 442 3155 R
468 3122 572 3165 (corr.
599 3127 633 3166 r)
661 3121 850 3168 etingente
875 3123 1020 3158 ratione
1047 3124 1092 3158 H
1118 3125 1129 3170 ΙΙ
1161 3128 1205 3159 26
1233 3124 1416 3160 sidereum
1442 3126 1517 3167 πῦρ
1543 3122 1677 3167 νοερόν
1703 3124 1781 3159 Fa-

1818 1001 1860 1032 10

1818 1361 1860 1392 15

1815 1719 1860 1750 20

1809 2076 1855 2108 25

75 3161 212 3198 bricius
230 3166 241 3210 ΙΙ
261 3176 393 3202 oneror<
415 3168 445 3202 C
462 3169 473 3214 ΙΙ
492 3172 535 3203 27
563 3170 679 3215 quod]
707 3180 817 3214 quem
839 3171 886 3205 M
904 3172 915 3217 11
935 3170 1104 3206 animans
1125 3171 1168 3205 H
1184 3172 1195 3217 ΙΙ
1215 3172 1423 3207 ostenditur
1442 3173 1535 3207 ΕΜ
1544 3172 1619 3207 FC
1636 3173 1647 3217 ΙΙ
1666 3183 1781 3206 Avium
1827 3215 1829 3218 ι

74 3209 147 3243 AS
178 3211 189 3254 ΙΙ
220 3223 397 3248 smvmces
423 3214 459 3249 R
