2092 3614
249 257 337 299 640
1021 256 1181 293 SERVII

249 365 320 407 dix
350 365 481 407 fixam
513 365 701 408 tenebat.
763 368 801 407 ct
830 365 925 408 bene
956 365 1166 408 ‘tenebat':
1197 366 1318 420 quasi
1339 369 1510 420 propter
1534 367 1749 424 piaculum
1779 370 1955 409 remotae

248 437 411 478 arboris
447 436 519 479 hoc
554 437 715 479 videtur
743 450 899 490 passus
930 437 1103 480 Aeneas.
1152 441 1190 479 et
1218 438 1305 480 ideo
1336 438 1445 480 dixit
1475 437 1684 490 etenebat',
1721 439 1829 492 quod
1857 439 1956 481 adeo

247 509 333 550 veri
362 508 496 550 simile
526 511 593 562 est,
623 511 672 550 ut
700 508 880 551 Faunus
914 509 1103 551 Turnum
1134 510 1282 552 audiat
1310 512 1348 552 et
1376 509 1537 552 hastam
1569 513 1759 552 moretur.

370 580 467 622 775.
508 597 715 622 PRENDERE
737 597 866 623 cvasr
886 581 1056 634 quidam
1081 581 1291 623 humiliter
1316 579 1538 635 ‘prendere’
1563 582 1716 623 dictum
1741 582 1959 636 accipiunt.

202 661 222 692 5
286 690 297 700 ,
370 652 466 694 778.
516 663 707 694 FERRVM
738 663 890 694 TERRA
923 664 1045 694 TENE
1078 651 1265 705 cferrum'
1290 666 1371 706 pro
1402 653 1499 703 telo‚·
1539 651 1679 695 ‘terra'
1712 656 1847 695 autem
1879 667 1957 707 pro

249 722 440 778 ‘Tellus'‚
471 723 733 765 elementum
764 738 844 779 pro
877 724 957 766 dea
987 724 1145 778 posuit.

370 795 466 837 779.
516 812 638 838 neno
669 812 820 838 FECERE
848 812 1045 839 PROFANOS
1082 794 1348 849 ‘profanum'
1380 795 1551 849 proprie
1587 796 1738 838 dicitur
1774 797 1882 850 quod
1909 809 1959 838 ex

248 866 440 920 reliyiosa
471 879 516 907 re
545 866 591 907 in
622 865 837 908 hominum
863 880 983 908 usum
1009 867 1265 920 convertitur,
1296 869 1344 908 ut
1366 866 1431 908 hic
1449 867 1688 921 plenissime
1711 868 1958 910 ostenditur:

233 927 384 979 *dicens
414 937 524 979 enim
545 937 716 980 Turnus
741 936 862 980 ‘colui
886 940 1036 980 vestros
1060 938 1098 980 si
1121 951 1277 992 semper
1301 937 1483 989 honores,
1514 952 1613 992 quos
1638 942 1778 981 contra
1798 939 1959 981 Aenea-

178 1018 223 1049 10
248 1009 324 1050 dae
360 1008 459 1050 bello
493 1009 621 1061 fecere
649 1008 868 1062 profanos’
909 1006 1120 1068 (ostendit)
1158 1013 1197 1051 et
1230 1009 1310 1051 sibi
1340 1009 1574 1063 reliyiosam
1603 1010 1732 1062 fuisse
1761 1010 1957 1065 arborem,

247 1082 287 1121 et
320 1094 348 1122 a
382 1080 577 1122 Troianis
613 1080 659 1122 in
699 1094 820 1122 usum
857 1094 1110 1123 communem
1145 1081 1274 1134 fuisse
1296 1084 1631 1135 praesumptam:
1669 1095 1770 1124 nam
1801 1095 1851 1124 ex
1880 1095 1958 1124 sua

242 1165 421 1205 persona
450 1155 574 1205 poeta
609 1152 672 1194 ait
703 1151 849 1207 <764>
880 1152 998 1205 ‘forte
1034 1166 1148 1195 sacer
1177 1152 1330 1194 Fauno
1358 1152 1475 1205 foliis
1505 1153 1674 1195 oleaster
1703 1154 1864 1196 amaris
1895 1153 1960 1195 hic

247 1225 412 1265 steterat
446 1224 587 1266 nautis
624 1223 736 1265 olim’
777 1226 815 1265 et
843 1223 1057 1266 subiunxit
1088 1223 1172 1266 ‘sed
1201 1224 1371 1277 stirpem
1404 1224 1551 1266 Teucri
1579 1224 1694 1267 nullo
1724 1225 1961 1267 discrimine

247 1308 411 1337 sacrum
448 1293 495 1337 s.'
534 1298 580 1337 at
607 1298 751 1349 postea
787 1295 954 1337 dicendo
992 1294 1106 1337 ‘bello
1140 1295 1267 1348 fecere
1290 1294 1506 1349 profanos’
1539 1296 1675 1338 docuit
1704 1294 1958 1349 ‘profanum'

181 1374 224 1406 15
251 1380 334 1409 esse
363 1367 471 1420 quod
500 1381 528 1409 a
557 1367 752 1421 rcliyione
781 1367 827 1408 in
859 1380 980 1408 usum
1011 1366 1223 1408 hominum
1255 1367 1435 1408 transiit.
1477 1380 1594 1409 sacro
1618 1367 1841 1420 profanum
1866 1380 1957 1409 con—

248 1439 439 1493 trarium,
463 1441 511 1480 ut
531 1438 633 1491 festo
651 1438 893 1492 profestum,
916 1438 1024 1491 fasto
1050 1438 1267 1491 nefastum.
1305 1452 1397 1493 erqo
1421 1452 1506 1480 non
1531 1452 1647 1480 omne
1671 1439 1779 1492 quod
1795 1452 1958 1481 sacrum

245 1524 330 1551 non
359 1510 424 1564 sit,
448 1510 691 1563 profanum,
722 1511 794 1552 sed
822 1510 931 1563 quod
957 1523 1123 1552 sacrum
1151 1510 1281 1563 fuerit
1311 1513 1348 1551 et
1377 1523 1457 1552 esse
1487 1510 1660 1552 desierit.

368 1581 465 1623 780.
514 1592 610 1623 NON
641 1592 782 1623 CASSA
802 1593 850 1623 IN
870 1591 996 1623 VOTA
1021 1595 1109 1623 non
1135 1580 1187 1622 ad
1213 1581 1360 1622 inania
1386 1582 1490 1623 vota
1515 1581 1714 1637 poposcit
1740 1581 1957 1624 auxilium.

368 1652 466 1701 781.
514 1664 727 1695 LVCTANS
759 1663 980 1695 MORATVS
1014 1650 1237 1694 ‘luctatus’
1271 1654 1314 1693 et
1346 1651 1571 1694 ‘moratus’
1605 1654 1697 1693 erat
1729 1651 1958 1707 integrum,

176 1733 222 1765 20
249 1723 362 1779 quod
387 1724 544 1766 vitavit
570 1727 747 1779 propter
774 1719 1124 1779 ὁμοιοτέλευτον.
1156 1722 1218 1765 ‘in
1243 1722 1383 1777 stirpe'
1407 1726 1543 1765 autem
1561 1722 1626 1765 hic
1643 1724 1822 1766 radicem
1841 1724 1958 1766 dimit.

367 1795 464 1837 784.
514 1806 689 1837 Rvnsvs
716 1807 764 1836 m
791 1806 996 1837 AVRIGAE
1023 1806 1194 1837 FAomM
1220 1806 1411 1836 MVTATA
1431 1806 1618 1837 MET1so1
1644 1791 1754 1837 κατὰ
1779 1792 1829 1837 τὸ
1856 1805 1958 1837 σιω-

247 1863 456 1922 πώμενον
487 1865 782 1922 intellegimus
810 1866 1038 1908 Iuturnam
1071 1867 1117 1908 in
1149 1881 1307 1908 numen
1333 1881 1564 1922 reversam,
1596 1868 1826 1921 postquam
1852 1866 1959 1908 Tur-

246 1954 327 1980 nus
360 1952 507 1980 currus
539 1938 728 1993 reliquit.

368 2010 464 2052 786.
514 2020 689 2052 AVDACI
722 2021 949 2052 NYMPHAE
987 2012 1037 2051 ut
1075 2024 1204 2064 supra
1237 2009 1327 2065 <IX
1360 2010 1416 2064 3>
1455 2009 1661 2064 diximus,
1698 2010 1958 2064 ubicumque

175 2091 220 2122 25
246 2081 412 2124 inducit
436 2081 647 2123 nitentem
673 2081 862 2137 aliquem
889 2081 981 2123 sine
1008 2081 1173 2136 effectu,
1200 2082 1403 2123 audacem
1431 2081 1547 2124 dicit.
1576 2082 1797 2135 praecipue
1822 2084 1958 2124 autem

244 2153 318 2196 hoc
347 2154 396 2195 de
425 2153 596 2195 Rutulis
625 2154 803 2196 servavit
831 2154 977 2195 dicens.
1090 2170 1230 2196 mazza
1252 2167 1331 2207 pro
1363 2152 1487 2207 ‘quod
1517 2151 1682 2195 liceret'.

367 2225 463 2267 788.
515 2236 654 2267 ARMls
682 2236 936 2275 Ammsovn
964 2235 1164 2267 REFECTI
1191 2225 1303 2267 sieut
1329 2224 1472 2279 armis,
1498 2225 1561 2266 ita
1587 2226 1630 2265 et
1656 2223 1830 2266 animis:
1855 2237 1956 2265 nam

247 2311 464 2338 armorum
498 2296 648 2351 inopia
679 2296 811 2338 animi
844 2299 943 2338 ante
975 2297 1199 2351 utriusque
1233 2296 1477 2351 torpebant.

368 2368 464 2410 789.
514 2385 583 2410 Ηισ
608 2384 706 2410 ACER
737 2385 790 2410 ET
817 2385 978 2411 ARDVVS
1008 2385 1133 2411 HASTA
1163 2371 1297 2422 potest
1333 2371 1370 2409 et
1405 2366 1492 2409 thic
1526 2367 1646 2409 hasta
1682 2364 1831 2420 fidens'
1863 2365 1953 2408 sub-

174 2448 220 2480 30
245 2439 399 2482 audiri.

342 2559 363 2590 5
389 2567 456 2601 pro
482 2555 610 2590 Tellus
637 2583 644 2590 .
667 2582 675 2590 .
697 2581 705 2591 .
731 2555 872 2601 posuit]
900 2555 946 2592 cf.
973 2554 1135 2590 Macrob.
1163 2555 1238 2590 Sat.
1265 2554 1315 2590 IV
1342 2559 1374 2600 6,
1403 2559 1445 2590 10
1478 2557 1490 2601 ΙΙ
1522 2559 1541 2590 7
1567 2554 1764 2600 profanum
1791 2565 1821 2590 e.
1847 2565 1881 2598 q.
1909 2553 1952 2600 s.]

246 2604 291 2639 cf.
319 2603 483 2639 Macrob.
511 2603 586 2639 Sat.
614 2602 666 2637 ΙΙΙ
692 2607 725 2647 3,
751 2606 774 2637 4

343 2715 361 2746 1
390 2711 462 2746 fixa
482 2710 522 2744 F
538 2711 551 2756 ss
570 2714 591 2745 4
616 2722 775 2744 muni-:nn
796 2709 837 2744 F
852 2710 865 2755 ΙΙ
884 2709 1082 2763 prendere]
1110 2721 1219 2745 cursu
1239 2710 1323 2746 add.
1337 2710 1476 2745 Daniel
1494 2711 1506 2756 Η
1526 2713 1546 2744 5
1572 2701 1783 2754 pro⁸Tellus
1803 2719 1869 2743 om.
1888 2707 1929 2742 F
1941 2709 1954 2789 g

248 2759 298 2794 ad
322 2770 353 2794 v.
382 2762 450 2794 778
476 2759 518 2793 in
542 2768 656 2803 mai-„q
684 2758 819 2803 pathos
852 2757 909 2792 est
939 2756 1111 2801 quotiens
1144 2757 1319 2804 diligitur
1344 2768 1464 2793 sermo
1490 2757 1552 2792 uel
1577 2757 1624 2792 ad
1648 2755 1868 2791 inanimalia
1891 2766 1939 2790 ue

247 2806 296 2842 ad
320 2807 426 2841 muta
455 2805 488 2840 T
507 2807 520 2851 {1
552 2809 572 2840 9
598 2804 758 2851 vestros]
785 2815 852 2840 uos
879 2803 920 2839 F
939 2805 952 2849 fl
986 2808 1028 2839 10
1055 2805 1219 2840 ostendit
1243 2806 1384 2853 inserui
1402 2806 1413 2852 ΙΙ
1443 2804 1665 2850 relegiosam
1692 2803 1733 2839 F
1753 2804 1765 2850 ΙΙ
1799 2807 1839 2838 11
1867 2813 1955 2838 con-

246 2852 600 2899 sumptam-Daniel
618 2854 631 2898 ΙΙ
658 2856 700 2887 12
726 2852 856 2898 poeta]
884 2863 995 2906 supra
1021 2853 1135 2897 poeta
1160 2853 1298 2889 Daniel
1316 2854 1328 2899 ΙΙ
1360 2857 1402 2888 13
1429 2852 1641 2888 subiuncxit
1666 2851 1705 2886 F
1720 2852 1733 2898 1}
1765 2854 1807 2886 14
1831 2850 1954 2885 facere

245 2902 424 2947 profanas
451 2900 490 2935 F
524 2901 535 2946 ΙΙ
577 2904 618 2935 15
644 2900 835 2935 transierit
863 2899 911 2943 T,
949 2900 991 2934 in
1023 2911 1092 2944 quo
1124 2902 1277 2946 eoeiyuae
1308 2904 1450 2936 tantum
1483 2900 1594 2935 huius
1623 2899 1751 2934 scholii
1779 2898 1954 2943 reliquiae

245 2952 372 2984 extant
390 2950 402 2995 11
423 2951 466 2983 16
486 2948 585 2983 fasta
600 2947 639 2982 F
655 2949 666 2994 ΙΙ
688 2951 731 2983 17
751 2947 815 2983 sed.
835 2947 935 3000 quod
955 2957 1100 2981 sacrum
1124 2960 1204 2984 esse
1224 2947 1378 2983 desierit
1400 2947 1433 2982 T
1446 2949 1458 2993 ΙΙ
1477 2946 1617 2983 deserit
1635 2946 1682 2982 F.
1711 2956 1790 2982 esse
1811 2945 1954 2987 addidi,

245 3007 311 3032 om.
334 2996 374 3031 F
390 2997 401 3042 ΙΙ
435 2998 478 3030 18
504 2997 641 3030 uocata
661 2995 701 3029 H
717 2996 731 3040 11
755 2993 878 3040 poscit
897 2993 938 3029 F
953 2995 964 3040 ΙΙ
995 2997 1041 3028 20
1067 2996 1261 3039 quod..
1286 3008 1426 3031 mmmm
1452 3005 1517 3030 om.
1533 2994 1581 3037 R,
1606 2993 1703 3029 tavit
1727 2993 1786 3039 (de
1803 2992 1953 3037 vitavit)

247 3071 255 3079 -
277 3073 285 3081 .
308 3072 315 3080 .
343 3046 429 3079 cata
453 3045 494 3078 130
520 3042 573 3078 Sio
599 3053 666 3078 om
682 3042 746 3088 ΗΙ
741 3044 752 3088 ΙΙ
772 3042 925 3087 propter
949 3052 1016 3076 om·
1032 3042 1105 3076 AS
1123 3045 1134 3090 ΙΙ
1154 3045 1204 3079 ad
1226 3055 1408 3082 Lauroova
1426 3053 1454 3077 s.
1469 3053 1501 3076 v.
1524 3041 1684 3084 uiscido,
1710 3041 1759 3076 ad
1778 3052 1813 3075 m
1834 3051 1953 3075 s'rnu‘n

244 3102 272 3128 s.
297 3102 330 3128 v.
357 3092 427 3126 hoc
451 3089 535 3125 loco
560 3089 599 3124 in
624 3089 749 3125 radice
777 3089 838 3135 ΤΙ
869 3092 913 3124 22
939 3089 978 3123 in
1002 3090 1152 3126 numine
1177 3102 1323 3126 uersam
1347 3089 1383 3125 R
1402 3091 1414 3135 ΙΙ
1441 3089 1584 3124 Turnus
1610 3099 1674 3124 om.
1702 3087 1739 3122 R
1757 3089 1769 3134 [Ι
1800 3091 1844 3122 23
1871 3098 1949 3121 cur-

244 3150 328 3173 rum
355 3138 405 3173 M
437 3139 450 3184 ΙΙ
486 3141 533 3173 24
559 3149 627 3183 sup
630 3148 671 3172 ra
696 3147 761 3173 om.
789 3091 874 3184 FJ'll
911 3140 955 3172 26
983 3135 1123 3184 dicens]
1160 3139 1244 3173 ‘nec
1277 3142 1408 3174 curant
1440 3148 1550 3172 caeco
1585 3135 1808 3171 contendere
1833 3134 1952 3169 Marte

245 3186 406 3231 amplius
433 3185 593 3220 audaces
603 3149 764 3219 pRutuli'
793 3138 868 3219 etc.¹
869 3137 956 3228 ¹(IX
982 3185 1066 3229 516)
1091 3139 1175 3222 allel.
1203 3186 1342 3221 Daniel
1359 3187 1372 3231 ΙΙ
1398 3188 1442 3220 27
1468 3195 1615 3219 narsem·
1639 3183 1676 3217 R
1712 3194 1851 3217 nemon·
1877 3181 1922 3216 H
1942 3180 1952 3227 Η

245 3237 290 3268 28
317 3235 404 3268 ante
430 3243 496 3268 om.
518 3231 603 3267 RF
628 3234 640 3277 ΙΙ
671 3235 716 3267 29
742 3232 792 3268 ad
816 3243 930 3266 HASTA
954 3242 982 3268 8.
1008 3241 1040 3266 v
1066 3235 1192 3279 potest
1217 3234 1255 3269 et
1278 3233 1388 3268 hasta
1412 3232 1528 3267 fidens
1553 3229 1745 3266 subaudiri
1774 3229 1807 3264 T
