2092 3614
492 276 644 327 COMM.
669 276 723 311 IN
746 276 891 313 VERG.
918 276 1029 312 AEN.
1055 275 1144 311 VIII
1167 280 1319 313 44—57.
1672 275 1758 318 207

43 388 184 442 patris
221 388 416 437 seditione
455 388 607 430 occisus
646 391 725 430 est:
767 386 840 429 alii
880 401 906 429 a
943 386 1094 428 balatu
1135 384 1280 427 ovium
1310 383 1570 427 Balanteum
1610 385 1762 428 volunt

50 459 224 516 dictum,
249 462 293 502 et
318 459 467 502 exinde
494 474 571 515 per
599 458 862 501 antistichon
881 457 1154 500 Pallanteum
1181 456 1355 498 dictum.
1398 457 1471 498 sed
1499 457 1534 499 si
1561 472 1586 498 a
1610 457 1761 509 balatu

48 530 131 573 hoc
154 546 312 575 nomen
337 531 522 587 venerit,
548 530 633 586 epa'
659 531 794 587 longa
820 532 902 586 est,
930 529 1042 572 sicut
1068 544 1163 572 eam
1182 527 1400 571 Martialis
1426 529 1552 584 ponit
1575 530 1761 585 plerum—

50 617 149 658 que3
183 604 220 645 si
247 605 390 646 autem
416 619 441 646 a
461 602 677 658 Pallante,
711 602 797 658 ‘pa’
824 602 966 644 brevis
1001 602 1084 657 est,
1115 603 1165 642 ut
1197 614 1292 642 eam
1323 600 1448 655 ponit
1473 600 1634 656 ubique
1659 600 1763 643 Ver-

49 675 178 730 gilius
211 675 444 718 secundum
477 690 598 718 suam
632 674 892 729 opinionem.
985 684 1136 716 ennvs
1157 684 1186 714 A
1205 683 1454 714 PALLANTE
1477 683 1762 715 PROFECTVM
1788 681 1809 711 5

48 746 290 801 profectum
323 747 376 789 ad
407 747 487 789 has
521 760 620 788 oras
653 760 787 802 genus
815 761 840 788 a
866 745 1083 800 Pallante,
1114 759 1203 787 non
1229 759 1254 787 a
1280 744 1479 786 Pallante
1505 744 1760 799 profectum.

168 818 237 861 52.
288 835 359 866 QVI
381 835 517 861 REGEM
540 834 701 861 EVANDR
709 834 764 860 VM
790 834 860 865 QVI
882 834 999 860 SIGNA
1029 817 1076 859 id
1104 819 1163 858 est
1186 817 1258 870 qui
1283 816 1388 870 regis
1413 815 1612 858 Euandri
1641 817 1763 870 siyna

47 893 146 932 sunt
180 891 321 945 secuti,
361 892 408 931 ut
443 888 515 944 <II
550 889 663 944 116>
710 890 954 944 sanquine
993 888 1245 943 placastis
1287 891 1454 930 ventos
1490 891 1534 930 et
1568 889 1764 942 viryine

47 974 189 1003 caesa
211 975 292 1016 pro
325 960 546 1015 esanquine
575 962 751 1016 viryinis
781 959 952 1004 eaesae'.

169 1032 238 1075 53.
288 1045 338 1075 IN
375 1043 611 1075 MONTIBVS
650 1035 699 1075 ut
738 1033 923 1075 diximus
964 1046 1095 1088 supra
1133 1031 1226 1087 <VI
1259 1030 1392 1086 784>,
1437 1031 1482 1072 in
1523 1031 1762 1074 minoribus
1790 1040 1834 1071 10

47 1104 135 1146 illis
168 1104 389 1147 colliculis.
451 1119 508 1146 an
540 1103 629 1159 epro
660 1104 830 1161 monte',
860 1119 918 1147 an
949 1103 1072 1147 ‘inter
1102 1102 1303 1146 montes'?

167 1175 236 1218 54.
286 1187 547 1218 PALLANTIS
573 1188 747 1220 PRoAvl
780 1175 1007 1218 confundit
1038 1175 1236 1229 nomina,
1268 1176 1317 1216 ut
1347 1174 1602 1231 plerumque
1635 1176 1762 1230 solet3

47 1261 149 1288 nam
181 1262 286 1289 avus
318 1247 412 1290 fuit.
465 1247 527 1289 sic
559 1250 602 1289 et
633 1247 742 1289 illud
774 1247 882 1289 dixit
907 1246 999 1301 <IX
1019 1246 1076 1301 3>
1110 1246 1226 1287 luco
1262 1247 1379 1288 tunc
1411 1246 1548 1289 forte
1579 1261 1764 1302 paren-

47 1317 119 1359 tis
150 1317 376 1360 Pilumni
403 1318 606 1361 Turnus
640 1321 684 1360 et
717 1319 821 1361 alibi
853 1317 922 1373 <X
944 1317 1060 1372 619>
1092 1316 1464 1373 Pilumnusque
1496 1317 1580 1359 illi
1614 1333 1763 1373 quar—

46 1392 130 1431 tus
162 1393 320 1445 pater.
376 1405 404 1433 a
434 1391 679 1444 quibusdam
711 1394 847 1433 tamen
878 1389 943 1432 hic
974 1389 1138 1440 Pallas,
1173 1392 1315 1430 auctor
1345 1388 1563 1432 Euandrii
1589 1391 1761 1445 yeneris,
1790 1398 1833 1430 15

46 1462 175 1516 Aeyei
208 1462 323 1516 silius
359 1461 488 1515 fuisse
523 1463 692 1518 dicitnr,
731 1463 804 1516 qui
840 1476 868 1504 a
902 1462 1036 1514 fratre
1069 1459 1220 1510 Theseo
1250 1460 1426 1503 Athenis
1462 1475 1584 1516 reyno
1613 1462 1764 1516 pulsus

47 1534 106 1575 ad
133 1532 364 1575 Arcadiam
400 1534 510 1576 venit
538 1537 577 1575 et
605 1533 663 1575 ibi
693 1547 865 1589 reqnurn
897 1534 1038 1576 tenuit.
1086 1536 1124 1575 et
1153 1532 1226 1575 hoe
1252 1536 1372 1587 poeta
1402 1534 1526 1587 quasi
1555 1532 1760 1576 Romanis

48 1605 168 1648 dicit:
198 1619 299 1647 nam
330 1606 388 1648 ad
414 1604 589 1648 Aenean
618 1619 702 1648 non
726 1606 916 1660 pertinet.

167 1676 235 1719 55.
285 1690 336 1720 HI
364 1689 556 1720 BELLVM
587 1689 791 1720 Ansmvn
824 1688 1014 1720 Dvcvm*
1047 1688 1141 1720 cvm
1174 1688 1330 1719 GENTE
1364 1688 1540 1719 LATINA
1572 1676 1762 1719 ‘ducunt'

50 1751 124 1792 aut
155 1751 327 1805 gerunt,
367 1752 442 1792 aut
477 1750 523 1792 in
559 1750 738 1806 longum
775 1749 968 1791 trahunt.
1032 1750 1075 1790 et
1112 1749 1221 1791 bene
1252 1749 1611 1805 praestandorum
1644 1749 1763 1791 auxi·
1789 1757 1834 1788 20

49 1821 207 1862 liorum
249 1821 454 1875 exprimit
497 1836 691 1877 causam,
734 1835 788 1863 ne
832 1821 972 1876 magis
1014 1820 1180 1874 Turno,
1224 1820 1348 1876 quasi
1392 1820 1574 1876 Graeco,
1617 1820 1763 1863 favere

51 1890 289 1933 credantur.
812 1930 814 1933 ,

172 1962 241 2005 56.
291 1974 513 2006 FOEDERA
544 1975 691 2007 IVNGE
724 1965 884 2020 legitur
915 1967 964 2021 et
991 1963 1178 2007 ‘foedere
1210 1964 1368 2021 iunge'.

170 2034 239 2077 57.
288 2047 437 2078 REo‘ro
469 2048 679 2079 FLVMmE
715 2047 878 2079 DVOAM
914 2050 998 2079 non
1035 2038 1094 2079 ad
1127 2041 1325 2080 naturam
1362 2037 1469 2079 alvei
1505 2038 1763 2091 referendum

50 2110 124 2162 est,
160 2120 261 2148 nam
291 2108 354 2149 ait
384 2107 498 2163 <95>
531 2101 780 2162 et'lonyos
816 2111 1059 2163 superant
1090 2109 1282 2162 flexus:
1319 2110 1390 2151 sed
1425 2112 1543 2151 recto
1577 2110 1763 2151 fluminis
1789 2118 1834 2148 25

50 2179 221 2234 itinere,
253 2179 353 2233 qnia
382 2193 467 2221 non
498 2183 598 2222 sunt
626 2180 819 2222 erraturi.
883 2182 926 2221 et
958 2180 1019 2222 sic
1051 2180 1177 2236 dixit,
1208 2183 1257 2222 ut
1288 2179 1380 2235 <VI
1411 2179 1527 2235 900>
1559 2182 1680 2223 tunc
1714 2196 1764 2224 se

51 2250 110 2292 ad
137 2248 348 2292 Caietae
366 2253 516 2293 recto
549 2251 650 2293 fert
681 2251 839 2294 litore
871 2254 1094 2307 portum,
1124 2252 1207 2295 hoc
1233 2254 1300 2295 est
1325 2268 1350 2294 a
1374 2252 1502 2294 litore
1533 2267 1621 2295 non
1650 2268 1763 2295 rece-

50 2322 167 2365 dens.
229 2322 290 2364 sic
335 2336 437 2378 ergo
477 2325 520 2365 et
556 2337 671 2365 nunc
709 2338 734 2364 a
770 2322 899 2365 litore
944 2323 1065 2366 fluvii
1095 2338 1182 2366 non
1226 2324 1495 2366 recedentem
1535 2324 1763 2380 significat.

146 2491 167 2522 3
193 2487 395 2534 Martialis]
419 2487 506 2524 VIII
520 2492 579 2534 39,
596 2493 636 2533 1;
656 2487 707 2524 IX
721 2493 778 2533 24,
794 2493 812 2524 1
834 2490 847 2535 ΙΙ
867 2493 910 2524 19
931 2489 1073 2526 ducunt
1087 2493 1153 2526 aut
1166 2490 1316 2537 gerunt]
1338 2490 1384 2527 cf.
1398 2489 1494 2527 Non.
1509 2502 1544 2536 p.
1559 2493 1640 2537 284,
1657 2495 1701 2526 10
1715 2491 1763 2525 M.

151 2647 166 2678 1
195 2644 252 2678 est
277 2653 343 2679 om.
371 2643 404 2679 G
422 2645 434 2690 ΙΙ
453 2645 500 2680 ab
526 2644 652 2680 ouium
678 2645 808 2681 balatu
835 2645 909 2680 AS
927 2646 938 2692 ΙΙ
956 2645 1063 2680 baltu
1089 2645 1134 2680 H
1148 2646 1160 2693 ΙΙ
1179 2645 1305 2682 ovium
1332 2657 1397 2681 om.
1419 2646 1550 2682 LHF
1573 2647 1671 2692 (add.
1699 2649 1724 2693 l)
1751 2649 1762 2695 ΙΙ

51 2691 190 2726 lallant
214 2702 299 2726 eum
324 2691 361 2726 A
398 2692 630 2736 pallanteum
657 2693 685 2728 S
721 2693 953 2728 ballanteum
979 2693 1029 2727 M
1063 2693 1209 2729 uallant
1235 2705 1319 2729 eum
1341 2694 1380 2728 F
1396 2695 1407 2740 ΙΙ
1426 2698 1446 2729 2
1474 2695 1512 2729 et
1538 2696 1671 2730 exinde
1693 2724 1699 2731 .
1721 2725 1728 2731 .
1752 2725 1757 2731 .

52 2738 192 2774 dictum
213 2741 300 2784 post
325 2739 543 2784 plerumque
567 2741 648 2776 hab.
676 2740 712 2775 L
730 2742 742 2785 ΙΙ
767 2740 933 2786 parantis
958 2739 1074 2776 titron
1098 2741 1135 2775 A
1172 2753 1242 2787 par
1268 2741 1485 2777 antistitron
1511 2742 1540 2777 S
1576 2755 1643 2788 per
1668 2744 1762 2778 anti-

53 2786 199 2822 stichon
225 2786 261 2821 R
298 2796 365 2831 per
396 2786 634 2832 antistychon
659 2787 757 2823 HM
762 2788 801 2822 F
841 2799 907 2833 per
939 2787 1214 2824 antistochenl
1250 2800 1318 2835 per
1349 2789 1602 2825 antistoiehon
1634 2790 1674 2825 id
1707 2792 1765 2826 est

52 2834 198 2869 mutata
216 2833 344 2869 littera
363 2833 567 2870 Masvicius
585 2836 597 2881 ΙΙ
615 2835 721 2871 baltu
742 2836 786 2870 H
801 2837 812 2881 ΙΙ
841 2839 860 2869 3
889 2846 938 2880 pa
957 2834 1047 2870 RH
1052 2836 1101 2870 M
1106 2836 1160 2872 F:
1187 2836 1236 2871 ba
1256 2836 1328 2872 AS
1335 2836 1371 2871 L
1389 2838 1402 2882 ΙΙ
1420 2837 1531 2882 longe
1552 2838 1587 2872 L
1609 2839 1714 2883 (corr.
1737 2840 1763 2883 Z)

52 2881 64 2926 Η
90 2892 171 2916 eam
190 2881 278 2916 LH
282 2881 322 2915 F
328 2895 335 2915 :
363 2882 477 2916 etiam
502 2883 635 2928 reliqui
651 2885 664 2929 ss
682 2882 868 2918 marcialis
888 2882 917 2918 S
933 2884 945 2928 ΙΙ
963 2886 986 2917 4
1012 2884 1084 2930 est]
1112 2883 1162 2919 sit
1179 2884 1279 2919 HM
1312 2884 1355 2919 fit
1377 2884 1583 2929 Stephanus
1601 2886 1614 2931 ΙΙ
1633 2890 1653 2921 G
1679 2897 1762 2931 pro-

52 2928 189 2963 fectum
213 2957 221 2964 .
244 2956 251 2963 .
276 2958 283 2965 .
310 2929 517 2974 profect-um
543 2940 610 2965 om.
624 2930 661 2965 R
679 2933 692 2976 ΙΙ
710 2930 919 2976 profectum
944 2930 1026 2966 hab.
1041 2930 1070 2966 S
1077 2931 1133 2974 M,
1153 2942 1220 2967 om.
1235 2931 1367 2966 ALH
1371 2932 1410 2966 F
1425 2933 1438 2977 ΙΙ
1456 2932 1524 2968 has
1550 2945 1594 2968 ex
1619 2933 1686 2970 hos
1706 2933 1764 2976 M,

53 2975 120 3010 has
146 2987 211 3011 om.
233 2976 273 3011 F
288 2978 300 3021 ΙΙ
319 2977 428 3011 horas
454 2976 535 3012 ΒΗ
539 2976 580 3011 F
593 2979 606 3022 ss
626 2982 646 3013 7
672 2978 784 3013 schol:
806 2978 855 3013 ad
880 2989 911 3013 v.
934 2981 977 3013 52
1003 2978 1086 3014 hab.
1110 2979 1144 3013 T
1167 2980 1171 3025 Ι
1191 2978 1372 3014 euuandri
1398 2979 1438 3013 F
1454 2981 1465 3025 ΙΙ
1485 2984 1506 3015 8
1533 2982 1620 3016 sunt
1645 2981 1763 3016 secuti

53 3033 117 3059 om.
145 3023 186 3058 F
202 3025 212 3069 ΙΙ
239 3027 283 3059 10
308 3025 415 3059 schol.
443 3025 493 3060 ad
516 3036 547 3059 υ,
575 3029 619 3060 53
645 3036 711 3061 om.
738 3025 774 3060 R
793 3026 805 3071 ΙΙ
831 3025 957 3071 supra]
986 3026 1073 3061 sunt
1097 3026 1131 3060 L
1218 3037 1331 3072 supra
1356 3028 1412 3061 est
1436 3026 1477 3061 F
1492 3029 1504 3073 ΙΙ
1535 3032 1575 3063 11
1606 3028 1762 3064 collibus

55 3069 94 3103 F
108 3070 122 3114 ΙΙ
142 3075 184 3105 12
204 3083 392 3106 nummis
419 3082 484 3107 om.
499 3072 589 3115 AS,
613 3084 802 3108 mmmmm
820 3085 948 3109 PnoAv1
974 3083 1040 3109 om.
1056 3073 1092 3108 R
1111 3076 1123 3119 ΙΙ
1142 3072 1311 3109 confudit
1329 3073 1403 3109 AS
1420 3075 1432 3119 ΙΙ
1454 3078 1496 3110 13
1524 3076 1621 3111 sicut
1639 3078 1678 3110 et
1697 3076 1731 3109 A

54 3116 121 3150 illo
147 3117 181 3151 L
217 3117 307 3154 illuc
332 3118 378 3153 H
397 3120 410 3164 ΙΙ
441 3119 523 3154 loco
549 3119 583 3154 L
619 3120 741 3156 lucam
769 3120 810 3155 F
830 3122 843 3166 ΙΙ
874 3121 955 3155 tum
982 3121 1022 3155 F
1049 3123 1061 3166 ΙΙ
1095 3125 1137 3155 16
1163 3120 1282 3165 Aegei
1309 3121 1533 3158 Masvicius:
1561 3123 1657 3168 egeii
1684 3075 1763 3203 FIL

54 3163 144 3207 quia
168 3163 246 3200 frai:
268 3166 308 3200 F
323 3167 336 3212 ΙΙ
362 3170 404 3201 17
427 3178 469 3202 oc
489 3166 530 3202 F
544 3168 557 3213 11
583 3171 627 3202 22
648 3169 819 3203 credatur
838 3167 875 3203 R
894 3169 905 3215 ΙΙ
925 3172 969 3203 23
996 3168 1163 3214 foedere]
1189 3168 1342 3204 foedera
1360 3168 1420 3204 As
1438 3170 1451 3214 11
1469 3170 1581 3215 iunge
1607 3181 1672 3204 om.
1692 3169 1722 3204 S

56 3211 155 3254 (add.
181 3211 213 3256 s)
232 3213 309 3257 1125
334 3213 389 3248 ait
415 3213 671 3250 Commelinus:
699 3217 764 3251 aut
789 3215 829 3251 F
844 3217 856 3261 ΙΙ
874 3217 975 3251 reete
1001 3216 1045 3250 H
1060 3217 1072 3261 ΙΙ
1091 3214 1255 3250 fluminis
1281 3226 1348 3251 om.
1375 3216 1421 3251 H
1434 3218 1447 3261 ΙΙ
1470 3221 1515 3252 26
1542 3217 1598 3262 ut]
1627 3218 1664 3251 et
1689 3216 1726 3251 R
1751 3216 1763 3265 ΙΙ

55 3262 99 3293 28
127 3259 165 3293 et
192 3268 258 3294 om.
285 3259 326 3294 F
340 3260 354 3305 u
372 3271 394 3295 a
418 3260 527 3296 litore
554 3289 561 3296 .
584 3291 591 3299 .
614 3290 622 3297 .
648 3264 751 3298 recto
776 3263 928 3298 flumine
953 3274 1019 3299 om.
1046 3263 1087 3298 F
1103 3265 1115 3309 ΙΙ
1140 3274 1163 3299 a
1187 3274 1255 3299 om.
1276 3264 1321 3299 H
1334 3265 1347 3311 ΙΙ
1371 3263 1564 3299 cedentem
1591 3264 1620 3300 S
