2092 3614
577 234 730 272 OOMM.
756 235 808 270 IN
833 234 977 271 VERG.
1002 233 1115 269 AEN.
1141 233 1211 268 XII
1233 237 1384 268 34—66.
1745 231 1827 273 581

127 347 167 389 ei
197 346 532 390 intercluserant
565 360 731 388 vocem:
764 346 826 387 sic
856 344 906 386 de
932 343 1135 386 Euandro
1163 343 1254 397 <XI
1277 342 1388 397 151>
1421 344 1470 384 et
1502 342 1584 384 via
1615 342 1691 383 vix
1721 344 1832 383 tan—

128 418 235 460 dem
266 417 443 460 laxata
475 417 645 459 dolori
678 420 765 459 est.
1155 466 1158 468 ,

246 490 316 531 48.
367 500 496 540 QVAM
528 500 618 531 PRo
650 500 715 530 ME
750 499 906 531 CVRAM
932 498 1066 530 6Ε1113
1092 499 1218 530 HANG
1243 497 1425 530 ΡΕΕΟΟΕ
1451 498 1626 529 omnm:
1653 498 1742 529 PRO
1769 498 1833 528 ME
1888 529 1891 532 ,

128 572 342 604 DEPONAS
383 561 448 602 bis
487 560 657 615 quidem
691 560 753 602 ait
785 559 878 614 ‘pro
912 558 1008 615 me',
1047 559 1121 601 sed
1154 559 1322 601 diversa
1353 558 1611 600 adfectione:
1649 573 1835 614 namque

127 634 210 676 hoc
243 633 363 675 dicit:
396 639 523 687 qu’am
555 648 633 687 pro
667 632 806 674 salute
837 647 931 674 mea
959 631 1295 673 sollicitudinem
1327 630 1454 686 geris,
1486 630 1597 673 hanc
1629 646 1707 686 pro
1740 645 1835 672 mea
1861 637 1882 667 5

129 706 245 747 fama
285 709 327 747 et
359 705 500 759 gloria
532 718 691 759 quaeso
723 703 1013 758 derelinquas3
1059 703 1124 744 vir
1155 702 1279 744 fortis
1312 702 1426 744 enim
1459 703 1696 758 gloriosam
1727 717 1838 745 mor-

129 779 216 819 tem
248 775 476 831 praeponit
507 775 650 818 saluti.

248 847 317 890 50.
366 858 541 889 DEBILE
569 858 758 889 FERRVM
790 847 850 889 sic
881 846 926 888 in
959 846 1143 888 secundo
1171 846 1316 901 <544>
1347 846 1609 901 telumque
1642 847 1837 889 inbelle

132 920 243 963 sine
275 919 382 962 ictu
415 919 651 961 coniecit.

250 991 318 1033 51.
349 1001 531 1033 NOSTRO
546 1002 608 1032 DE
623 1002 843 1032 VVLNERE
865 989 979 1045 quod
996 1005 1075 1032 nos
1096 990 1341 1032 inferimus:
1360 993 1403 1032 et
1423 991 1551 1032 dubie
1572 993 1637 1032 est
1655 991 1840 1032 locutus.
1867 996 1910 1027 10

251 1063 320 1105 52.
371 1073 528 1104 LONGE
573 1074 669 1103 lLLI
714 1073 806 1104 DEA
848 1074 1007 1104 MATER
1050 1074 1160 1104 ΕΕιΤ
1206 1065 1356 1105 contra
1399 1063 1507 1104 illud
1554 1062 1643 1104 ‘sed
1688 1062 1838 1104 matris

133 1133 292 1176 auxilio
324 1132 490 1175 utitur'.

251 1206 320 1248 54.
369 1217 496 1248 NOVA
518 1216 665 1247 SORTE
692 1204 735 1246 id
764 1207 829 1247 est
857 1219 1033 1261 magna:
1058 1221 1158 1248 nam
1186 1220 1343 1248 novum
1371 1220 1459 1247 non
1481 1208 1547 1247 est
1567 1205 1679 1261 quod
1699 1205 1842 1247 fuerat

134 1281 234 1320 ante
267 1277 539 1332 promissum.
585 1290 787 1332 magnam
815 1280 960 1319 autem
987 1280 1147 1320 sortem
1172 1277 1345 1320 vocavit
1371 1278 1588 1333 singulare
1615 1279 1841 1320 certamen.

253 1349 322 1392 57.
371 1361 458 1390 PER
497 1360 536 1390 Sl
576 1359 680 1398 Qvls
719 1359 909 1390 AMATAE
946 1360 1121 1390 TANGrr
1153 1360 1309 1392 Honos
1341 1360 1528 1391 ANIMVM
1569 1349 1622 1400 si,
1663 1349 1764 1404 quia
1799 1352 1841 1390 te
1872 1355 1913 1385 15

134 1421 286 1476 regina
317 1422 456 1477 rogat,
486 1422 607 1461 tuam
640 1422 884 1462 commovet
916 1424 1121 1462 mentem:
1155 1420 1216 1462 316
1241 1421 1285 1462 in
1312 1420 1494 1475 septimo
1523 1419 1668 1475 <401>
1697 1420 1844 1474 siqua

136 1491 236 1548 piis
271 1492 457 1534 animis
491 1493 662 1533 manet
693 1491 925 1534 infelicis
959 1492 1173 1534 Amatae
1206 1493 1390 1547 gratia.

254 1563 322 1606 59.
354 1575 403 1605 IN
423 1575 481 1605 TE
505 1574 648 1606 OMNIS
668 1574 827 1606 DOMvs
849 1575 1103 1606 INCLINATA
1123 1575 1360 1606 RECVMBIT
1382 1567 1523 1607 totum
1543 1563 1725 1619 digessit
1745 1566 1844 1605 ante

137 1651 213 1691 per
234 1635 411 1690 species,
432 1637 474 1677 et
494 1635 555 1677 sic
577 1649 621 1677 se
641 1635 824 1677 contulit
844 1636 897 1677 ad
917 1635 1260 1692 generalitatem.
1287 1638 1329 1677 et
1349 1639 1414 1678 est
1429 1651 1453 1678 a
1466 1636 1591 1678 ruina
1605 1636 1845 1677 translatio.

257 1707 326 1748 60.
376 1718 544 1749 MANVM
571 1717 875 1749 οοΜΜῙΤΤΕΕΕ
902 1718 1099 1750 'rEvoms
1133 1708 1186 1750 ab
1215 1707 1333 1750 omni
1360 1723 1456 1749 eum
1483 1708 1611 1763 bello,
1642 1722 1728 1750 non
1754 1709 1846 1749 tan-
1873 1716 1916 1746 20

138 1781 232 1820 tum
265 1793 289 1820 a
322 1778 535 1833 singulari
568 1778 801 1820 certamine
834 1778 1098 1821 dehortatur.

258 1849 326 1891 62.
376 1861 433 1890 ΕΤ
454 1861 519 1890 ΜΕ
540 1861 696 1891 TVRNE
717 1861 907 1891 MANENT
931 1850 1036 1892 mire
1058 1851 1165 1906 agit:
1186 1866 1287 1893 nam
1308 1850 1409 1906 quia
1430 1851 1511 1893 scit
1533 1851 1669 1892 virum
1689 1850 1846 1892 fortem

140 1936 263 1964 suam
290 1923 473 1963 mortem
500 1920 628 1963 facile
654 1935 781 1976 posse
807 1923 1093 1977 contemnere,
1119 1922 1308 1965 deterret
1334 1937 1443 1975 eum,
1476 1922 1620 1964 dicens
1647 1936 1691 1963 se
1719 1922 1847 1963 simul

142 2007 235 2035 esse
268 1991 541 2034 morituram:
573 1994 622 2034 ut
654 1992 727 2047 qui
759 1992 997 2047 periculum
1026 2008 1115 2035 non
1147 1994 1284 2049 timet,
1315 1994 1520 2036 formidet
1551 1993 1770 2035 invidiam.

261 2063 330 2105 63.
380 2081 455 2107 NEC
485 2081 613 2107 GENER
622 2081 676 2107 VM
710 2080 870 2107 AENEAN
900 2081 1062 2108 CAPTJVA
1101 2082 1239 2108 ιἰοΕΒο
1282 2066 1385 2107 mire
1427 2069 1466 2107 et
1499 2066 1621 2119 fidem
1657 2078 1778 2107 suam
1815 2068 1918 2106 0152ss

138 2135 323 2178 studium
354 2135 463 2176 eirca
496 2135 686 2177 Turnum
716 2136 923 2189 expressit.

262 2206 330 2248 64.
381 2217 574 2249 ACCEPIT
613 2219 773 2250 VOCEM
812 2207 915 2250 ordo
956 2211 1039 2250 est:
1080 2209 1245 2263 accepit
1283 2222 1430 2251 vocem
1470 2208 1621 2250 matris
1660 2207 1851 2263 Lavinia⁷

141 2278 378 2333 flagrantes
424 2291 557 2333 genas
601 2278 792 2320 lacrimis
830 2278 1020 2334 perfusa,
1066 2279 1108 2321 id
1147 2282 1213 2321 est
1249 2280 1440 2322 lacrimis
1480 2294 1612 2335 genas
1650 2280 1849 2334 perfusas

144 2349 326 2391 habens:
356 2347 524 2391 Statius
558 2352 607 2392 et
639 2350 835 2407 gemitu
866 2353 1092 2393 maestos
1125 2351 1332 2393 imitata
1363 2354 1619 2407 parentes.

264 2420 332 2462 66.
381 2431 530 2462 IGNEM
555 2432 770 2464 SVBIEGIT
797 2434 953 2466 RVBOR
984 2422 1218 2479 hypallage
1252 2425 1318 2465 est
1349 2438 1426 2478 pro
1461 2422 1544 2465 ‘eui
1576 2423 1690 2479 ignis
1718 2424 1850 2465 animi
1879 2432 1923 2463 30

242 2541 286 2573 29
314 2536 473 2584 Statius]
499 2537 615 2575 Theb.
642 2538 695 2573 ΙΙΙ
721 2543 791 2575 200

243 2649 260 2680 1
289 2645 340 2680 316
366 2645 411 2679 (16
437 2643 611 2681 Euandro
638 2657 703 2681 om.
727 2646 763 2681 R
782 2647 794 2691 ΙΙ
813 2646 979 2693 tandem]
1008 2647 1093 2682 uoci
1118 2648 1202 2683 add.
1224 2647 1297 2682 AS
1315 2649 1326 2694 ΙΙ
1352 2651 1371 2682 2
1399 2647 1514 2683 laxati
1535 2647 1584 2682 M
1599 2649 1610 2694 ΙΙ
1630 2647 1754 2682 dolore
1781 2648 1818 2683 R
1843 2649 1853 2694 {l

147 2698 165 2729 7
200 2692 329 2739 saluti]
362 2692 532 2727 Lucanus
566 2692 631 2737 (IX
658 2697 741 2738 275)
776 2694 859 2729 ‘cur
888 2706 962 2729 non
994 2695 1137 2730 maiora
1168 2696 1301 2730 mereri
1336 2707 1447 2740 quam
1483 2695 1600 2730 uitam
1632 2695 1853 2740 ueniamque

132 2740 254 2787 Vlibet'
284 2743 323 2775 et
349 2738 476 2775 Cicero
505 2739 768 2785 ‘antiquiorem
795 2742 954 2777 mortem
980 2742 1211 2787 turpitudine
1237 2743 1381 2778 haberi⁷
1414 2743 1497 2778 add.
1527 2743 1733 2778 Masvicius
1764 2744 1775 2789 ΙΙ
1806 2745 1855 2779 acl

145 2800 281 2824 PACISCI
313 2789 358 2833 (v.
386 2790 446 2830 49)
478 2786 646 2832 adipisci.
697 2789 736 2823 et
766 2788 827 2823 1116
862 2791 992 2824 1611163
1028 2790 1109 2835 agit
1145 2802 1212 2835 per
1251 2793 1387 2826 statum
1428 2790 1745 2835 compensatiuum
1777 2791 1809 2825 T
1844 2792 1867 2835 lg>

145 2840 166 2871 9
192 2835 294 2871 iactu
320 2835 356 2870 R
374 2837 386 2881 ΙΙ
415 2837 457 2869 10
482 2835 532 2871 ad
557 2849 603 2870 nn
630 2848 786 2871 vvnunm:
812 2847 838 2871 s.
860 2848 890 2871 v.
919 2836 1015 2871 siout
1040 2839 1078 2872 et
1103 2837 1148 2872 de
1176 2838 1329 2873 uulnere
1356 2849 1493 2873 aeneae
1524 2839 1554 2872 T
1572 2839 1583 2884 ΙΙ
1605 2842 1646 2872 11
1674 2851 1763 2873 nrm*
1785 2839 1819 2873 R
1845 2841 1855 2885 11

149 2887 190 2918 12
217 2883 351 2929 utitur]
380 2882 477 2917 unde
505 2884 562 2917 est
587 2884 684 2928 (107)
714 2884 906 2918 ‘maternis
933 2896 1062 2919 saevus
1088 2884 1126 2919 in
1152 2885 1265 2920 armis
1292 2887 1376 2922 add.
1404 2886 1603 2922 Fabricius
1622 2887 1633 2932 ΙΙ
1668 2890 1710 2921 15
1736 2885 1767 2921 si
1793 2887 1856 2930 qui

147 2933 234 2966 ante
261 2930 333 2965 AS
359 2930 405 2975 (si
431 2929 520 2974 quia
545 2933 582 2965 te
608 2931 646 2975 α)
686 2931 716 2965 31
743 2932 842 2976 quod
867 2933 905 2966 te
934 2932 980 2966 M
998 2933 1010 2977 n
1043 2936 1085 2968 16
1111 2944 1227 2978 regna
1252 2933 1280 2968 S
1298 2934 1310 2978 ΙΙ
1342 2940 1553 2969 commonet
1578 2934 1614 2968 R
1635 2935 1646 2979 ΙΙ
1675 2934 1852 2979 mentem]

147 2981 186 3014 et
211 2978 243 3012 31
267 2989 376 3023 quem
402 2977 580 3012 honorem
605 2978 723 3032 {gabes
749 2980 895 3014 amatae
921 2979 1007 3015 add.
1029 2980 1078 3014 M
1106 2982 1118 3025 ΙΙ
1158 2985 1200 3016 18
1227 2982 1372 3015 tantum
1399 2981 1436 3016 R
1466 2982 1479 3026 ΙΙ
1518 2985 1560 3016 19
1588 2981 1640 3027 61]
1668 2981 1762 3016 haec
1787 2981 1814 3016 S
1845 2982 1856 3027 11

148 3025 271 3071 ruina]
298 3035 402 3061 roma
421 3025 456 3059 R
476 3026 546 3071 1161
571 3054 578 3061 .
600 3053 607 3060 .
631 3053 637 3060 .
663 3025 860 3061 translatio
887 3037 952 3061 om.
975 3026 1015 3062 F
1029 3028 1042 3073 ΙΙ
1067 3031 1111 3062 22
1138 3028 1193 3063 ait
1212 3028 1247 3063 R
1266 3030 1278 3074 ΙΙ
1304 3032 1346 3063 23
1376 3039 1478 3063 suam
1507 3029 1626 3063 uirum
1653 3029 1787 3063 fortem
1807 3029 1855 3072 F,

149 3073 306 3108 mortem
332 3073 497 3109 omittens
515 3075 527 3117 ΙΙ
547 3075 808 3118 contempnere
828 3073 920 3108 ΒΜ
939 3075 951 3120 ΙΙ
970 3078 1014 3109 25
1042 3075 1134 3110 mire
1155 3105 1162 3111 .
1187 3104 1193 3109 .
1216 3102 1223 3109 .
1246 3076 1420 3120 exprimit
1440 3077 1520 3122 (sic)
1539 3077 1620 3111 hab.
1643 3076 1676 3110 T
1693 3077 1704 3121 ΙΙ
1723 3080 1767 3110 28
1793 3075 1857 3110 fla·

149 3122 299 3166 grantes
326 3147 362 3155 ..
385 3148 392 3156 .
420 3120 576 3167 habens]
611 3121 811 3166 flagrantes
842 3121 994 3166 perfusa
1023 3133 1139 3168 genas
1166 3123 1329 3158 lacrimis
1355 3123 1522 3167 perfusas
1550 3123 1589 3158 F
1623 3124 1634 3169 Η
1671 3123 1855 3169 perfusas]

150 3179 296 3212 sparsas
323 3166 395 3204 AS
423 3169 435 3214 ΙΙ
466 3172 510 3203 29
538 3168 679 3203 Statius
704 3179 771 3204 om.
797 3168 842 3203 H
862 3169 874 3215 ΙΙ
905 3169 1122 3215 gemituque
1147 3182 1248 3206 meos
1274 3181 1453 3216 aequasse
1479 3172 1651 3216 parentes
1678 3170 1822 3206 Statius
1844 3171 1856 3216 11

151 3219 196 3250 30
221 3227 338 3266 nosve
364 3214 399 3250 R
431 3216 443 3262 ΙΙ
475 3216 533 3251 661
562 3227 627 3251 om.
648 3215 688 3251 F

1499 3278 1573 3312 38*
