2124 3600
219 1046 263 1077 10

221 1404 263 1434 15

215 1760 261 1791 20

216 2117 260 2148 25

289 285 318 325 4
1062 284 1220 322 SERVII

290 397 365 435 aut
395 394 518 436 nulla
549 395 624 436 aut
654 408 754 435 rara
784 393 833 435 fit
864 394 1038 436 mentio.
1171 411 1316 436 EMICAT
1344 407 1416 434 eur
1447 392 1518 434 hoe
1547 394 1711 435 verbum
1735 394 1920 447 posuerit
1948 407 1997 435 ex

287 466 468 519 sequenti
492 469 586 507 actu
611 466 804 507 iuvenum
827 466 1116 508 advertendum
1135 469 1204 507 est.
1294 477 1478 508 ARDENs
1503 465 1726 520 festinans,
1746 468 1794 507 ut
1813 465 1861 520 <I
1880 465 1996 518 423>

290 538 492 579 instant
523 537 764 579 ardentes
797 536 953 591 Tyrii.

409 609 446 650 6.
494 620 630 651 LITVS
655 621 704 651 IN
729 619 998 650 HESPERIVM
1025 608 1095 650 hic
1122 608 1363 650 ostenditur
1382 607 1638 663 Hesperiam
1665 608 1875 651 minorem
1903 623 1997 650 esse

289 694 460 722 omnem
498 679 692 734 Italiam,
738 680 916 734 dictam,
956 682 1005 720 ut
1043 694 1175 734 supra
1207 678 1302 732 <III
1336 679 1463 733 163>
1490 679 1692 733 diximus,
1729 679 1797 721 vel
1835 694 1861 720 a
1896 693 1998 735 rege

288 750 357 792 vel
402 765 428 792 a
468 750 605 792 stella.
730 762 903 793 SEMINA
944 762 1170 792 FLAMMAE
1214 749 1400 805 Σπέρμα
1443 746 1583 805 πυρὸς
1626 749 1842 792 Homerus
1885 750 1999 804 dicit,

287 822 333 864 id
361 825 418 864 est
447 835 582 864 semen
612 822 732 876 iquis.

409 894 446 935 7.
474 905 733 939 *ABSTRVSA
764 905 813 935 IN
846 905 985 936 VENIS
1019 904 1182 936 81111018
1215 894 1260 935 111
1292 893 1507 949 georgicis
1533 892 1582 947 <Ι
1606 893 1719 947 135>
1753 895 1802 934 et
1832 893 1998 935 silicis

288 964 435 1006 venis
468 965 764 1007 abstrusum
797 965 1072 1007 excuderet
1102 966 1290 1021 ignem:
1322 965 1556 1007 abstrudere
1587 965 1696 1007 enim
1726 967 1784 1006 est
1807 965 1854 1006 de
1877 965 1999 1007 iudu-

290 1037 395 1078 stria
427 1036 566 1078 celare.
686 1048 908 1078 FERARVM
940 1048 1092 1078 TECTA
1123 1036 1370 1092 epexegesis
1403 1035 1548 1078 silvae.

407 1108 445 1150 8.
495 1119 705 1149 FLVMINA
732 1119 981 1150 MousTRAT
1014 1121 1306 1163 quaecumque
1331 1107 1506 1149 fluenta.
1557 1109 1600 1148 et
1632 1107 1850 1149 sciendum
1877 1121 1997 1149 mon-

287 1179 417 1220 strari
451 1179 624 1221 Aeneae
657 1178 710 1220 ad
743 1178 1002 1234 expiandum
1036 1194 1099 1221 se:
1130 1193 1232 1220 nam
1264 1178 1507 1221 funestatus
1539 1178 1681 1220 fuerat
1713 1181 1851 1221 morte
1883 1179 1997 1221 Pali-

286 1250 401 1304 nuri,
446 1265 533 1292 non
578 1250 692 1306 quod
736 1265 833 1292 eum
878 1249 1062 1304 viderat,
1108 1250 1180 1292 sed
1219 1249 1333 1305 quod
1376 1249 1505 1292 funus
1544 1251 1803 1305 agnoverat,
1847 1249 1889 1291 id
1933 1253 1999 1292 est

287 1321 501 1378 doluerat3
534 1322 579 1363 in
612 1336 662 1364 eo
695 1322 811 1364 enim
844 1324 910 1363 est
941 1322 1126 1377 pollutio
1160 1321 1274 1376 quod
1307 1321 1369 1363 ait
1394 1320 1462 1375 <V
1487 1321 1602 1374 869>
1636 1335 1856 1375 casuque
1889 1322 1998 1363 ani—

290 1408 420 1434 mum
453 1407 734 1436 concussus
767 1392 936 1448 amici,
967 1407 1068 1434 nam
1100 1393 1195 1447 ipsa
1228 1393 1397 1447 inpiant
1422 1406 1530 1446 quae
1557 1392 1842 1447 agnoscimus.
1886 1393 1999 1435 unde

289 1465 333 1506 in
365 1465 487 1508 Livio
521 1464 591 1519 <II
623 1465 662 1520 8,
697 1464 751 1519 7>
791 1464 1004 1507 habemus
1039 1463 1269 1506 Horatium
1306 1463 1558 1519 Pulvillum,
1598 1478 1695 1506 cum
1733 1463 1998 1519 Capitolium

288 1536 482 1578 dedicare
515 1536 660 1591 vellet,
693 1536 864 1578 audisse
897 1536 951 1578 ab
982 1535 1158 1578 inimico
1192 1538 1410 1578 mortuum
1442 1535 1596 1589 filium,
1629 1538 1688 1590 et,
1720 1549 1774 1578 ne
1805 1535 1997 1590 pollutus

287 1608 482 1651 dedicare
514 1623 602 1650 non
639 1610 806 1663 posset,
843 1607 1133 1663 respondisse,
1175 1607 1356 1649 cadaver
1393 1607 1460 1649 sit.
1522 1607 1633 1649 hauc
1667 1610 1812 1649 autem
1844 1621 1998 1663 purga-

287 1680 451 1722 tionem
484 1680 655 1722 Aeneae
693 1679 859 1735 polluto
898 1678 972 1720 dat
1008 1678 1167 1733 ubique
1199 1677 1439 1734 Vergilius,
1480 1680 1528 1720 ut
1558 1678 1688 1732 paulo
1721 1680 1822 1733 post
1854 1677 1997 1733 (635)

287 1765 574 1806 corpusque
606 1750 804 1793 recenti
837 1749 1041 1806 spargit
1072 1763 1213 1804 aqua.

406 1823 444 1864 9.
497 1834 557 1864 AT
590 1834 693 1865 P1vs
726 1833 906 1864 AENEAS
941 1823 1136 1875 oportune
1164 1819 1237 1862 hoc
1268 1820 1368 1875 loeo,
1408 1820 1564 1876 quippe
1597 1820 1649 1862 ad
1682 1820 1846 1875 templa
1877 1820 1997 1862 festi-

286 1908 407 1936 nans.
510 1904 656 1936 ARCES
685 1904 851 1943 QVIBVS
878 1902 1027 1934 ALTVS
1053 1902 1237 1933 APOLLO
1264 1904 1301 1933 P.
1334 1906 1430 1933 cum
1456 1891 1614 1946 ubique
1642 1906 1718 1933 arx
1743 1891 1836 1934 Iovi
1860 1891 1997 1946 detur,

288 1965 401 2021 apud
447 1963 606 2007 Cumas
650 1964 697 2006 in
742 1978 838 2006 arce
883 1962 1100 2018 Apollinis
1143 1963 1353 2018 templum
1399 1965 1476 2005 est.
1538 1962 1694 2004 ‘altus'
1739 1965 1884 2005 autem
1929 1963 1997 2005 vel

288 2050 495 2092 magnuS,
538 2038 586 2078 ut
625 2035 694 2090 <X
729 2035 842 2089 737>
885 2034 1022 2076 iacet
1063 2034 1202 2076 altus
1241 2033 1432 2076 Orodes
1477 2035 1521 2075 et
1563 2033 1614 2075 de
1658 2034 1754 2089 ipso
1794 2034 1996 2088 Apolline

289 2107 356 2162 <X
384 2106 501 2162 875>
535 2107 609 2149 sic
639 2108 789 2162 pater
820 2106 910 2147 ille
944 2105 1088 2148 deum
1119 2105 1300 2160 faciat,
1334 2106 1405 2147 sic
1437 2105 1574 2147 altus
1600 2103 1810 2159 Apollo:
1841 2106 1906 2147 vel
1942 2106 1995 2148 ad

286 2179 506 2221 simulacri
539 2177 885 2233 magnitudinem
916 2176 1079 2231 retulit,
1112 2176 1223 2231 quod
1257 2190 1349 2218 esse
1381 2177 1551 2218 constat
1577 2176 1851 2219 altissimum.
1901 2176 1994 2219 Coe-

384 2324 404 2355 6
430 2317 629 2364 Homerus]
659 2317 725 2353 Od.
746 2317 779 2353 V
799 2321 879 2352 490.
912 2316 957 2353 cf.
978 2316 1140 2352 Macrob.
1163 2316 1239 2353 Sat.
1259 2315 1293 2351 V
1315 2320 1369 2360 12,
1391 2320 1411 2350 3
1430 2317 1442 2361 11
1463 2320 1507 2351 15
1532 2316 1629 2351 unde
1655 2316 1694 2352 in
1713 2316 1820 2353 Livio
1840 2329 1871 2353 e.
1891 2329 1925 2362 q.
1947 2318 1993 2364 s.]

287 2377 403 2403 exscr.
429 2366 618 2412 mythogr.
645 2365 697 2399 III
723 2369 755 2409 6,
782 2368 826 2399 28
851 2366 864 2409 11
892 2368 937 2399 26
963 2363 1125 2408 Coelius]
1151 2375 1186 2409 p.
1215 2367 1294 2409 163,
1315 2367 1335 2398 5
1362 2375 1420 2409 ap.
1447 2363 1564 2399 Peter.
2021 2392 2024 2394 .

286 2499 335 2534 sit
359 2497 408 2533 ad
432 2495 733 2543 praeparandum
758 2506 853 2540 quae
880 2495 927 2530 ad
952 2506 1060 2530 usum
1085 2494 1294 2530 necessaria
1320 2496 1406 2530 sunt
1428 2495 1493 2538 *uel
1518 2495 1603 2531 add.
1625 2495 1655 2530 0
1676 2496 1689 2541 11
1722 2499 1740 2530 1
1762 2495 1804 2531 fit
1828 2505 1894 2532 om.
1915 2496 1962 2531 H
1981 2500 1992 2543 11

283 2546 457 2582 scholium
483 2546 532 2580 ad
556 2555 685 2578 nmen
710 2543 793 2579 hab.
815 2541 846 2577 Ο
860 2544 872 2589 11
897 2542 1094 2587 exequenti
1120 2541 1194 2577 GC'
1210 2543 1221 2589 11
1246 2546 1266 2577 2
1293 2553 1336 2577 ac
1361 2543 1403 2577 tu
1430 2542 1529 2587 0114
1548 2543 1609 2577 hic
1636 2571 1643 2579 .
1666 2572 1674 2579 .
1695 2569 1701 2576 .
1730 2543 1790 2578 vel
1815 2554 1839 2578 a
1864 2543 1992 2591 stella]

283 2593 347 2629 hic
373 2591 581 2628 ostenditur
606 2601 686 2626 esse
711 2589 891 2626 minorem
917 2589 1125 2635 hesperiam
1155 2591 1193 2625 et
1218 2600 1364 2626 omnem
1397 2590 1543 2625 italiam
1569 2589 1779 2635 hesperiam
1806 2589 1945 2626 dictam
1971 2602 1992 2627 e

285 2642 384 2687 (fort.
411 2640 472 2685 de)
500 2649 572 2684 quo
598 2637 748 2674 nomine
774 2638 906 2683 plenus
940 2637 1040 2682 (fort.
1064 2636 1224 2682 plenius)
1256 2637 1294 2672 in
1326 2637 1422 2673 libro
1453 2637 1574 2682 primo
1608 2637 1783 2673 aeneidos
1808 2641 1892 2683 (530
1903 2640 1992 2684 sqq.)

283 2688 443 2723 ilioneus
468 2686 645 2732 loquitur.
684 2685 826 2720 dictum
852 2686 909 2720 est
933 2686 976 2719 ut
1001 2696 1111 2730 supra
1137 2684 1277 2720 dictum
1302 2685 1365 2720 uel.
1390 2695 1413 2720 a
1437 2696 1525 2731 rege
1551 2685 1612 2720 uel
1637 2696 1660 2720 a
1684 2685 1796 2720 stella
1823 2684 1857 2720 G
1874 2687 1888 2731 11
1906 2686 1992 2721 hinc

221 2756 225 2760 -
286 2736 336 2771 M
363 2736 376 2781 11
407 2738 427 2770 5
454 2733 612 2780 dictam]
638 2732 850 2778 hesperiam
875 2731 1014 2767 dictam
1042 2732 1072 2767 Ο
1113 2732 1215 2768 dicta
1238 2732 1325 2767 RH
1353 2734 1366 2778 11
1397 2737 1417 2767 6
1444 2732 1547 2768 stilla
1574 2731 1605 2768 G
1632 2734 1644 2779 11
1676 2744 1932 2768 emnpuanrroc
1955 2733 1992 2768 R

284 2794 523 2819 eneruaffpos
548 2781 585 2816 A
623 2791 878 2815 CITNPMAIYPOT
904 2779 950 2814 Η
983 2791 1222 2815 (πεεΜώιΥΡοε
1249 2780 1298 2815 Μ
1326 2781 1338 2826 11
1376 2784 1395 2816 ’7
1422 2780 1460 2815 111
1487 2781 1544 2816 est
1570 2791 1695 2816 semen
1718 2780 1817 2825 ignis
1841 2781 1924 2816 hab.
1952 2780 1991 2826 Ο,

283 2831 406 2866 edidit
423 2830 630 2874 Stephanus
654 2828 665 2873 11
697 2831 718 2863 8
744 2839 948 2862 ABSTBVSAM
973 2832 1085 2863 v'mus.
1115 2841 1142 2863 s.
1169 2827 1205 2862 A
1229 2828 1241 2873 11
1272 2828 1322 2863 ad
1346 2840 1522 2863 ABSTRVSA
1547 2828 1589 2863 iu
1613 2838 1726 2873 marq.
1754 2827 1886 2864 celata.
1925 2827 1991 2863 ab-

285 2879 446 2913 strusum
472 2877 530 2911 est
553 2875 702 2922 proprie
728 2874 829 2919 quod
854 2874 907 2910 sic
931 2874 1027 2910 latet
1052 2876 1095 2910 ut
1118 2875 1238 2910 uideri
1263 2886 1338 2911 non
1364 2875 1481 2920 possit
1509 2875 1542 2910 T
1569 2876 1582 2920 11
1620 2879 1640 2910 9
1667 2874 1881 2910 abstrudere
1908 2900 1917 2910 .
1944 2903 1952 2911 .
1980 2904 1988 2912 .

284 2926 404 2961 celare
429 2925 510 2960 hab.
538 2924 582 2967 (J,
621 2922 737 2958 edidit
761 2921 967 2967 Stephanus
1003 2924 1015 2968 11
1061 2926 1103 2957 10
1127 2923 1265 2958 scholia
1294 2923 1344 2958 ad
1369 2935 1534 2958 FERARVM
1558 2933 1665 2958 mon
1696 2925 1744 2957 et·
1761 2922 1811 2957 ad
1835 2934 1990 2957 nvmm

283 2984 349 3008 om.
373 2971 407 3007 G
425 2973 438 3017 11
466 2975 508 3007 12
533 2971 656 3006 fuerat
676 2997 684 3005 .
707 2997 714 3004 .
736 2999 743 3006 .
765 2970 970 3015 agnoverat
997 2981 1063 3006 om.
1078 2970 1123 3004 H
1136 2972 1148 3014 11
1176 2973 1219 3005 15
1245 2981 1331 3005 nam
1352 2980 1418 3006 om.
1433 2970 1550 3005 RAS
1556 2970 1602 3005 H
1614 2971 1627 3015 11
1651 2970 1733 3015 ipsa
1758 2968 1857 3004 enim
1881 2968 1990 3014 piant

282 3020 384 3066 Asu
410 3023 452 3054 16
478 3017 641 3064 pratium
666 3016 890 3062 pauiuillum
915 3016 952 3051 R
988 3017 1158 3062 pracium
1182 3017 1405 3062 pauiuillum
1424 3018 1498 3054 AS
1535 3017 1680 3063 patium
1705 3015 1927 3062 pauiuillum
1947 3016 1994 3051 H

282 3067 471 3103 horatium
490 3065 670 3112 pauillnm
693 3065 743 3098 M
758 3065 771 3109 11
792 3068 834 3099 17
855 3064 1022 3100 audisset
1040 3066 1071 3099 A
1084 3064 1162 3099 SH
1175 3066 1187 3109 11
1210 3067 1251 3099 18
1271 3065 1522 3110 respondisset
1540 3064 1613 3100 AS
1621 3064 1665 3099 H
1671 3064 1720 3100 M
1734 3065 1747 3109 11
1766 3067 1810 3098 22
1832 3063 1986 3110 ubique]

282 3115 373 3151 alibi
402 3113 467 3160 GH
491 3124 578 3148 arcx
604 3112 634 3147 O
668 3122 753 3146 arec
780 3111 813 3146 G
839 3113 850 3157 11
881 3115 926 3146 23
951 3112 991 3147 in
1016 3113 1095 3147 arte
1121 3111 1158 3146 A
1184 3113 1289 3155 (corr.
1316 3115 1354 3155 a)
1386 3114 1398 3157 11
1429 3116 1474 3147 24
1499 3114 1542 3147 ut
1565 3112 1665 3147 iacet
1689 3139 1697 3146 .
1726 3139 1733 3147 .
1761 3140 1768 3147 .
1794 3110 1910 3146 faciat
1934 3110 1988 3146 sic

282 3174 349 3199 om.
375 3163 429 3206 A,
461 3163 503 3197 iu
526 3171 639 3205 mara.
666 3160 786 3204 suppl.
812 3171 836 3193 a
865 3160 878 3204 11
909 3159 1041 3194 odores
1065 3159 1154 3193 RH
1158 3159 1207 3193 M
1211 3171 1235 3194 α
1269 3160 1281 3204 11
1313 3162 1357 3194 25
1384 3160 1497 3206 altus]
1524 3159 1664 3203 {andus
1691 3158 1734 3193 H
1754 3159 1767 3203 11
1804 3162 1848 3193 26
1874 3157 1987 3194 fuisse

282 3211 429 3246 constat
447 3208 522 3245 GU
555 3208 704 3243 constat
729 3217 808 3241 esse
829 3206 866 3241 R
884 3207 897 3252 11
915 3207 965 3243 ad
990 3207 1089 3242 altus
1108 3205 1246 3251 Apollo
1271 3206 1314 3241 iu
1338 3218 1454 3252 τηαν-9.
1482 3208 1530 3242 ad
1557 3206 1795 3242 simulacrum
1821 3204 1987 3250 ligneum

281 3258 412 3293 retulit
439 3256 582 3301 ‘altus'‚
608 3255 707 3300 quod
735 3254 818 3289 erat
842 3254 879 3288 in
907 3254 1036 3290 eodem
1062 3253 1204 3298 templo
1229 3252 1298 3287 XV
1323 3254 1459 3298 pedum
1485 3253 1696 3289 altitudinis
1725 3252 1758 3287 T
1774 3254 1785 3297 11
1811 3253 1926 3288 celius
1954 3253 1988 3289 G
