2092 3614
216 1037 259 1068 10

215 1394 257 1426 15

211 1753 257 1785 20

210 2111 255 2143 25

287 273 374 315 622
1060 273 1221 311 SERVII

405 383 503 426 534.
554 395 642 426 NEC
679 395 852 427 nomm
883 395 1117 427 MEMORVM
1149 395 1421 427 PnocvncA'r
1454 396 1677 436 EQVORVM
1713 386 1759 428 id
1790 390 1848 430 est
1877 401 1991 441 equo-

284 469 380 497 rum
411 454 574 497 domini
604 454 903 497 inmemorum.

405 526 503 569 538.
552 538 776 569 DEXTERA
807 538 898 569 NEC
930 538 1022 569 ’ΝΑ
1053 538 1112 568 ΤΕ
1145 538 1323 570 GRAIVM
1347 539 1623 571 Fonrlssmn
1650 539 1864 572 an'rHEv
1895 542 1990 572 Em-

285 610 392 640 Pvrr
427 609 585 640 TVRNO
612 609 701 641 NEC
726 610 777 641 D1
805 610 992 641 TEXERE
1019 610 1267 642 CVPENCVM
1298 599 1360 641 ita
1385 599 1563 641 Aenean
1589 603 1811 656 comparat
1834 600 1991 658 Turno,

290 671 338 711 ut
370 683 467 711 eum
499 669 762 725 superiorem
796 685 887 712 esse
920 670 1152 726 significet:
1185 686 1286 712 nam
1313 685 1438 726 quem
1459 670 1630 714 Turnus
1655 672 1877 729 interimit,
1908 673 1991 716 for-

285 740 427 784 titudo
461 756 538 783 sua
571 741 756 784 liberare
787 756 876 784 non
901 742 1063 797 potuit3
1096 742 1135 784 ei
1162 757 1260 785 vero
1288 756 1413 798 quem
1441 743 1598 786 occidit
1622 743 1803 799 Aeneas,
1834 759 1887 786 ne
1914 760 1992 787 sua

286 812 461 868 quidem
504 812 684 855 numina
729 813 932 869 prodesse
975 816 1221 869 potuerunt.
1285 814 1497 856 Terentius
1536 816 1736 858 memini
1773 816 1993 870 relinqui

284 897 353 926 me
383 885 467 926 deo
498 885 629 927 irato
661 899 771 927 meo.
813 885 872 927 sic
901 885 1005 928 alibi
1036 885 1128 941 <IV
1156 885 1270 941 610>
1302 900 1385 928 nec
1415 887 1464 929 di
1494 888 1752 930 morientis
1782 888 1991 931 Elissae.

284 956 441 1010 sinquli
470 957 580 998 enim
610 957 702 999 deos
726 958 919 1011 proprios
949 957 1141 1001 habemus
1167 958 1320 1012 qenios.
1370 972 1472 1000 sane
1505 958 1724 1001 sciendum
1758 974 1991 1014 cupencum

286 1025 544 1070 Sabinorum
588 1028 739 1084 lingua
784 1028 1049 1071 sacerdotem
1094 1029 1259 1085 vocari,
1302 1033 1350 1071 ut
1384 1030 1499 1083 apud
1532 1029 1743 1073 Romanos
1781 1031 1991 1084 flaminem

284 1102 323 1141 et
343 1100 595 1155 pontificem,
625 1100 880 1143 sacerdotem.
924 1104 1021 1143 sunt
1052 1104 1188 1143 autem
1219 1102 1384 1155 cupenci
1407 1101 1603 1144 Herculis
1627 1102 1857 1144 sacerdotes.
1900 1117 1992 1158 erqo

284 1171 386 1224 quia
415 1171 511 1214 huic
533 1172 756 1226 proprium
786 1186 933 1214 nomen
957 1172 1005 1214 de
1028 1173 1230 1215 sacerdote
1252 1173 1389 1228 finxit,
1420 1172 1514 1215 bene
1538 1173 1646 1216 dixit
1670 1172 1755 1215 ‘nec
1779 1173 1841 1215 dii
1866 1176 1993 1216 texere

283 1242 383 1285 sui’.
445 1247 483 1285 ct
511 1244 682 1298 quidam
713 1243 1009 1298 reprehendunt
1033 1247 1196 1298 poetam
1227 1244 1300 1287 hoc
1331 1244 1430 1299 loco,
1468 1245 1576 1298 quod
1604 1245 1651 1287 in
1682 1245 1897 1287 nominum
1927 1246 1991 1288 in-

283 1315 466 1357 ventione
501 1315 708 1369 deficitur:
751 1316 838 1357 iam
875 1316 985 1358 enim
1021 1316 1068 1358 in
1105 1333 1157 1358 Jx.
1191 1315 1335 1371 (771)
1369 1314 1540 1358 Crethea
1575 1330 1603 1358 a
1643 1315 1783 1359 Turno
1819 1317 1992 1359 occisum

283 1386 464 1439 induxit,
495 1390 542 1429 ut
572 1386 794 1442 Crethea,
831 1399 1082 1429 musarum
1113 1387 1352 1437 comitem;
1384 1387 1455 1429 sed
1483 1390 1520 1429 et
1543 1386 1749 1429 Homerus
1779 1390 1817 1429 et
1842 1386 1991 1442 Pylae—

283 1472 437 1501 menem
468 1462 505 1501 et
534 1458 766 1501 Adrastum
796 1458 858 1500 bis
884 1459 1005 1512 ponit
1033 1461 1071 1500 et
1101 1458 1206 1501 alios
1236 1458 1458 1512 conplures.

402 1529 500 1574 543.
550 1542 673 1572 LATE
693 1542 885 1572 TERRAM
905 1541 1244 1573 oonerRNERE
1272 1529 1387 1572 aliud
1414 1545 1465 1571 ex
1493 1529 1576 1571 alio
1605 1529 1863 1573 ostenditur:
1888 1546 1989 1573 nam

283 1617 359 1657 per
391 1602 474 1644 hoc
506 1602 698 1658 corporis
732 1601 984 1656 exprimitur
1015 1603 1281 1658 magnitudo,
1311 1604 1359 1643 ut
1386 1600 1500 1657 <VII
1522 1601 1635 1656 275>
1668 1602 1881 1644 stabant
1912 1603 1991 1644 ter

283 1676 486 1716 centum
517 1673 676 1716 nitidi
706 1673 758 1716 in
788 1673 1129 1728 praesepibus
1164 1674 1303 1716 altis.

400 1744 499 1788 545.
549 1756 764 1788 EVERSOR
800 1755 1026 1787 ACHILLES
1058 1745 1153 1787 bene
1185 1746 1359 1800 separat
1393 1744 1606 1786 Achillem
1648 1761 1673 1787 a
1705 1744 1899 1801 Graecis,
1943 1747 1992 1788 ut

281 1816 330 1871 <1
361 1816 447 1871 30>
480 1815 734 1872 reliquias
767 1816 994 1859 Danaum
1029 1818 1181 1872 atque
1213 1816 1415 1859 inmitis
1447 1815 1654 1859 Achilli.

401 1888 502 1931 546.
549 1900 722 1942 MORTIS
755 1900 914 1930 METAE
946 1887 989 1930 id
1022 1890 1088 1930 est
1120 1903 1250 1943 mors,
1285 1903 1392 1943 quae
1424 1890 1540 1930 meta
1572 1891 1638 1930 est
1669 1890 1712 1930 et
1742 1888 1856 1930 finis:
1887 1903 1988 1930 nam

283 1961 444 2002 metam
483 1963 526 2003 et
563 1960 671 2002 fines
710 1959 826 2002 vitae
865 1959 1065 2014 dicimus,
1102 1974 1190 2002 non
1229 1959 1404 2002 mortis:
1443 1974 1554 2002 mors
1584 1960 1692 2002 enim
1722 1960 1892 2014 infinita
1921 1963 1987 2003 est.

283 2031 503 2074 sciendum
537 2035 696 2086 tamen,
727 2032 789 2074 ita
820 2031 902 2074 hoc
935 2031 985 2074 de
1014 2030 1206 2075 Homero
1240 2047 1332 2075 esse
1363 2032 1636 2087 translatum,
1669 2031 1742 2087 qui
1775 2032 1836 2074 ait
1866 2029 1989 2083 τέλος

280 2101 512 2159 θανάτοιο,
538 2104 620 2146 hoc
652 2105 718 2146 est
748 2103 846 2146 finis
879 2103 1050 2146 mortis:
1082 2118 1185 2145 nam
1217 2104 1261 2146 in
1292 2105 1387 2160 ipsa
1419 2106 1558 2147 morte
1589 2104 1687 2146 finis
1722 2105 1797 2145 est.

393 2175 501 2218 1547.
550 2187 752 2219 LYRNESI
778 2186 934 2219 DOMVS
961 2186 1087 2217 ALTA
1111 2174 1329 2231 Lyrnesos
1357 2176 1508 2219 civitas
1535 2178 1602 2218 est
1624 2174 1852 2231 Phrygiae,
1877 2175 1987 2217 unde
2045 2185 2047 2187 ’

377 2358 396 2389 7
423 2352 634 2398 Terentius]
660 2353 807 2389 Phorm.
834 2354 851 2388 I
876 2356 910 2398 2,
930 2355 986 2388 24.
1026 2352 1071 2388 cf.
1098 2352 1190 2388 Don.
1218 2352 1265 2388 ad
1291 2353 1326 2390 h.
1347 2366 1380 2389 v.
1401 2354 1477 2400 1124
1503 2352 1548 2388 de
1573 2352 1749 2399 Homero]
1775 2351 1818 2389 ΙΙ.
1845 2351 1986 2388 111309

376 2524 396 2555 2
422 2520 656 2555 immemores
682 2520 723 2554 F
747 2521 758 2566 ΙΙ
790 2524 810 2554 5
835 2531 922 2555 nam
948 2520 1074 2566 quem]
1100 2530 1260 2564 namque
1285 2519 1376 2554 RH
1394 2521 1407 2564 ΙΙ
1438 2520 1583 2554 Turnus
1608 2529 1674 2554 om.
1701 2519 1737 2554 R
1762 2520 1773 2565 ΙΙ
1804 2517 1988 2554 interimit

281 2579 391 2613 quem
415 2567 595 2602 fortitudo
621 2567 657 2602 R
675 2567 688 2612 ΙΙ
706 2566 902 2613 fortitudo]
928 2568 1047 2602 uirtus
1074 2566 1141 2614 Fu
1167 2571 1187 2602 6
1214 2567 1294 2613 sua]
1322 2577 1406 2601 eum
1433 2567 1517 2602 add.
1541 2567 1748 2602 Masvicius
1766 2568 1778 2613 ΙΙ
1805 2571 1824 2601 7
1850 2566 1986 2611 reliqui

282 2615 323 2650 F
337 2616 349 2662 ΙΙ
380 2619 401 2651 8
428 2615 512 2662 nec]
539 2618 577 2650 et
610 2615 791 2661 Verqilius
809 2616 821 2660 u
854 2618 898 2649 10
923 2625 951 2650 s.
977 2626 1008 2650 v.
1036 2618 1105 2650 538
1129 2614 1253 2649 uariat
1276 2614 1528 2649 narrationem
1553 2616 1706 2659 propter
1732 2614 1929 2658 fastidium,
1949 2615 1987 2649 et

281 2663 544 2709 apostropham
572 2662 665 2698 facit
689 2663 736 2697 ad
761 2674 877 2697 unum
901 2661 1051 2697 illorum
1084 2662 1149 2707 qui
1181 2661 1311 2707 periit,
1342 2662 1385 2697 in
1409 2673 1521 2707 marq.
1549 2662 1649 2707 apud
1673 2673 1843 2697 romanos
1868 2661 1985 2697 flami-

282 2722 371 2746 num
403 2713 441 2745 et
467 2708 684 2756 pontificum
718 2709 930 2745 sacerdotes
962 2710 1116 2755 cupenci
1148 2709 1323 2744 dicuntur
1342 2739 1349 2746 .
1371 2711 1457 2744 sunt
1488 2710 1612 2744 autem
1645 2709 1805 2745 herculis
1837 2708 1985 2754 proprie

281 2759 491 2794 sacerdotes
512 2785 519 2793 .
542 2769 629 2803 ergo
656 2757 744 2802 quia
769 2757 828 2792 hic
854 2768 987 2792 nomen
1013 2758 1203 2802 proprium
1230 2785 1238 2792 .
1259 2786 1267 2793 .
1289 2784 1295 2791 .
1318 2757 1375 2792 sui
1400 2758 1432 2792 Τ
1448 2758 1460 2804 ΙΙ
1478 2759 1521 2792 ut
1541 2786 1547 2793 .
1571 2787 1578 2793 .
1600 2785 1607 2793 .
1628 2757 1858 2792 sacerdotem
1880 2757 1984 2792 Mas·

280 2806 412 2841 cicius:
453 2806 490 2841 et
528 2805 628 2850 apud
659 2816 831 2840 romanos
861 2804 1051 2840 flaminum
1083 2807 1121 2840 et
1153 2806 1370 2850 pontificum
1402 2805 1639 2840 sacerdotum
1665 2804 1706 2838 F
1739 2803 1985 2848 (sacerdotem

281 2853 444 2898 Daniel).
481 2854 635 2897 fortasse
660 2854 702 2887 in
726 2853 918 2898 archetypo
943 2853 1187 2898 adscripscrat
1211 2854 1347 2898 aliquis
1378 2853 1421 2887 ut
1454 2851 1554 2898 apud
1583 2853 1767 2887 Romanos
1792 2850 1984 2886 flaminum

282 2903 320 2936 et
342 2900 561 2945 pontificum
581 2900 847 2936 sacerdotium:
873 2911 960 2935 nam
978 2911 1053 2935 non
1071 2901 1241 2936 videntur
1258 2901 1345 2936 hace
1362 2901 1470 2936 verba
1490 2900 1635 2945 antiqui
1654 2910 1724 2935 esse
1742 2899 1949 2944 interpretis
1973 2898 1986 2946 ΙΙ

283 2975 326 3006 11
353 2971 523 3006 hercules
549 2971 588 3006 F
609 2973 622 3017 ΙΙ
656 2976 697 3006 12
724 2971 827 3019 quia]
855 2973 951 3017 'quae
977 2971 1016 3005 F
1051 2972 1150 3016 quod
1175 2972 1314 3007 Daniel
1340 2973 1352 3016 ΙΙ
1384 2975 1429 3006 14
1453 2970 1493 3005 in
1518 2985 1565 3006 1x.
1593 2971 1747 3006 Daniel:
1772 2970 1811 3005 in
1836 2963 1884 3006 21⁰1.
1911 2969 1952 3005 F
1973 2970 1984 3016 Η

284 3021 327 3054 15
353 3020 477 3054 cretea
502 3018 544 3053 F
558 3021 570 3064 ΙΙ
595 3018 660 3054 sed
685 3021 724 3054 et
747 3020 929 3055 Homerus
955 3030 1033 3064 eqo:
1060 3019 1125 3053 sed
1150 3021 1188 3054 et
1213 3019 1312 3065 apud
1337 3020 1532 3060 homerum
1558 3018 1598 3053 F
1613 3019 1625 3064 ΙΙ
1651 3018 1909 3063 pylaemonem
1935 3017 1984 3061 F,

281 3067 433 3102 correxi.
472 3067 518 3110 cf.
544 3066 593 3102 Il.
613 3066 647 3101 V
667 3069 734 3102 576
749 3071 792 3102 et
817 3067 903 3102 XIII
929 3069 997 3102 658
1017 3067 1028 3112 ΙΙ
1050 3070 1092 3102 16
1118 3067 1311 3102 adrascum
1338 3066 1396 3102 his
1422 3066 1471 3110 F,
1496 3077 1587 3102 corr.
1603 3065 1742 3101 Daniel
1760 3067 1771 3111 ΙΙ
1791 3069 1836 3100 20
1861 3077 1982 3100 Aean,-

280 3126 334 3149 ms
360 3113 485 3149 ΑΒΗ
511 3114 523 3160 ΙΙ
560 3113 749 3159 separauit
774 3114 815 3149 F
842 3115 854 3162 ΙΙ
886 3113 1070 3149 Achillem
1096 3125 1119 3149 a
1145 3114 1293 3150 Graecis
1319 3125 1384 3151 om.
1404 3114 1446 3149 F
1467 3115 1478 3160 ΙΙ
1515 3117 1559 3148 23
1586 3114 1724 3148 metam
1750 3114 1788 3147 et
1812 3113 1903 3148 fines
1928 3113 1982 3147 R:

281 3162 400 3196 metas
427 3163 466 3196 et
489 3161 573 3196 finis
599 3161 627 3196 S
664 3163 765 3197 meta
780 3163 845 3198 'est
870 3164 908 3198 et
931 3161 1014 3196 finis
1039 3161 1083 3196 H
1118 3163 1257 3197 metam
1282 3162 1392 3197 finem
1419 3162 1467 3197 M
1503 3161 1622 3196 metas
1647 3160 1703 3203 F,
1734 3171 1820 3195 nam
1844 3161 1983 3195 metam

283 3210 321 3244 et
345 3209 435 3244 fines
459 3220 525 3245 om.
540 3208 577 3243 A
602 3209 703 3254 (nam
728 3210 846 3245 metas
872 3210 956 3246 add.
971 3209 1008 3254 a)
1028 3210 1040 3255 ΙΙ
1059 3212 1104 3244 24
1117 3220 1222 3245 Teaoc
1249 3221 1401 3245 omni-010
1422 3209 1459 3244 A
1490 3219 1598 3244 ΤεΛοε
1623 3219 1791 3244 cauarom
1811 3207 1848 3242 R
1878 3208 1983 3242 terc

281 3268 459 3292 EANATAIO
485 3257 530 3292 Η
561 3268 669 3292 reaoc
693 3268 883 3293 eanocrom
905 3258 954 3292 M
988 3256 1115 3292 'minoe
1142 3267 1318 3293 cau-arom
1342 3257 1383 3292 F
1397 3258 1410 3302 ss
1429 3260 1473 3292 26
1498 3256 1667 3302 lyrneros
1685 3255 1730 3290 H
1763 3255 1926 3300 lyrnesas
1945 3253 1986 3290 F
