2092 3614
233 1012 277 1043 10

234 1369 275 1400 15

230 1727 275 1758 20

233 2083 278 2115 25

297 250 385 293 544
1070 250 1233 287 SERVII

297 361 393 403 bene
427 361 491 402 ait
524 360 738 402 Metabum
777 358 1001 402 Camillam
1037 361 1262 414 appellasse
1297 360 1450 414 filiam,
1493 360 1643 402 scilicet
1677 360 1846 403 Dianae
1881 361 2004 402 mini-

297 436 449 475 stram:
480 446 582 474 uam
612 435 649 473 et
673 431 881 473 Pacuvius
910 431 958 472 in
982 432 1133 473 Medea
1157 446 1249 474 cum
1273 433 1322 474 de
1346 432 1496 473 Medea
1521 432 1749 485 loqueretur
1772 433 2005 474 caelitum

299 504 503 546 camilla
528 506 809 556 exspectata
833 503 1052 557 advenis,
1083 504 1219 545 salve
1242 503 1451 556 hospita.
1481 502 1666 544 Romani
1684 517 1839 557 quoque
1855 517 2006 557 pueros

299 579 337 616 et
367 575 528 628 puellas
557 574 710 616 nobiles
739 577 777 615 et
805 574 974 616 investes
1005 575 1190 617 camillos
1221 578 1259 616 et
1287 575 1476 617 camillas
1506 575 1784 630 appellabant,
1821 575 2005 628 flamini-

300 660 444 688 carum
475 649 512 687 ct
540 646 762 699 flaminum
785 646 1114 699 praeministros.

420 716 519 759 544.
568 728 683 759 IVGA
714 728 874 760 LONGA
905 717 952 759 iel
979 720 1040 760 est
1068 718 1196 773 longe
1224 717 1381 773 posita,
1412 717 1667 759 remotiora:
1700 716 1930 760 Sallustius
1957 720 2007 759 et

301 788 511 830 Metello
544 788 725 844 procul
758 791 960 844 agente,
997 788 1155 845 longa
1188 804 1303 844 spes
1336 788 1667 840 auxiliorum,
1704 788 1747 830 id
1780 791 1846 831 est
1877 788 2006 844 longe

300 859 456 914 posita.

420 930 519 973 545.
568 942 786 973 SOLORVM
818 943 1050 974 NEMORVM
1088 931 1372 974 desertorum:
1410 931 1635 973 Terentius
1670 932 1812 974 venit
1850 931 2007 973 medi-

302 1004 444 1044 tatus
477 1002 683 1044 aliunde
717 1017 772 1044 ex
799 1003 911 1045 solo
937 1003 1067 1058 loco,
1100 1003 1204 1044 item
1229 1003 1323 1058 ipse
1348 1018 1515 1045 nonne
1541 1004 1674 1045 hunc
1701 1003 1836 1045 abici
1862 1018 2007 1058 opor-

301 1076 378 1116 tet
408 1073 461 1115 in
494 1073 631 1116 solas
664 1074 859 1115 terras?

422 1145 519 1188 547.
569 1157 724 1188 FVGAE
762 1157 913 1188 MEDIO
958 1145 1058 1187 dum
1101 1145 1233 1201 fugit,
1273 1146 1387 1188 inter
1422 1146 1592 1201 fugam:
1635 1161 1738 1188 nam
1775 1146 2006 1202 figuratum

303 1219 381 1271 est,
411 1220 459 1258 ut
490 1215 606 1271 <VII
637 1216 724 1271 59>
758 1217 933 1259 laurus
963 1219 1071 1258 erat
1100 1217 1215 1258 tecti
1244 1217 1404 1258 medio.

423 1288 521 1330 548.
571 1305 693 1330 mmm
726 1304 909 1349 Rvfflfflz
935 1288 1129 1342 impetum
1154 1287 1323 1341 pluviae
1353 1289 1534 1330 ostendit.

423 1359 523 1402 550.
573 1363 791 1409 GAROQVE
823 1370 965 1402 ONERI
997 1371 1142 1401 ΤΙΜΕΤ
1177 1359 1403 1403 Anacreon
1435 1356 1606 1416 φόρτον
1626 1356 1841 1414 ’Ἑρωτος,
1872 1359 1917 1401 id
1942 1363 2010 1402 est

302 1445 410 1474 onus
444 1431 623 1485 amoris,
654 1433 692 1471 et
722 1429 793 1484 <11
827 1430 941 1486 729>
967 1431 1167 1485 pariter
1197 1432 1459 1485 comitique
1489 1432 1722 1485 onerique
1753 1431 2007 1474 timentem.

419 1502 518 1544 551.
567 1514 649 1543 V1x
679 1513 803 1544 HAEC
835 1513 1099 1544 SENTENTIA
1133 1513 1269 1545 SEDIT
1300 1503 1396 1545 ideo
1430 1502 1547 1558 ‘vix'‚
1580 1503 1680 1558 quia
1704 1504 1902 1545 naturale
1929 1506 2007 1559 est,

299 1577 360 1629 ut,
391 1573 592 1629 quotiens
625 1573 753 1615 simul
785 1574 924 1615 multa
956 1574 1211 1630 cogitamus,
1243 1575 1314 1617 vix
1345 1574 1508 1630 aliquid
1535 1574 1866 1628 conprobemus:
1898 1575 2010 1617 unde

301 1660 406 1688 vera
437 1644 659 1687 distinctio
692 1647 758 1686 est
790 1644 952 1687 ‘omnia
986 1661 1129 1688 secum
1155 1647 1344 1688 versanti
1377 1644 1549 1688 subito'.

422 1717 520 1759 553.
569 1728 628 1757 ET
655 1727 843 1758 ROBORE
872 1728 1021 1760 COGTO
1055 1719 1130 1759 aut
1162 1718 1385 1772 antiquam
1416 1717 1590 1759 hastam
1615 1717 1750 1759 fuisse
1776 1718 2011 1773 signifieat:

301 1804 403 1830 nam
443 1787 567 1830 multi
599 1787 808 1842 temporis
840 1788 1001 1843 aliquid
1035 1791 1204 1831 coctum
1235 1791 1432 1831 vocatur:
1453 1787 1679 1831 'Horatius
1711 1788 2011 1844 plerumque

302 1862 541 1902 recoctus
587 1859 759 1902 scriba
802 1874 858 1901 ex
896 1860 1238 1915 quinqueviro
1278 1875 1482 1903 corvum
1521 1859 1726 1901 deludet
1763 1859 2012 1914 hiantem,

303 1931 407 1973 item
427 1931 601 1973 Persius
628 1930 679 1985 <I
699 1931 785 1986 97>
813 1933 868 1973 ut
899 1931 1090 1973 ramale
1122 1928 1277 1973 vetus
1300 1931 1548 1986 vegrandi
1580 1931 1760 1973 subere
1792 1933 2011 1973 coetum:

305 2005 381 2044 aut
410 2017 456 2044 re
487 2017 590 2044 vera
622 2001 759 2044 ‘cocto
792 2002 982 2045 robore':
1014 2002 1165 2045 hastae
1197 2004 1312 2045 enim
1343 2003 1435 2058 igni
1466 2004 1717 2058 plerumque
1743 2002 1886 2044 durari
1912 2017 2010 2045 con—

305 2076 494 2128 suerunt,
523 2077 570 2115 ut
597 2073 767 2125 facilius
798 2075 982 2116 corticem
1014 2074 1238 2117 demittant.

423 2144 522 2187 554.
572 2157 684 2188 Hvlc
722 2144 845 2187 ‘huic’
886 2144 1048 2187 scilicet
1083 2145 1172 2187 telo
1213 2145 1374 2188 ‘natam
1412 2144 1620 2201 inplicat'.
1670 2144 1832 2187 Probus
1862 2146 1910 2187 de
1938 2144 2012 2188 hoe

402 2314 422 2345 2
448 2308 631 2346 Pacuvius
655 2309 695 2344 in
719 2308 868 2356 Medea]
895 2308 1027 2354 fragm.
1054 2308 1142 2344 XIII
1169 2320 1228 2354 ap.
1253 2308 1501 2345 Ribbeckium
1527 2321 1562 2354 p.
1592 2313 1658 2344 105
1685 2309 1741 2344 ed.
1767 2309 1802 2343 II
1832 2310 1844 2355 ΙΙ
1882 2314 1902 2345 6
1930 2309 2010 2344 Sal-

305 2358 454 2404 lustius]
481 2357 567 2393 hist.
594 2357 665 2393 inc.
693 2361 714 2392 3
740 2356 795 2402 D.‚
823 2356 839 2390 I
864 2361 910 2392 24
935 2357 997 2391 Kr.
1028 2358 1041 2402 ΙΙ
1078 2360 1098 2390 9
1126 2357 1339 2403 Terentius]
1366 2357 1479 2393 Andr.
1506 2357 1539 2391 II
1564 2361 1598 2401 4,
1625 2361 1645 2392 3
1676 2358 1688 2402 ΙΙ
1727 2360 1770 2391 10
1795 2357 1886 2392 item
1911 2355 1991 2402 ipse

305 2406 455 2441 Phorm.
489 2405 519 2440 V
547 2408 586 2450 8,
613 2408 657 2439 85
695 2406 707 2450 ΙΙ
747 2409 788 2439 15
814 2404 1025 2450 Anacreon]
1061 2403 1147 2439 vide
1177 2403 1302 2450 Bergk
1339 2406 1437 2449 poet.
1470 2404 1538 2449 lyr.
1565 2405 1626 2440 Gr.
1651 2416 1687 2449 p.
1716 2407 1808 2439 1044
1833 2404 1891 2440 ed.
1916 2403 1969 2438 III
2008 2404 2012 2451 Ι

307 2457 350 2488 21
377 2464 465 2488 nam
486 2477 499 2489 ,
520 2481 528 2489 .
550 2480 557 2488 .
584 2452 756 2498 vocatur]
785 2463 899 2487 exscr.
926 2451 1011 2487 Isid.
1039 2462 1091 2486 or.
1117 2450 1185 2485 XX
1213 2455 1243 2495 1,
1270 2455 1313 2486 21
1346 2453 1358 2496 ΙΙ
1388 2451 1581 2497 Horatius]
1609 2453 1676 2486 sat.
1703 2451 1738 2486 II
1764 2455 1796 2495 5,
1823 2454 1867 2487 55

404 2611 422 2642 1
450 2606 622 2642 camilam
642 2606 683 2641 F
698 2607 710 2652 ΙΙ
729 2609 749 2640 2
774 2617 860 2641 nam
888 2634 895 2640 .
918 2634 925 2641 .
948 2632 954 2640 .
982 2604 1131 2651 hospita
1155 2616 1222 2640 om.
1246 2605 1279 2639 T
1295 2606 1306 2651 ΙΙ
1325 2605 1515 2650 pauciuias
1535 2605 1574 2640 F
1589 2606 1602 2650 ΙΙ
1621 2617 1703 2640 cum
1730 2604 1776 2640 de
1801 2604 1925 2641 media
1943 2605 1984 2640 F
1999 2605 2011 2653 ΙΙ

308 2659 329 2690 3
356 2666 444 2690 saue
470 2653 511 2689 F
525 2656 538 2699 ΙΙ
556 2654 689 2699 hopita
717 2653 751 2688 G
769 2655 781 2699 n
801 2664 933 2698 pueros
959 2663 1004 2687 ex
1029 2652 1173 2697 puellas
1200 2651 1239 2687 F
1255 2653 1266 2698 ΙΙ
1287 2657 1306 2687 7
1332 2653 1477 2699 procul]
1503 2653 1671 2698 pericula
1697 2652 1737 2687 F
1752 2653 1764 2698 ΙΙ
1784 2656 1803 2687 9
1829 2653 1935 2690 schol.
1961 2654 2011 2689 ad

307 2714 339 2738 v.
367 2706 435 2737 545
462 2713 528 2738 om.
545 2701 586 2736 F
601 2705 613 2747 ΙΙ
635 2706 678 2736 10
704 2701 854 2736 aliunde
879 2699 1002 2735 ΑΒΗ
1005 2700 1055 2734 Μ
1086 2700 1233 2735 abunde
1258 2700 1295 2741 R
1314 2701 1325 2746 ΙΙ
1344 2700 1429 2735 Non
1453 2701 1524 2735 hoc
1548 2700 1753 2746 publicitus
1779 2699 1898 2735 scelus
1924 2700 2010 2736 hinc

309 2750 538 2795 asportarier
567 2749 607 2784 in
632 2749 730 2784 solas
754 2749 872 2784 terras
900 2747 1089 2783 Terentius
1114 2748 1125 2793 ss
1164 2751 1208 2782 14
1234 2748 1283 2783 ad
1307 2761 1465 2783 RVPERAT
1490 2761 1516 2783 1.
1541 2762 1565 2783 1.
1590 2760 1620 2783 P.
1646 2759 1673 2784 s.
1699 2759 1731 2783 v.
1758 2747 1828 2782 hoe
1853 2747 2010 2783 dicendo

308 2797 490 2842 impetum
515 2797 668 2842 pluuiae
694 2795 859 2831 ostendit
886 2796 918 2829 T
935 2796 946 2840 ΙΙ
968 2798 1011 2829 15
1039 2795 1246 2841 Anacreon]
1274 2807 1462 2830 ΛΝΛΚΡεωΝ
1486 2795 1602 2830 ASR
1640 2805 1848 2830 annaereon
1872 2795 1925 2836 H,
1951 2805 2009 2831 co-

309 2843 466 2888 mitique
492 2845 667 2890 onerique
691 2843 885 2878 timentem
912 2843 996 2878 add.
1017 2842 1057 2876 F
1073 2844 1085 2887 ss
1103 2842 1227 2877 foi-ton
1253 2844 1376 2878 erotos
1403 2843 1453 2877 M
1486 2843 1625 2878 fortum
1651 2843 1774 2877 erotos
1795 2842 1838 2876 H
1872 2850 2009 2886 φοΡτω-

310 2904 378 2927 :ron
404 2902 538 2926 εΡωτοε
562 2891 602 2926 F
643 2903 759 2926 omzox
790 2901 926 2925 εΡωΤοε
951 2889 1075 2925 ASR.
1116 2887 1258 2935 φόρτον
1276 2886 1438 2934 ’Ἑρωτος
1463 2890 1685 2925 commendat
1709 2889 1892 2934 Berykius
1921 2890 1934 2934 ΙΙ
1967 2893 2009 2924 16

310 2940 429 2974 honus
453 2938 526 2973 AS
544 2940 556 2985 ΙΙ
586 2942 629 2973 18
655 2937 784 2984 simul]
811 2938 843 2973 si
868 2937 924 2981 H,
950 2948 1016 2972 om.
1037 2937 1086 2971 M
1100 2938 1111 2983 ΙῙ
1142 2941 1184 2972 19
1212 2936 1352 2983 subito]
1379 2937 1472 2972 haec
1499 2937 1683 2972 sententia
1708 2936 1804 2971 sedit
1829 2937 1914 2972 add.
1934 2936 2010 2972 Ste-

304 2988 455 3032 phanus
484 2986 496 3030 ΙΙ
527 2989 572 3021 20
597 2989 664 3021 aut
688 2996 754 3021 om.
774 2984 848 3020 AS
874 2986 887 3030 ΙΙ
917 2988 960 3019 21
987 2987 1173 3019 recoctum
1204 2985 1253 3019 M
1276 2986 1287 3030 Η
1317 2984 1535 3029 plerumque
1562 2984 1757 3019 Horatius:
1785 2983 2011 3028 plenumque

311 3035 415 3078 libri,
440 3034 516 3069 nisi
540 3034 636 3079 quod
662 3033 814 3078 plenum
838 3033 875 3067 A
893 3033 906 3078 ΙΙ
933 3035 977 3066 22
1003 3034 1152 3067 recoctsi
1172 3031 1257 3066 RH
1274 3035 1286 3078 ΙΙ
1305 3031 1540 3077 quinquiuiro
1567 3031 1618 3065 M
1632 3033 1645 3076 ΙΙ
1664 3041 1840 3065 cornuum
1867 3031 1896 3066 S
1932 3041 2011 3066 eor-

310 3093 399 3116 num
424 3081 463 3116 F
479 3082 491 3127 ΙΙ
511 3080 664 3116 deludet
689 3081 751 3115 M:
779 3079 923 3115 deludit
947 3079 1062 3114 ASR
1099 3079 1211 3114 delud
1237 3079 1278 3113 H
1314 3079 1459 3114 diludet
1485 3078 1525 3113 F
1539 3079 1552 3124 ΙΙ
1571 3077 1738 3113 hiantem
1763 3077 1804 3112 F
1819 3080 1830 3124 ΙΙ
1850 3082 1895 3113 23
1920 3078 2011 3114 item

311 3140 378 3165 om.
392 3128 465 3164 AS
471 3128 512 3163 F
526 3130 539 3174 ΙΙ
556 3128 705 3163 uitusue
731 3127 884 3173 grandis
908 3126 1020 3162 ubere
1041 3126 1114 3161 AS
1149 3128 1300 3161 uetusus
1319 3126 1524 3171 uaegrandi
1547 3126 1678 3160 subere
1697 3125 1800 3169 RH,
1824 3126 1900 3161 nisi
1916 3127 2012 3171 quod

313 3175 436 3212 subire
462 3176 508 3211 Η
544 3177 653 3211 uetus
679 3186 723 3210 ac
748 3175 880 3220 grandi
905 3173 1035 3210 subere
1061 3173 1112 3208 M
1142 3177 1276 3209 uentus
1300 3173 1523 3219 uaegrandis
1547 3173 1661 3207 ubere
1688 3171 1728 3207 F
1755 3174 1767 3218 Ιί
1804 3177 1849 3208 24
1875 3175 1915 3208 at
1939 3172 2012 3208 AS

312 3225 393 3271 (aut
417 3225 454 3270 a)
474 3225 486 3270 ΙΙ
511 3222 653 3269 durari]
680 3234 747 3258 om.
773 3222 863 3267 AS,
888 3220 969 3257 dari
995 3220 1036 3256 F
1057 3224 1090 3256 et
1114 3231 1141 3257 s.
1167 3232 1198 3257 v.
1226 3234 1249 3257 a
1267 3222 1280 3266 ΙΙ
1307 3224 1352 3256 25
1379 3219 1555 3256 demittat
1579 3220 1630 3265 F,
1655 3231 1746 3256 corr.
1774 3220 2012 3256 Commelinus
