<?xml version="1.0" encoding="UTF-8"?>
<!DOCTYPE html PUBLIC "-//W3C//DTD XHTML 1.0 Transitional//EN"
    "http://www.w3.org/TR/xhtml1/DTD/xhtml1-transitional.dtd">
<html xmlns="http://www.w3.org/1999/xhtml" xml:lang="en" lang="en">
 <head>
  <title>
</title>
<meta http-equiv="Content-Type" content="text/html;charset=utf-8" />
  <meta name='ocr-system' content='tesseract 3.04.00' />
  <meta name='ocr-capabilities' content='ocr_page ocr_carea ocr_par ocr_line ocrx_word'/>
</head>
<body>
  <div class='ocr_page' id='page_1' title='image "./invergiliicarmin02servuoft_0172.png"; bbox 0 0 2124 3600; ppageno 0'>
   <div class='ocr_carea' id='block_1_1' title="bbox 296 1031 340 1062">
    <p class='ocr_par' dir='ltr' id='par_1_1' title="bbox 296 1031 340 1062">
     <span class='ocr_line' id='line_1_1' title="bbox 296 1031 340 1062; baseline 0 0"><span class='ocrx_word' id='word_1_1' title='bbox 296 1031 340 1062; x_wconf 92' lang='lat'><strong>10</strong></span> 
     </span>
    </p>
   </div>
   <div class='ocr_carea' id='block_1_2' title="bbox 298 1389 342 1420">
    <p class='ocr_par' dir='ltr' id='par_1_2' title="bbox 298 1389 342 1420">
     <span class='ocr_line' id='line_1_2' title="bbox 298 1389 342 1420; baseline 0 0"><span class='ocrx_word' id='word_1_2' title='bbox 298 1389 342 1420; x_wconf 86' lang='lat'><strong>15</strong></span> 
     </span>
    </p>
   </div>
   <div class='ocr_carea' id='block_1_3' title="bbox 366 263 1302 306">
    <p class='ocr_par' dir='ltr' id='par_1_3' title="bbox 366 263 1302 306">
     <span class='ocr_line' id='line_1_3' title="bbox 366 263 1302 306; baseline -0.006 -2"><span class='ocrx_word' id='word_1_3' title='bbox 366 263 451 306; x_wconf 82' lang='lat'><strong>158</strong></span> <span class='ocrx_word' id='word_1_4' title='bbox 1138 263 1302 299; x_wconf 85' lang='lat' dir='ltr'><strong>SERVII</strong></span> 
     </span>
    </p>
   </div>
   <div class='ocr_carea' id='block_1_4' title="bbox 364 370 2080 1572">
    <p class='ocr_par' dir='ltr' id='par_1_4' title="bbox 364 370 2077 559">
     <span class='ocr_line' id='line_1_4' title="bbox 483 370 2077 427; baseline -0.001 -13"><span class='ocrx_word' id='word_1_5' title='bbox 483 372 583 414; x_wconf 83' lang='lat'>424.</span> <span class='ocrx_word' id='word_1_6' title='bbox 635 384 909 427; x_wconf 67' lang='lat' dir='ltr'><strong>QVAERITVR</strong></span> <span class='ocrx_word' id='word_1_7' title='bbox 946 384 1098 415; x_wconf 81' lang='lat' dir='ltr'><strong>HERES</strong></span> <span class='ocrx_word' id='word_1_8' title='bbox 1139 372 1190 414; x_wconf 92' lang='lat' dir='ltr'><strong>de</strong></span> <span class='ocrx_word' id='word_1_9' title='bbox 1227 372 1320 414; x_wconf 88' lang='lat' dir='ltr'><strong>iure</strong></span> <span class='ocrx_word' id='word_1_10' title='bbox 1356 371 1492 413; x_wconf 85' lang='lat' dir='ltr'><strong>traxit</strong></span> <span class='ocrx_word' id='word_1_11' title='bbox 1528 374 1577 413; x_wconf 90' lang='lat' dir='ltr'><strong>ut</strong></span> <span class='ocrx_word' id='word_1_12' title='bbox 1614 386 1701 413; x_wconf 90' lang='lat' dir='ltr'><strong>non</strong></span> <span class='ocrx_word' id='word_1_13' title='bbox 1740 384 1963 427; x_wconf 85' lang='lat' dir='ltr'><strong>generum,</strong></span> <span class='ocrx_word' id='word_1_14' title='bbox 2003 370 2077 413; x_wconf 89' lang='lat' dir='ltr'><strong>sed</strong></span> 
     </span>
     <span class='ocr_line' id='line_1_5' title="bbox 364 442 2077 500; baseline -0.001 -14"><span class='ocrx_word' id='word_1_15' title='bbox 364 444 568 486; x_wconf 86' lang='lat' dir='ltr'><strong>heredem</strong></span> <span class='ocrx_word' id='word_1_16' title='bbox 601 444 777 486; x_wconf 87' lang='lat' dir='ltr'><strong>diceret:</strong></span> <span class='ocrx_word' id='word_1_17' title='bbox 809 459 910 487; x_wconf 86' lang='lat' dir='ltr'><strong>nam</strong></span> <span class='ocrx_word' id='word_1_18' title='bbox 942 459 1018 500; x_wconf 91' lang='lat' dir='ltr'><strong>per</strong></span> <span class='ocrx_word' id='word_1_19' title='bbox 1049 443 1369 499; x_wconf 70' lang='lat' dir='ltr'><strong>coemptionem</strong></span> <span class='ocrx_word' id='word_1_20' title='bbox 1399 443 1516 485; x_wconf 87' lang='lat' dir='ltr'><strong>facto</strong></span> <span class='ocrx_word' id='word_1_21' title='bbox 1543 442 1821 485; x_wconf 86' lang='lat' dir='ltr'><strong>matrimonio</strong></span> <span class='ocrx_word' id='word_1_22' title='bbox 1853 442 1938 485; x_wconf 87' lang='lat' dir='ltr'><strong>sibi</strong></span> <span class='ocrx_word' id='word_1_23' title='bbox 1968 442 2077 484; x_wconf 84' lang='lat' dir='ltr'><strong>invi·</strong></span> 
     </span>
     <span class='ocr_line' id='line_1_6' title="bbox 366 515 787 559; baseline -0.002 -1"><span class='ocrx_word' id='word_1_24' title='bbox 366 530 458 558; x_wconf 92' lang='lat' dir='ltr'><strong>cem</strong></span> <span class='ocrx_word' id='word_1_25' title='bbox 490 515 787 559; x_wconf 75' lang='lat' dir='ltr'><strong>succedebant.</strong></span> 
     </span>
    </p>

    <p class='ocr_par' dir='ltr' id='par_1_5' title="bbox 364 585 2078 858">
     <span class='ocr_line' id='line_1_7' title="bbox 483 585 2077 641; baseline -0.002 -11"><span class='ocrx_word' id='word_1_26' title='bbox 483 588 582 630; x_wconf 83' lang='lat'>426.</span> <span class='ocrx_word' id='word_1_27' title='bbox 632 599 909 631; x_wconf 80' lang='lat' dir='ltr'>TYRRHENAS</span> <span class='ocrx_word' id='word_1_28' title='bbox 952 600 968 630; x_wconf 91' lang='lat'>1</span> <span class='ocrx_word' id='word_1_29' title='bbox 1011 599 1186 631; x_wconf 83' lang='lat' dir='ltr'>STERNE</span> <span class='ocrx_word' id='word_1_30' title='bbox 1234 598 1365 630; x_wconf 62' lang='lat' dir='ltr'><strong>Aones</strong></span> <span class='ocrx_word' id='word_1_31' title='bbox 1409 589 1457 628; x_wconf 87' lang='lat' dir='ltr'><strong>ut</strong></span> <span class='ocrx_word' id='word_1_32' title='bbox 1498 585 1590 641; x_wconf 86' lang='lat' dir='ltr'><strong>&lt;IV</strong></span> <span class='ocrx_word' id='word_1_33' title='bbox 1629 585 1745 640; x_wconf 85' lang='lat'>381&gt;</span> <span class='ocrx_word' id='word_1_34' title='bbox 1786 585 1821 640; x_wconf 90' lang='lat' dir='ltr'><strong>i,</strong></span> <span class='ocrx_word' id='word_1_35' title='bbox 1865 599 2077 640; x_wconf 84' lang='lat' dir='ltr'><strong>sequere</strong></span> 
     </span>
     <span class='ocr_line' id='line_1_8' title="bbox 364 656 2078 713; baseline -0.002 -11"><span class='ocrx_word' id='word_1_36' title='bbox 364 659 576 702; x_wconf 90' lang='lat' dir='ltr'><strong>Italiam</strong></span> <span class='ocrx_word' id='word_1_37' title='bbox 608 659 791 702; x_wconf 87' lang='lat' dir='ltr'><strong>ventis.</strong></span> <span class='ocrx_word' id='word_1_38' title='bbox 843 675 944 702; x_wconf 88' lang='lat' dir='ltr'><strong>sane</strong></span> <span class='ocrx_word' id='word_1_39' title='bbox 969 662 1123 702; x_wconf 90' lang='lat' dir='ltr'><strong>notum</strong></span> <span class='ocrx_word' id='word_1_40' title='bbox 1156 661 1222 702; x_wconf 88' lang='lat' dir='ltr'><strong>est</strong></span> <span class='ocrx_word' id='word_1_41' title='bbox 1253 659 1366 701; x_wconf 92' lang='lat' dir='ltr'><strong>bello</strong></span> <span class='ocrx_word' id='word_1_42' title='bbox 1393 658 1579 700; x_wconf 90' lang='lat' dir='ltr'><strong>multum</strong></span> <span class='ocrx_word' id='word_1_43' title='bbox 1605 657 1800 713; x_wconf 84' lang='lat' dir='ltr'><strong>potuisse</strong></span> <span class='ocrx_word' id='word_1_44' title='bbox 1827 656 2078 712; x_wconf 86' lang='lat' dir='ltr'><strong>Tyrrhenos</strong></span> 
     </span>
     <span class='ocr_line' id='line_1_9' title="bbox 365 728 2074 786; baseline -0.001 -14"><span class='ocrx_word' id='word_1_45' title='bbox 365 733 408 773; x_wconf 90' lang='lat' dir='ltr'><strong>et</strong></span> <span class='ocrx_word' id='word_1_46' title='bbox 438 730 572 773; x_wconf 85' lang='lat' dir='ltr'><strong>fuisse</strong></span> <span class='ocrx_word' id='word_1_47' title='bbox 604 732 834 786; x_wconf 88' lang='lat' dir='ltr'><strong>praecipue</strong></span> <span class='ocrx_word' id='word_1_48' title='bbox 866 730 1051 774; x_wconf 86' lang='lat' dir='ltr'><strong>infestos</strong></span> <span class='ocrx_word' id='word_1_49' title='bbox 1082 730 1271 786; x_wconf 90' lang='lat' dir='ltr'><strong>Latinis,</strong></span> <span class='ocrx_word' id='word_1_50' title='bbox 1308 733 1358 773; x_wconf 90' lang='lat' dir='ltr'><strong>ut</strong></span> <span class='ocrx_word' id='word_1_51' title='bbox 1388 729 1524 784; x_wconf 89' lang='lat' dir='ltr'>&lt;VIII</span> <span class='ocrx_word' id='word_1_52' title='bbox 1555 728 1642 784; x_wconf 84' lang='lat'><strong>55&gt;</strong></span> <span class='ocrx_word' id='word_1_53' title='bbox 1674 728 1726 771; x_wconf 92' lang='lat' dir='ltr'><strong>hi</strong></span> <span class='ocrx_word' id='word_1_54' title='bbox 1764 728 1956 771; x_wconf 88' lang='lat' dir='ltr'><strong>bellum</strong></span> <span class='ocrx_word' id='word_1_55' title='bbox 1993 728 2074 771; x_wconf 88' lang='lat' dir='ltr'><strong>ad-</strong></span> 
     </span>
     <span class='ocr_line' id='line_1_10' title="bbox 366 801 1296 858; baseline 0.001 -14"><span class='ocrx_word' id='word_1_56' title='bbox 366 801 509 845; x_wconf 90' lang='lat' dir='ltr'><strong>sidue</strong></span> <span class='ocrx_word' id='word_1_57' title='bbox 544 802 739 845; x_wconf 90' lang='lat' dir='ltr'><strong>ducunt</strong></span> <span class='ocrx_word' id='word_1_58' title='bbox 770 816 878 844; x_wconf 89' lang='lat' dir='ltr'><strong>cum</strong></span> <span class='ocrx_word' id='word_1_59' title='bbox 910 804 1061 858; x_wconf 87' lang='lat' dir='ltr'><strong>gente</strong></span> <span class='ocrx_word' id='word_1_60' title='bbox 1094 801 1296 845; x_wconf 88' lang='lat' dir='ltr'><strong>Latina.</strong></span> 
     </span>
    </p>

    <p class='ocr_par' dir='ltr' id='par_1_6' title="bbox 366 871 2079 1061">
     <span class='ocr_line' id='line_1_11' title="bbox 483 871 2079 927; baseline -0.003 -10"><span class='ocrx_word' id='word_1_61' title='bbox 483 874 583 920; x_wconf 81' lang='lat'>427.</span> <span class='ocrx_word' id='word_1_62' title='bbox 634 885 759 917; x_wconf 82' lang='lat' dir='ltr'>HAEC</span> <span class='ocrx_word' id='word_1_63' title='bbox 798 886 925 917; x_wconf 84' lang='lat' dir='ltr'>ADEO</span> <span class='ocrx_word' id='word_1_64' title='bbox 965 886 1060 916; x_wconf 84' lang='grc' dir='ltr'><strong>ΤΙΒΙ</strong></span> <span class='ocrx_word' id='word_1_65' title='bbox 1096 886 1162 916; x_wconf 84' lang='grc' dir='ltr'><strong>ΜΕ</strong></span> <span class='ocrx_word' id='word_1_66' title='bbox 1201 873 1320 916; x_wconf 86' lang='lat' dir='ltr'><strong>addit</strong></span> <span class='ocrx_word' id='word_1_67' title='bbox 1358 872 1682 927; x_wconf 87' lang='lat' dir='ltr'><strong>auctoritatem,</strong></span> <span class='ocrx_word' id='word_1_68' title='bbox 1719 873 1820 927; x_wconf 88' lang='lat' dir='ltr'><strong>quia</strong></span> <span class='ocrx_word' id='word_1_69' title='bbox 1858 872 1941 914; x_wconf 86' lang='lat' dir='ltr'><strong>scit</strong></span> <span class='ocrx_word' id='word_1_70' title='bbox 1978 871 2079 914; x_wconf 88' lang='lat' dir='ltr'><strong>anui</strong></span> 
     </span>
     <span class='ocr_line' id='line_1_12' title="bbox 366 943 2077 1000; baseline -0.002 -12"><span class='ocrx_word' id='word_1_71' title='bbox 366 945 481 988; x_wconf 89' lang='lat' dir='ltr'><strong>credi</strong></span> <span class='ocrx_word' id='word_1_72' title='bbox 513 946 700 988; x_wconf 88' lang='lat' dir='ltr'><strong>difficile.</strong></span> <span class='ocrx_word' id='word_1_73' title='bbox 763 945 912 988; x_wconf 73' lang='lat' dir='ltr'><strong>‘adeo’</strong></span> <span class='ocrx_word' id='word_1_74' title='bbox 946 948 1106 1000; x_wconf 88' lang='lat' dir='ltr'><strong>autem,</strong></span> <span class='ocrx_word' id='word_1_75' title='bbox 1149 945 1274 988; x_wconf 86' lang='lat' dir='ltr'><strong>valde</strong></span> <span class='ocrx_word' id='word_1_76' title='bbox 1313 944 1477 987; x_wconf 84' lang='lat' dir='ltr'><strong>scilicet</strong></span> <span class='ocrx_word' id='word_1_77' title='bbox 1508 943 1652 1000; x_wconf 89' lang='lat' dir='ltr'><strong>iussit,</strong></span> <span class='ocrx_word' id='word_1_78' title='bbox 1693 946 1741 986; x_wconf 93' lang='lat' dir='ltr'><strong>ut</strong></span> <span class='ocrx_word' id='word_1_79' title='bbox 1779 943 2077 986; x_wconf 90' lang='lat' dir='ltr'><strong>adulescen-</strong></span> 
     </span>
     <span class='ocr_line' id='line_1_13' title="bbox 366 1017 898 1061; baseline 0.002 -2"><span class='ocrx_word' id='word_1_80' title='bbox 366 1019 469 1060; x_wconf 89' lang='lat' dir='ltr'><strong>tem</strong></span> <span class='ocrx_word' id='word_1_81' title='bbox 503 1018 628 1061; x_wconf 91' lang='lat' dir='ltr'><strong>adeo</strong></span> <span class='ocrx_word' id='word_1_82' title='bbox 659 1017 898 1061; x_wconf 90' lang='lat' dir='ltr'><strong>nobilem.</strong></span> 
     </span>
    </p>

    <p class='ocr_par' dir='ltr' id='par_1_7' title="bbox 366 1086 2080 1287">
     <span class='ocr_line' id='line_1_14' title="bbox 483 1086 2080 1145; baseline -0.003 -13"><span class='ocrx_word' id='word_1_83' title='bbox 483 1090 583 1132; x_wconf 86' lang='lat'>430.</span> <span class='ocrx_word' id='word_1_84' title='bbox 634 1100 812 1132; x_wconf 82' lang='lat' dir='ltr'>LAETVS</span> <span class='ocrx_word' id='word_1_85' title='bbox 859 1090 1019 1145; x_wconf 84' lang='lat' dir='ltr'><strong>alacer,</strong></span> <span class='ocrx_word' id='word_1_86' title='bbox 1062 1089 1265 1144; x_wconf 85' lang='lat' dir='ltr'><strong>festinus3</strong></span> <span class='ocrx_word' id='word_1_87' title='bbox 1310 1103 1411 1131; x_wconf 91' lang='lat' dir='ltr'><strong>nam</strong></span> <span class='ocrx_word' id='word_1_88' title='bbox 1458 1088 1611 1131; x_wconf 90' lang='lat' dir='ltr'><strong>laetari</strong></span> <span class='ocrx_word' id='word_1_89' title='bbox 1654 1101 1742 1130; x_wconf 89' lang='lat' dir='ltr'><strong>non</strong></span> <span class='ocrx_word' id='word_1_90' title='bbox 1784 1089 1956 1143; x_wconf 88' lang='lat' dir='ltr'><strong>poterat</strong></span> <span class='ocrx_word' id='word_1_91' title='bbox 2005 1086 2080 1142; x_wconf 90' lang='lat' dir='ltr'><strong>qui</strong></span> 
     </span>
     <span class='ocr_line' id='line_1_15' title="bbox 366 1158 2078 1216; baseline -0.002 -14"><span class='ocrx_word' id='word_1_92' title='bbox 366 1161 575 1216; x_wconf 74' lang='lat' dir='ltr'><strong>perdebat</strong></span> <span class='ocrx_word' id='word_1_93' title='bbox 607 1175 804 1204; x_wconf 83' lang='lat' dir='ltr'><strong>uxorem:</strong></span> <span class='ocrx_word' id='word_1_94' title='bbox 837 1160 898 1203; x_wconf 87' lang='lat' dir='ltr'><strong>sic</strong></span> <span class='ocrx_word' id='word_1_95' title='bbox 925 1175 1055 1215; x_wconf 87' lang='lat' dir='ltr'><strong>supra</strong></span> <span class='ocrx_word' id='word_1_96' title='bbox 1080 1159 1129 1214; x_wconf 88' lang='lat' dir='ltr'><strong>&lt;I</strong></span> <span class='ocrx_word' id='word_1_97' title='bbox 1148 1159 1234 1215; x_wconf 84' lang='lat'><strong>35&gt;</strong></span> <span class='ocrx_word' id='word_1_98' title='bbox 1270 1160 1383 1202; x_wconf 89' lang='lat' dir='ltr'><strong>vela</strong></span> <span class='ocrx_word' id='word_1_99' title='bbox 1414 1159 1607 1201; x_wconf 89' lang='lat' dir='ltr'><strong>dabant</strong></span> <span class='ocrx_word' id='word_1_100' title='bbox 1638 1158 1779 1200; x_wconf 87' lang='lat' dir='ltr'><strong>laeti.</strong></span> <span class='ocrx_word' id='word_1_101' title='bbox 1870 1169 2078 1201; x_wconf 74' lang='lat' dir='ltr'>FLVMINE</span> 
     </span>
     <span class='ocr_line' id='line_1_16' title="bbox 366 1229 2078 1287; baseline -0.002 -13"><span class='ocrx_word' id='word_1_102' title='bbox 366 1243 587 1276; x_wconf 86' lang='lat' dir='ltr'>PVLCHRO</span> <span class='ocrx_word' id='word_1_103' title='bbox 620 1235 669 1275; x_wconf 92' lang='lat' dir='ltr'><strong>ut</strong></span> <span class='ocrx_word' id='word_1_104' title='bbox 700 1246 829 1287; x_wconf 87' lang='lat' dir='ltr'><strong>supra</strong></span> <span class='ocrx_word' id='word_1_105' title='bbox 856 1231 972 1287; x_wconf 84' lang='lat'>&lt;30&gt;</span> <span class='ocrx_word' id='word_1_106' title='bbox 1005 1231 1138 1274; x_wconf 89' lang='lat' dir='ltr'><strong>hunc</strong></span> <span class='ocrx_word' id='word_1_107' title='bbox 1170 1231 1504 1275; x_wconf 68' lang='lat' dir='ltr'><strong>interfluvio</strong></span> <span class='ocrx_word' id='word_1_108' title='bbox 1541 1229 1817 1272; x_wconf 87' lang='lat' dir='ltr'><strong>Tiberinus</strong></span> <span class='ocrx_word' id='word_1_109' title='bbox 1857 1243 2078 1272; x_wconf 90' lang='lat' dir='ltr'><strong>amoeno.</strong></span> 
     </span>
    </p>

    <p class='ocr_par' dir='ltr' id='par_1_8' title="bbox 367 1300 2080 1503">
     <span class='ocr_line' id='line_1_17' title="bbox 485 1300 2080 1356; baseline -0.002 -10"><span class='ocrx_word' id='word_1_110' title='bbox 485 1305 584 1347; x_wconf 83' lang='lat'>432.</span> <span class='ocrx_word' id='word_1_111' title='bbox 635 1314 910 1347; x_wconf 75' lang='lat' dir='ltr'><strong>CAELas&#39;rvn</strong></span> <span class='ocrx_word' id='word_1_112' title='bbox 942 1314 1014 1346; x_wconf 77' lang='lat' dir='ltr'><strong>vis</strong></span> <span class='ocrx_word' id='word_1_113' title='bbox 1046 1314 1210 1345; x_wconf 76' lang='lat' dir='ltr'>MAGNA</span> <span class='ocrx_word' id='word_1_114' title='bbox 1249 1314 1389 1346; x_wconf 69' lang='lat' dir='ltr'><strong>wem*</strong></span> <span class='ocrx_word' id='word_1_115' title='bbox 1429 1303 1504 1344; x_wconf 89' lang='lat' dir='ltr'><strong>aut</strong></span> <span class='ocrx_word' id='word_1_116' title='bbox 1539 1315 1616 1356; x_wconf 89' lang='lat' dir='ltr'><strong>per</strong></span> <span class='ocrx_word' id='word_1_117' title='bbox 1653 1300 1945 1344; x_wconf 87' lang='lat' dir='ltr'><strong>definitionem</strong></span> <span class='ocrx_word' id='word_1_118' title='bbox 1985 1301 2080 1356; x_wconf 88' lang='lat' dir='ltr'><strong>ipsa</strong></span> 
     </span>
     <span class='ocr_line' id='line_1_18' title="bbox 368 1372 2079 1430; baseline -0.003 -12"><span class='ocrx_word' id='word_1_119' title='bbox 368 1375 476 1418; x_wconf 91' lang='lat' dir='ltr'><strong>Iuno</strong></span> <span class='ocrx_word' id='word_1_120' title='bbox 510 1378 577 1418; x_wconf 87' lang='lat' dir='ltr'><strong>est</strong></span> <span class='ocrx_word' id='word_1_121' title='bbox 608 1375 673 1418; x_wconf 87' lang='lat' dir='ltr'><strong>vis</strong></span> <span class='ocrx_word' id='word_1_122' title='bbox 706 1375 901 1417; x_wconf 89' lang='lat' dir='ltr'><strong>deorum:</strong></span> <span class='ocrx_word' id='word_1_123' title='bbox 940 1376 1015 1417; x_wconf 88' lang='lat' dir='ltr'><strong>aut</strong></span> <span class='ocrx_word' id='word_1_124' title='bbox 1044 1388 1121 1429; x_wconf 89' lang='lat' dir='ltr'><strong>per</strong></span> <span class='ocrx_word' id='word_1_125' title='bbox 1153 1376 1435 1430; x_wconf 74' lang='lat' dir='ltr'><strong>augmentum</strong></span> <span class='ocrx_word' id='word_1_126' title='bbox 1468 1372 1605 1415; x_wconf 86' lang='lat' dir='ltr'><strong>suasit</strong></span> <span class='ocrx_word' id='word_1_127' title='bbox 1635 1374 1776 1428; x_wconf 88' lang='lat' dir='ltr'><strong>primo</strong></span> <span class='ocrx_word' id='word_1_128' title='bbox 1808 1387 1885 1428; x_wconf 91' lang='lat' dir='ltr'><strong>per</strong></span> <span class='ocrx_word' id='word_1_129' title='bbox 1917 1386 1980 1428; x_wconf 84' lang='lat' dir='ltr'><strong>se,</strong></span> <span class='ocrx_word' id='word_1_130' title='bbox 2011 1372 2079 1413; x_wconf 90' lang='lat' dir='ltr'><strong>de-</strong></span> 
     </span>
     <span class='ocr_line' id='line_1_19' title="bbox 367 1444 1762 1503; baseline -0.001 -13"><span class='ocrx_word' id='word_1_131' title='bbox 367 1447 467 1490; x_wconf 88' lang='lat' dir='ltr'><strong>inde</strong></span> <span class='ocrx_word' id='word_1_132' title='bbox 498 1461 575 1503; x_wconf 91' lang='lat' dir='ltr'><strong>per</strong></span> <span class='ocrx_word' id='word_1_133' title='bbox 604 1446 835 1502; x_wconf 90' lang='lat' dir='ltr'><strong>Iunonem,</strong></span> <span class='ocrx_word' id='word_1_134' title='bbox 866 1448 1086 1501; x_wconf 87' lang='lat' dir='ltr'><strong>postremo</strong></span> <span class='ocrx_word' id='word_1_135' title='bbox 1118 1459 1195 1500; x_wconf 89' lang='lat' dir='ltr'><strong>per</strong></span> <span class='ocrx_word' id='word_1_136' title='bbox 1228 1445 1420 1488; x_wconf 87' lang='lat' dir='ltr'><strong>omnium</strong></span> <span class='ocrx_word' id='word_1_137' title='bbox 1453 1445 1540 1487; x_wconf 87' lang='lat' dir='ltr'><strong>vim</strong></span> <span class='ocrx_word' id='word_1_138' title='bbox 1573 1444 1762 1488; x_wconf 88' lang='lat' dir='ltr'><strong>deorum.</strong></span> 
     </span>
    </p>

    <p class='ocr_par' dir='ltr' id='par_1_9' title="bbox 486 1516 2080 1572">
     <span class='ocr_line' id='line_1_20' title="bbox 486 1516 2080 1572; baseline -0.002 -11"><span class='ocrx_word' id='word_1_139' title='bbox 486 1518 585 1561; x_wconf 84' lang='lat'>434.</span> <span class='ocrx_word' id='word_1_140' title='bbox 636 1529 833 1561; x_wconf 82' lang='lat' dir='ltr'><strong>TVRNVM</strong></span> <span class='ocrx_word' id='word_1_141' title='bbox 858 1528 1155 1560; x_wconf 79' lang='lat' dir='ltr'>EXPERIATVR</span> <span class='ocrx_word' id='word_1_142' title='bbox 1181 1517 1227 1559; x_wconf 70' lang='lat' dir='ltr'><strong>id</strong></span> <span class='ocrx_word' id='word_1_143' title='bbox 1248 1519 1307 1559; x_wconf 81' lang='lat' dir='ltr'><strong>est</strong></span> <span class='ocrx_word' id='word_1_144' title='bbox 1332 1516 1473 1570; x_wconf 79' lang='lat' dir='ltr'><strong>probet</strong></span> <span class='ocrx_word' id='word_1_145' title='bbox 1496 1518 1648 1559; x_wconf 88' lang='lat' dir='ltr'><strong>contra</strong></span> <span class='ocrx_word' id='word_1_146' title='bbox 1680 1531 1741 1572; x_wconf 91' lang='lat' dir='ltr'><strong>se,</strong></span> <span class='ocrx_word' id='word_1_147' title='bbox 1774 1531 1900 1572; x_wconf 91' lang='lat' dir='ltr'><strong>quem</strong></span> <span class='ocrx_word' id='word_1_148' title='bbox 1929 1531 2008 1572; x_wconf 89' lang='lat' dir='ltr'><strong>pro</strong></span> <span class='ocrx_word' id='word_1_149' title='bbox 2035 1530 2080 1558; x_wconf 90' lang='lat' dir='ltr'><strong>se</strong></span> 
     </span>
    </p>
   </div>
   <div class='ocr_carea' id='block_1_5' title="bbox 339 1589 860 1647">
    <p class='ocr_par' dir='ltr' id='par_1_10' title="bbox 339 1589 860 1647">
     <span class='ocr_line' id='line_1_21' title="bbox 339 1589 860 1647; baseline 0.006 -18"><span class='ocrx_word' id='word_1_150' title='bbox 339 1620 348 1629; x_wconf 87' lang='grc'><strong><em>,</em></strong></span> <span class='ocrx_word' id='word_1_151' title='bbox 366 1591 552 1647; x_wconf 86' lang='lat' dir='ltr'><strong>probare</strong></span> <span class='ocrx_word' id='word_1_152' title='bbox 584 1604 673 1632; x_wconf 93' lang='lat' dir='ltr'><strong>non</strong></span> <span class='ocrx_word' id='word_1_153' title='bbox 703 1589 860 1646; x_wconf 88' lang='lat' dir='ltr'><strong>potuit.</strong></span> 
     </span>
    </p>
   </div>
   <div class='ocr_carea' id='block_1_6' title="bbox 297 1747 343 1778">
    <p class='ocr_par' dir='ltr' id='par_1_11' title="bbox 297 1747 343 1778">
     <span class='ocr_line' id='line_1_22' title="bbox 297 1747 343 1778; baseline 0 0"><span class='ocrx_word' id='word_1_154' title='bbox 297 1747 343 1778; x_wconf 80' lang='lat'><strong>20</strong></span> 
     </span>
    </p>
   </div>
   <div class='ocr_carea' id='block_1_7' title="bbox 298 2105 343 2136">
    <p class='ocr_par' dir='ltr' id='par_1_12' title="bbox 298 2105 343 2136">
     <span class='ocr_line' id='line_1_23' title="bbox 298 2105 343 2136; baseline 0 0"><span class='ocrx_word' id='word_1_155' title='bbox 298 2105 343 2136; x_wconf 84' lang='lat'><strong>25</strong></span> 
     </span>
    </p>
   </div>
   <div class='ocr_carea' id='block_1_8' title="bbox 368 1646 2080 2215">
    <p class='ocr_par' dir='ltr' id='par_1_13' title="bbox 368 1646 2080 1789">
     <span class='ocr_line' id='line_1_24' title="bbox 485 1646 2080 1715; baseline -0.002 -11"><span class='ocrx_word' id='word_1_156' title='bbox 485 1661 583 1705; x_wconf 86' lang='lat'>435.</span> <span class='ocrx_word' id='word_1_157' title='bbox 634 1672 715 1704; x_wconf 83' lang='lat' dir='ltr'><strong>mc</strong></span> <span class='ocrx_word' id='word_1_158' title='bbox 747 1672 935 1704; x_wconf 71' lang='lat' dir='ltr'><strong>1vvnms</strong></span> <span class='ocrx_word' id='word_1_159' title='bbox 967 1672 1130 1703; x_wconf 80' lang='lat' dir='ltr'>VATEM</span> <span class='ocrx_word' id='word_1_160' title='bbox 1161 1671 1381 1702; x_wconf 70' lang='lat' dir='ltr'><strong>malvane</strong></span> <span class='ocrx_word' id='word_1_161' title='bbox 1414 1660 1564 1712; x_wconf 87' lang='lat' dir='ltr'><strong>caluit,</strong></span> <span class='ocrx_word' id='word_1_162' title='bbox 1596 1659 1696 1715; x_wconf 87' lang='lat' dir='ltr'><strong>quia</strong></span> <span class='ocrx_word' id='word_1_163' title='bbox 1726 1659 1911 1702; x_wconf 80' lang='lat' dir='ltr'><strong>iuvenis:</strong></span> <span class='ocrx_word' id='word_1_164' title='bbox 1943 1646 2080 1702; x_wconf 80' lang='lat' dir='ltr'><strong>Hora-</strong></span> 
     </span>
     <span class='ocr_line' id='line_1_25' title="bbox 368 1730 2013 1789; baseline -0.002 -13"><span class='ocrx_word' id='word_1_165' title='bbox 368 1734 456 1777; x_wconf 88' lang='lat' dir='ltr'><strong>tius</strong></span> <span class='ocrx_word' id='word_1_166' title='bbox 488 1748 588 1776; x_wconf 90' lang='lat' dir='ltr'><strong>non</strong></span> <span class='ocrx_word' id='word_1_167' title='bbox 619 1747 711 1789; x_wconf 84' lang='lat' dir='ltr'><strong>ego</strong></span> <span class='ocrx_word' id='word_1_168' title='bbox 744 1733 838 1775; x_wconf 91' lang='lat' dir='ltr'><strong>hoc</strong></span> <span class='ocrx_word' id='word_1_169' title='bbox 870 1733 1055 1775; x_wconf 89' lang='lat' dir='ltr'><strong>ferrem</strong></span> <span class='ocrx_word' id='word_1_170' title='bbox 1088 1732 1291 1776; x_wconf 88' lang='lat' dir='ltr'><strong>calidus</strong></span> <span class='ocrx_word' id='word_1_171' title='bbox 1322 1732 1534 1773; x_wconf 88' lang='lat' dir='ltr'><strong>iuventa</strong></span> <span class='ocrx_word' id='word_1_172' title='bbox 1565 1730 1779 1773; x_wconf 87' lang='lat' dir='ltr'><strong>consule</strong></span> <span class='ocrx_word' id='word_1_173' title='bbox 1810 1730 2013 1773; x_wconf 85' lang='lat' dir='ltr'><strong>Planco.</strong></span> 
     </span>
    </p>

    <p class='ocr_par' dir='ltr' id='par_1_14' title="bbox 369 1802 2080 1927">
     <span class='ocr_line' id='line_1_26' title="bbox 487 1802 2080 1859; baseline -0.003 -11"><span class='ocrx_word' id='word_1_174' title='bbox 487 1806 586 1848; x_wconf 89' lang='grc'>440.</span> <span class='ocrx_word' id='word_1_175' title='bbox 635 1815 774 1848; x_wconf 77' lang='grc' dir='ltr'><strong>νΙοΤΑ</strong></span> <span class='ocrx_word' id='word_1_176' title='bbox 800 1816 904 1847; x_wconf 79' lang='lat' dir='ltr'><strong>srrv</strong></span> <span class='ocrx_word' id='word_1_177' title='bbox 931 1815 1169 1847; x_wconf 82' lang='lat' dir='ltr'>SENECTVS</span> <span class='ocrx_word' id='word_1_178' title='bbox 1201 1803 1411 1859; x_wconf 87' lang='lat' dir='ltr'><strong>temporis</strong></span> <span class='ocrx_word' id='word_1_179' title='bbox 1443 1802 1780 1859; x_wconf 71' lang='lat' dir='ltr'><strong>longinquitate,</strong></span> <span class='ocrx_word' id='word_1_180' title='bbox 1813 1817 1864 1844; x_wconf 84' lang='lat' dir='ltr'><strong>ex</strong></span> <span class='ocrx_word' id='word_1_181' title='bbox 1897 1817 1981 1858; x_wconf 89' lang='lat' dir='ltr'><strong>qua</strong></span> <span class='ocrx_word' id='word_1_182' title='bbox 2006 1817 2080 1845; x_wconf 87' lang='lat' dir='ltr'><strong>na-</strong></span> 
     </span>
     <span class='ocr_line' id='line_1_27' title="bbox 369 1875 1595 1927; baseline -0.003 -7"><span class='ocrx_word' id='word_1_183' title='bbox 369 1878 503 1920; x_wconf 84' lang='lat' dir='ltr'><strong>scitur</strong></span> <span class='ocrx_word' id='word_1_184' title='bbox 534 1877 655 1920; x_wconf 86' lang='lat' dir='ltr'><strong>situs.</strong></span> <span class='ocrx_word' id='word_1_185' title='bbox 778 1888 984 1927; x_wconf 77' lang='lat' dir='ltr'><strong>VERIQVE</strong></span> <span class='ocrx_word' id='word_1_186' title='bbox 1017 1888 1201 1919; x_wconf 78' lang='lat' dir='ltr'><strong>EFFETA</strong></span> <span class='ocrx_word' id='word_1_187' title='bbox 1233 1890 1357 1918; x_wconf 88' lang='lat' dir='ltr'><strong>cassa</strong></span> <span class='ocrx_word' id='word_1_188' title='bbox 1390 1875 1595 1917; x_wconf 88' lang='lat' dir='ltr'><strong>veritatis.</strong></span> 
     </span>
    </p>

    <p class='ocr_par' dir='ltr' id='par_1_15' title="bbox 486 1946 1573 2003">
     <span class='ocr_line' id='line_1_28' title="bbox 486 1946 1573 2003; baseline -0.003 -12"><span class='ocrx_word' id='word_1_189' title='bbox 486 1949 586 1992; x_wconf 89' lang='lat'>441.</span> <span class='ocrx_word' id='word_1_190' title='bbox 637 1960 666 1991; x_wconf 92' lang='grc' dir='ltr'><strong>Ο</strong></span> <span class='ocrx_word' id='word_1_191' title='bbox 698 1960 860 1991; x_wconf 78' lang='lat' dir='ltr'>MATER</span> <span class='ocrx_word' id='word_1_192' title='bbox 891 1948 1115 1992; x_wconf 81' lang='lat' dir='ltr'><strong>inrisionis</strong></span> <span class='ocrx_word' id='word_1_193' title='bbox 1148 1949 1232 2003; x_wconf 88' lang='lat' dir='ltr'><strong>est,</strong></span> <span class='ocrx_word' id='word_1_194' title='bbox 1264 1962 1353 1990; x_wconf 90' lang='lat' dir='ltr'><strong>non</strong></span> <span class='ocrx_word' id='word_1_195' title='bbox 1382 1946 1573 1989; x_wconf 89' lang='lat' dir='ltr'><strong>honoris.</strong></span> 
     </span>
    </p>

    <p class='ocr_par' dir='ltr' id='par_1_16' title="bbox 370 2016 2078 2145">
     <span class='ocr_line' id='line_1_29' title="bbox 486 2016 2078 2074; baseline -0.002 -12"><span class='ocrx_word' id='word_1_196' title='bbox 486 2020 586 2063; x_wconf 81' lang='lat'>442.</span> <span class='ocrx_word' id='word_1_197' title='bbox 637 2031 786 2064; x_wconf 79' lang='lat' dir='ltr'>FALSA</span> <span class='ocrx_word' id='word_1_198' title='bbox 810 2032 1072 2063; x_wconf 78' lang='lat' dir='ltr'><strong>FORMIDINE</strong></span> <span class='ocrx_word' id='word_1_199' title='bbox 1098 2020 1206 2062; x_wconf 89' lang='lat' dir='ltr'><strong>bene</strong></span> <span class='ocrx_word' id='word_1_200' title='bbox 1233 2017 1391 2074; x_wconf 72' lang='lat' dir='ltr'><strong>‘falsa’,</strong></span> <span class='ocrx_word' id='word_1_201' title='bbox 1417 2017 1518 2073; x_wconf 83' lang='lat' dir='ltr'><strong>quia</strong></span> <span class='ocrx_word' id='word_1_202' title='bbox 1545 2016 1737 2059; x_wconf 74' lang='lat' dir='ltr'><strong>‘vatem’z</strong></span> <span class='ocrx_word' id='word_1_203' title='bbox 1771 2032 1958 2073; x_wconf 90' lang='lat' dir='ltr'><strong>namque</strong></span> <span class='ocrx_word' id='word_1_204' title='bbox 1984 2031 2078 2059; x_wconf 87' lang='lat' dir='ltr'><strong>eam</strong></span> 
     </span>
     <span class='ocr_line' id='line_1_30' title="bbox 370 2088 1853 2145; baseline -0.002 -12"><span class='ocrx_word' id='word_1_205' title='bbox 370 2091 629 2135; x_wconf 84' lang='lat' dir='ltr'><strong>defendebat</strong></span> <span class='ocrx_word' id='word_1_206' title='bbox 659 2107 685 2134; x_wconf 88' lang='lat' dir='ltr'><strong>a</strong></span> <span class='ocrx_word' id='word_1_207' title='bbox 716 2092 842 2135; x_wconf 91' lang='lat' dir='ltr'><strong>bellis</strong></span> <span class='ocrx_word' id='word_1_208' title='bbox 875 2092 913 2134; x_wconf 88' lang='lat' dir='ltr'><strong>si</strong></span> <span class='ocrx_word' id='word_1_209' title='bbox 943 2096 1030 2134; x_wconf 84' lang='lat' dir='ltr'><strong>non</strong></span> <span class='ocrx_word' id='word_1_210' title='bbox 1063 2092 1201 2145; x_wconf 78' lang='lat' dir='ltr'><strong>aeta-S,</strong></span> <span class='ocrx_word' id='word_1_211' title='bbox 1234 2090 1390 2132; x_wconf 84' lang='lat' dir='ltr'><strong>saltem</strong></span> <span class='ocrx_word' id='word_1_212' title='bbox 1422 2088 1578 2144; x_wconf 84' lang='lat' dir='ltr'><strong>religio</strong></span> <span class='ocrx_word' id='word_1_213' title='bbox 1611 2088 1853 2131; x_wconf 87' lang='lat' dir='ltr'><strong>sacerdotii.</strong></span> 
     </span>
    </p>

    <p class='ocr_par' dir='ltr' id='par_1_17' title="bbox 487 2158 2080 2215">
     <span class='ocr_line' id='line_1_31' title="bbox 487 2158 2080 2215; baseline -0.003 -9"><span class='ocrx_word' id='word_1_214' title='bbox 487 2163 586 2206; x_wconf 81' lang='lat'>445.</span> <span class='ocrx_word' id='word_1_215' title='bbox 637 2174 837 2206; x_wconf 78' lang='lat' dir='ltr'>EXARSIT</span> <span class='ocrx_word' id='word_1_216' title='bbox 869 2175 917 2205; x_wconf 79' lang='grc' dir='ltr'><strong>ΙΝ</strong></span> <span class='ocrx_word' id='word_1_217' title='bbox 950 2174 1054 2206; x_wconf 79' lang='lat' dir='ltr'>IRAS</span> <span class='ocrx_word' id='word_1_218' title='bbox 1093 2161 1332 2205; x_wconf 90' lang='lat' dir='ltr'><strong>communis</strong></span> <span class='ocrx_word' id='word_1_219' title='bbox 1372 2175 1513 2203; x_wconf 88' lang='lat' dir='ltr'><strong>sermo</strong></span> <span class='ocrx_word' id='word_1_220' title='bbox 1545 2160 1678 2203; x_wconf 89' lang='lat' dir='ltr'><strong>habet</strong></span> <span class='ocrx_word' id='word_1_221' title='bbox 1712 2159 1860 2202; x_wconf 70' lang='lat' dir='ltr'><strong>eardeo</strong></span> <span class='ocrx_word' id='word_1_222' title='bbox 1892 2160 1970 2202; x_wconf 90' lang='lat' dir='ltr'><strong>illa</strong></span> <span class='ocrx_word' id='word_1_223' title='bbox 2001 2158 2080 2215; x_wconf 88' lang='lat' dir='ltr'><strong>re’,</strong></span> 
     </span>
    </p>
   </div>
   <div class='ocr_carea' id='block_1_9' title="bbox 369 2271 654 2276">
    <p class='ocr_par' dir='ltr' id='par_1_18' title="bbox 369 2271 654 2276">
     <span class='ocr_line' id='line_1_32' title="bbox 369 2271 654 2276; baseline 0 0"><span class='ocrx_word' id='word_1_224' title='bbox 369 2271 654 2276; x_wconf 95' lang='lat' dir='ltr'><strong> </strong></span> 
     </span>
    </p>
   </div>
   <div class='ocr_carea' id='block_1_10' title="bbox 466 2308 1911 2374">
    <p class='ocr_par' dir='ltr' id='par_1_19' title="bbox 466 2308 1911 2374">
     <span class='ocr_line' id='line_1_33' title="bbox 466 2308 1911 2374; baseline -0.001 -11"><span class='ocrx_word' id='word_1_225' title='bbox 466 2332 488 2363; x_wconf 86' lang='lat'>9</span> <span class='ocrx_word' id='word_1_226' title='bbox 514 2327 810 2374; x_wconf 74' lang='lat' dir='ltr'><strong>adulescentem]</strong></span> <span class='ocrx_word' id='word_1_227' title='bbox 838 2327 920 2363; x_wconf 86' lang='lat' dir='ltr'><strong>Ter.</strong></span> <span class='ocrx_word' id='word_1_228' title='bbox 948 2338 1030 2363; x_wconf 90' lang='lat' dir='ltr'><strong>eun.</strong></span> <span class='ocrx_word' id='word_1_229' title='bbox 1057 2326 1074 2361; x_wconf 96' lang='grc' dir='ltr'>Ι</span> <span class='ocrx_word' id='word_1_230' title='bbox 1100 2330 1133 2373; x_wconf 85' lang='grc'><strong>2,</strong></span> <span class='ocrx_word' id='word_1_231' title='bbox 1156 2330 1223 2362; x_wconf 87' lang='grc'><strong>124</strong></span> <span class='ocrx_word' id='word_1_232' title='bbox 1241 2327 1254 2372; x_wconf 83' lang='grc' dir='ltr'><strong>ΙΙ</strong></span> <span class='ocrx_word' id='word_1_233' title='bbox 1284 2330 1326 2361; x_wconf 87' lang='grc'><strong>19</strong></span> <span class='ocrx_word' id='word_1_234' title='bbox 1352 2325 1546 2372; x_wconf 84' lang='lat' dir='ltr'><strong>Horatius]</strong></span> <span class='ocrx_word' id='word_1_235' title='bbox 1574 2336 1684 2361; x_wconf 87' lang='lat' dir='ltr'><strong>carm.</strong></span> <span class='ocrx_word' id='word_1_236' title='bbox 1712 2308 1763 2360; x_wconf 76' lang='lat'>11&#39;1</span> <span class='ocrx_word' id='word_1_237' title='bbox 1790 2328 1846 2369; x_wconf 87' lang='lat'><strong>14,</strong></span> <span class='ocrx_word' id='word_1_238' title='bbox 1866 2329 1911 2361; x_wconf 78' lang='lat'><strong>27</strong></span> 
     </span>
    </p>
   </div>
   <div class='ocr_carea' id='block_1_11' title="bbox 370 2426 655 2432">
    <p class='ocr_par' dir='ltr' id='par_1_20' title="bbox 370 2426 655 2432">
     <span class='ocr_line' id='line_1_34' title="bbox 370 2426 655 2432; baseline 0 0"><span class='ocrx_word' id='word_1_239' title='bbox 370 2426 655 2432; x_wconf 95' lang='lat' dir='ltr'><strong> </strong></span> 
     </span>
    </p>
   </div>
   <div class='ocr_carea' id='block_1_12' title="bbox 371 2478 2084 3290">
    <p class='ocr_par' dir='ltr' id='par_1_21' title="bbox 371 2478 2084 3290">
     <span class='ocr_line' id='line_1_35' title="bbox 371 2478 2077 2529; baseline -0.003 -10"><span class='ocrx_word' id='word_1_240' title='bbox 371 2484 420 2520; x_wconf 83' lang='lat' dir='ltr'><strong>sis</strong></span> <span class='ocrx_word' id='word_1_241' title='bbox 446 2494 513 2519; x_wconf 86' lang='lat' dir='ltr'><strong>om.</strong></span> <span class='ocrx_word' id='word_1_242' title='bbox 532 2482 613 2518; x_wconf 82' lang='lat' dir='ltr'><strong>AR</strong></span> <span class='ocrx_word' id='word_1_243' title='bbox 631 2484 643 2529; x_wconf 82' lang='grc' dir='ltr'><strong>ΙΙ</strong></span> <span class='ocrx_word' id='word_1_244' title='bbox 662 2481 799 2529; x_wconf 86' lang='lat' dir='ltr'><strong>possis]</strong></span> <span class='ocrx_word' id='word_1_245' title='bbox 826 2481 1020 2518; x_wconf 83' lang='lat' dir='ltr'><strong>Terentius</strong></span> <span class='ocrx_word' id='word_1_246' title='bbox 1045 2482 1207 2527; x_wconf 81' lang='lat' dir='ltr'><strong>(Phorm.</strong></span> <span class='ocrx_word' id='word_1_247' title='bbox 1234 2481 1268 2516; x_wconf 92' lang='lat' dir='ltr'><strong>V</strong></span> <span class='ocrx_word' id='word_1_248' title='bbox 1295 2485 1328 2525; x_wconf 89' lang='lat'><strong>8,</strong></span> <span class='ocrx_word' id='word_1_249' title='bbox 1348 2482 1409 2526; x_wconf 85' lang='grc'><strong>29)</strong></span> <span class='ocrx_word' id='word_1_250' title='bbox 1433 2481 1631 2525; x_wconf 80' lang='lat' dir='ltr'><strong>argentum</strong></span> <span class='ocrx_word' id='word_1_251' title='bbox 1656 2479 1753 2515; x_wconf 89' lang='lat' dir='ltr'><strong>illud</strong></span> <span class='ocrx_word' id='word_1_252' title='bbox 1779 2480 1899 2515; x_wconf 91' lang='lat' dir='ltr'><strong>denuo</strong></span> <span class='ocrx_word' id='word_1_253' title='bbox 1923 2478 2077 2515; x_wconf 82' lang='lat' dir='ltr'><strong>rescribi</strong></span> 
     </span>
     <span class='ocr_line' id='line_1_36' title="bbox 371 2526 2084 2576; baseline -0.002 -10"><span class='ocrx_word' id='word_1_254' title='bbox 371 2531 457 2567; x_wconf 90' lang='lat' dir='ltr'><strong>iube</strong></span> <span class='ocrx_word' id='word_1_255' title='bbox 482 2530 656 2576; x_wconf 88' lang='lat' dir='ltr'><strong>phormio</strong></span> <span class='ocrx_word' id='word_1_256' title='bbox 682 2531 766 2566; x_wconf 81' lang='lat' dir='ltr'><strong>add.</strong></span> <span class='ocrx_word' id='word_1_257' title='bbox 787 2530 827 2564; x_wconf 90' lang='lat' dir='ltr'><em>D</em></span> <span class='ocrx_word' id='word_1_258' title='bbox 845 2531 858 2575; x_wconf 87' lang='grc' dir='ltr'><strong>ΙΙ</strong></span> <span class='ocrx_word' id='word_1_259' title='bbox 882 2534 903 2565; x_wconf 97' lang='grc'>2</span> <span class='ocrx_word' id='word_1_260' title='bbox 930 2529 1142 2575; x_wconf 83' lang='lat' dir='ltr'><strong>ceptionem</strong></span> <span class='ocrx_word' id='word_1_261' title='bbox 1166 2528 1239 2564; x_wconf 81' lang='lat' dir='ltr'><strong>AS</strong></span> <span class='ocrx_word' id='word_1_262' title='bbox 1263 2530 1367 2573; x_wconf 80' lang='lat' dir='ltr'><strong>(corr.</strong></span> <span class='ocrx_word' id='word_1_263' title='bbox 1389 2540 1486 2563; x_wconf 74' lang='lat' dir='ltr'><strong>man.</strong></span> <span class='ocrx_word' id='word_1_264' title='bbox 1506 2539 1574 2564; x_wconf 79' lang='lat' dir='ltr'><strong>rec.</strong></span> <span class='ocrx_word' id='word_1_265' title='bbox 1601 2529 1643 2563; x_wconf 76' lang='lat' dir='ltr'><strong>in</strong></span> <span class='ocrx_word' id='word_1_266' title='bbox 1662 2528 1712 2573; x_wconf 90' lang='lat' dir='ltr'><strong>A)</strong></span> <span class='ocrx_word' id='word_1_267' title='bbox 1740 2528 1975 2573; x_wconf 86' lang='lat' dir='ltr'><strong>coeptionem</strong></span> <span class='ocrx_word' id='word_1_268' title='bbox 1993 2526 2084 2562; x_wconf 83' lang='lat' dir='ltr'><strong>RH</strong></span> 
     </span>
     <span class='ocr_line' id='line_1_37' title="bbox 371 2573 2077 2633; baseline -0.002 -20"><span class='ocrx_word' id='word_1_269' title='bbox 371 2579 383 2633; x_wconf 64' lang='lat' dir='ltr'><strong>l]</strong></span> <span class='ocrx_word' id='word_1_270' title='bbox 406 2582 430 2613; x_wconf 86' lang='lat'><strong>4</strong></span> <span class='ocrx_word' id='word_1_271' title='bbox 454 2589 631 2613; x_wconf 65' lang='lat' dir='ltr'><strong>mimmius</strong></span> <span class='ocrx_word' id='word_1_272' title='bbox 656 2578 752 2612; x_wconf 82' lang='lat' dir='ltr'><strong>AM</strong></span> <span class='ocrx_word' id='word_1_273' title='bbox 785 2589 954 2613; x_wconf 66' lang='lat' dir='ltr'><strong>munus</strong></span> <span class='ocrx_word' id='word_1_274' title='bbox 979 2577 1015 2613; x_wconf 87' lang='lat' dir='ltr'><strong><em>L</em></strong></span> <span class='ocrx_word' id='word_1_275' title='bbox 1052 2588 1250 2613; x_wconf 60' lang='lat' dir='ltr'><strong>rmnnmns</strong></span> <span class='ocrx_word' id='word_1_276' title='bbox 1275 2576 1320 2611; x_wconf 86' lang='grc' dir='ltr'><em>Η</em></span> <span class='ocrx_word' id='word_1_277' title='bbox 1334 2577 1346 2621; x_wconf 85' lang='grc' dir='ltr'><strong>ΙΙ</strong></span> <span class='ocrx_word' id='word_1_278' title='bbox 1366 2590 1378 2611; x_wconf 96' lang='lat'>1</span> <span class='ocrx_word' id='word_1_279' title='bbox 1404 2587 1471 2611; x_wconf 85' lang='lat' dir='ltr'><strong>om.</strong></span> <span class='ocrx_word' id='word_1_280' title='bbox 1493 2576 1532 2610; x_wconf 99' lang='lat' dir='ltr'><strong><em>F</em></strong></span> <span class='ocrx_word' id='word_1_281' title='bbox 1547 2577 1560 2621; x_wconf 84' lang='grc' dir='ltr'><strong>ΙΙ</strong></span> <span class='ocrx_word' id='word_1_282' title='bbox 1585 2588 1759 2611; x_wconf 64' lang='lat' dir='ltr'><strong>smmum:</strong></span> <span class='ocrx_word' id='word_1_283' title='bbox 1784 2576 1820 2610; x_wconf 82' lang='lat' dir='ltr'><strong><em>A</em></strong></span> <span class='ocrx_word' id='word_1_284' title='bbox 1839 2575 1883 2620; x_wconf 82' lang='lat' dir='ltr'><strong>ssi</strong></span> <span class='ocrx_word' id='word_1_285' title='bbox 1908 2573 2077 2620; x_wconf 88' lang='lat' dir='ltr'><strong>sequere]</strong></span> 
     </span>
     <span class='ocr_line' id='line_1_38' title="bbox 371 2621 2079 2671; baseline -0.002 -10"><span class='ocrx_word' id='word_1_286' title='bbox 371 2636 565 2671; x_wconf 80' lang='lat' dir='ltr'><strong>insequere</strong></span> <span class='ocrx_word' id='word_1_287' title='bbox 590 2624 631 2659; x_wconf 89' lang='lat' dir='ltr'><strong><em>F</em></strong></span> <span class='ocrx_word' id='word_1_288' title='bbox 647 2626 658 2671; x_wconf 91' lang='grc' dir='ltr'><strong>ΙΙ</strong></span> <span class='ocrx_word' id='word_1_289' title='bbox 689 2629 710 2660; x_wconf 83' lang='grc'>5</span> <span class='ocrx_word' id='word_1_290' title='bbox 736 2624 775 2660; x_wconf 91' lang='lat' dir='ltr'><strong>in</strong></span> <span class='ocrx_word' id='word_1_291' title='bbox 798 2625 900 2662; x_wconf 89' lang='lat' dir='ltr'><strong>bello</strong></span> <span class='ocrx_word' id='word_1_292' title='bbox 925 2624 1062 2660; x_wconf 66' lang='grc' dir='ltr'><strong>ΑΕΒΖ</strong></span> <span class='ocrx_word' id='word_1_293' title='bbox 1079 2626 1092 2670; x_wconf 86' lang='grc' dir='ltr'><strong>ΙΙ</strong></span> <span class='ocrx_word' id='word_1_294' title='bbox 1119 2625 1287 2669; x_wconf 87' lang='lat' dir='ltr'><strong>posuisse</strong></span> <span class='ocrx_word' id='word_1_295' title='bbox 1313 2623 1381 2670; x_wconf 76' lang='lat' dir='ltr'><strong>Fu</strong></span> <span class='ocrx_word' id='word_1_296' title='bbox 1411 2625 1582 2667; x_wconf 82' lang='lat' dir='ltr'><strong>tyrrenos</strong></span> <span class='ocrx_word' id='word_1_297' title='bbox 1607 2622 1750 2658; x_wconf 89' lang='lat' dir='ltr'><strong>AHM</strong></span> <span class='ocrx_word' id='word_1_298' title='bbox 1780 2622 1939 2658; x_wconf 89' lang='lat' dir='ltr'><strong>tirrenos</strong></span> <span class='ocrx_word' id='word_1_299' title='bbox 1964 2621 2043 2657; x_wconf 83' lang='lat' dir='ltr'><strong>RL</strong></span> <span class='ocrx_word' id='word_1_300' title='bbox 2067 2621 2079 2668; x_wconf 85' lang='grc' dir='ltr'>Η</span> 
     </span>
     <span class='ocr_line' id='line_1_39' title="bbox 372 2668 2078 2718; baseline -0.002 -10"><span class='ocrx_word' id='word_1_301' title='bbox 372 2677 393 2708; x_wconf 91' lang='grc'>8</span> <span class='ocrx_word' id='word_1_302' title='bbox 420 2673 570 2709; x_wconf 89' lang='lat' dir='ltr'><strong>additut</strong></span> <span class='ocrx_word' id='word_1_303' title='bbox 595 2671 635 2707; x_wconf 89' lang='lat' dir='ltr'><strong><em>F</em></strong></span> <span class='ocrx_word' id='word_1_304' title='bbox 669 2671 815 2707; x_wconf 85' lang='lat' dir='ltr'><strong>addidit</strong></span> <span class='ocrx_word' id='word_1_305' title='bbox 839 2673 945 2718; x_wconf 75' lang='lat' dir='ltr'><strong>vulyo</strong></span> <span class='ocrx_word' id='word_1_306' title='bbox 964 2673 976 2717; x_wconf 90' lang='grc' dir='ltr'><strong>ΙΙ</strong></span> <span class='ocrx_word' id='word_1_307' title='bbox 996 2672 1070 2708; x_wconf 84' lang='lat' dir='ltr'><strong>scio</strong></span> <span class='ocrx_word' id='word_1_308' title='bbox 1097 2672 1138 2707; x_wconf 92' lang='lat' dir='ltr'><strong><em>F</em></strong></span> <span class='ocrx_word' id='word_1_309' title='bbox 1153 2673 1165 2718; x_wconf 87' lang='grc' dir='ltr'><strong>ΙΙ</strong></span> <span class='ocrx_word' id='word_1_310' title='bbox 1193 2672 1281 2707; x_wconf 87' lang='lat' dir='ltr'><strong>anui</strong></span> <span class='ocrx_word' id='word_1_311' title='bbox 1307 2670 1424 2717; x_wconf 90' lang='lat' dir='ltr'><strong>credi]</strong></span> <span class='ocrx_word' id='word_1_312' title='bbox 1453 2670 1608 2717; x_wconf 86' lang='lat' dir='ltr'><strong>aggredi</strong></span> <span class='ocrx_word' id='word_1_313' title='bbox 1633 2671 1670 2705; x_wconf 79' lang='lat' dir='ltr'><em>R</em></span> <span class='ocrx_word' id='word_1_314' title='bbox 1707 2668 1862 2716; x_wconf 83' lang='lat' dir='ltr'><strong>angredi</strong></span> <span class='ocrx_word' id='word_1_315' title='bbox 1887 2670 1932 2705; x_wconf 88' lang='lat' dir='ltr'><em>H</em></span> <span class='ocrx_word' id='word_1_316' title='bbox 1964 2669 2078 2704; x_wconf 87' lang='lat' dir='ltr'><strong>annui</strong></span> 
     </span>
     <span class='ocr_line' id='line_1_40' title="bbox 373 2716 2079 2766; baseline -0.004 -9"><span class='ocrx_word' id='word_1_317' title='bbox 373 2720 473 2757; x_wconf 88' lang='lat' dir='ltr'><strong>credi</strong></span> <span class='ocrx_word' id='word_1_318' title='bbox 500 2719 541 2755; x_wconf 90' lang='lat' dir='ltr'><strong><em>F</em></strong></span> <span class='ocrx_word' id='word_1_319' title='bbox 567 2721 580 2765; x_wconf 78' lang='lat' dir='ltr'>ss</span> <span class='ocrx_word' id='word_1_320' title='bbox 611 2723 632 2755; x_wconf 88' lang='lat'>9</span> <span class='ocrx_word' id='word_1_321' title='bbox 657 2719 768 2755; x_wconf 89' lang='lat' dir='ltr'><strong>valde</strong></span> <span class='ocrx_word' id='word_1_322' title='bbox 795 2718 956 2766; x_wconf 77' lang='lat' dir='ltr'><strong>scilicet]</strong></span> <span class='ocrx_word' id='word_1_323' title='bbox 982 2719 1022 2755; x_wconf 92' lang='lat' dir='ltr'><strong>id</strong></span> <span class='ocrx_word' id='word_1_324' title='bbox 1048 2721 1104 2755; x_wconf 89' lang='lat' dir='ltr'><strong>est</strong></span> <span class='ocrx_word' id='word_1_325' title='bbox 1127 2720 1237 2755; x_wconf 85' lang='lat' dir='ltr'><strong>ualde</strong></span> <span class='ocrx_word' id='word_1_326' title='bbox 1263 2719 1427 2754; x_wconf 81' lang='lat' dir='ltr'><strong><em>ASRF</em></strong></span> <span class='ocrx_word' id='word_1_327' title='bbox 1460 2718 1499 2753; x_wconf 89' lang='lat' dir='ltr'><strong>id</strong></span> <span class='ocrx_word' id='word_1_328' title='bbox 1526 2720 1582 2754; x_wconf 84' lang='lat' dir='ltr'><strong>est</strong></span> <span class='ocrx_word' id='word_1_329' title='bbox 1607 2718 1718 2753; x_wconf 90' lang='lat' dir='ltr'><strong>ualde</strong></span> <span class='ocrx_word' id='word_1_330' title='bbox 1744 2716 1890 2753; x_wconf 86' lang='lat' dir='ltr'><strong>scilicet</strong></span> <span class='ocrx_word' id='word_1_331' title='bbox 1917 2717 1966 2752; x_wconf 90' lang='lat' dir='ltr'><em>M</em></span> <span class='ocrx_word' id='word_1_332' title='bbox 1993 2718 2006 2762; x_wconf 82' lang='grc' dir='ltr'><strong>ΙΙ</strong></span> <span class='ocrx_word' id='word_1_333' title='bbox 2036 2717 2079 2751; x_wconf 90' lang='lat' dir='ltr'><strong>ut</strong></span> 
     </span>
     <span class='ocr_line' id='line_1_41' title="bbox 372 2763 2079 2813; baseline -0.004 -9"><span class='ocrx_word' id='word_1_334' title='bbox 372 2767 567 2804; x_wconf 82' lang='lat' dir='ltr'><strong>Terentius</strong></span> <span class='ocrx_word' id='word_1_335' title='bbox 591 2768 698 2812; x_wconf 71' lang='lat' dir='ltr'><strong>vulyo</strong></span> <span class='ocrx_word' id='word_1_336' title='bbox 717 2768 728 2813; x_wconf 87' lang='grc' dir='ltr'><strong>ΙΙ</strong></span> <span class='ocrx_word' id='word_1_337' title='bbox 760 2771 799 2802; x_wconf 91' lang='grc'><strong>11</strong></span> <span class='ocrx_word' id='word_1_338' title='bbox 827 2768 955 2812; x_wconf 85' lang='lat' dir='ltr'><strong>potest</strong></span> <span class='ocrx_word' id='word_1_339' title='bbox 979 2766 1072 2802; x_wconf 87' lang='lat' dir='ltr'><strong>MF</strong></span> <span class='ocrx_word' id='word_1_340' title='bbox 1088 2769 1101 2812; x_wconf 86' lang='grc' dir='ltr'><strong>ΙΙ</strong></span> <span class='ocrx_word' id='word_1_341' title='bbox 1131 2771 1173 2803; x_wconf 90' lang='grc'><strong>12</strong></span> <span class='ocrx_word' id='word_1_342' title='bbox 1200 2766 1252 2803; x_wconf 83' lang='lat' dir='ltr'><strong>sic</strong></span> <span class='ocrx_word' id='word_1_343' title='bbox 1278 2778 1390 2812; x_wconf 87' lang='lat' dir='ltr'><strong>supra</strong></span> <span class='ocrx_word' id='word_1_344' title='bbox 1413 2765 1452 2801; x_wconf 90' lang='lat' dir='ltr'><strong>in</strong></span> <span class='ocrx_word' id='word_1_345' title='bbox 1478 2766 1598 2811; x_wconf 92' lang='lat' dir='ltr'><strong>primo</strong></span> <span class='ocrx_word' id='word_1_346' title='bbox 1622 2765 1663 2800; x_wconf 89' lang='lat' dir='ltr'><em>D</em></span> <span class='ocrx_word' id='word_1_347' title='bbox 1686 2766 1698 2812; x_wconf 80' lang='lat' dir='ltr'>ss</span> <span class='ocrx_word' id='word_1_348' title='bbox 1728 2769 1771 2800; x_wconf 77' lang='lat'><strong>15</strong></span> <span class='ocrx_word' id='word_1_349' title='bbox 1795 2764 1887 2799; x_wconf 89' lang='lat' dir='ltr'><strong>Iuno</strong></span> <span class='ocrx_word' id='word_1_350' title='bbox 1913 2774 1979 2800; x_wconf 86' lang='lat' dir='ltr'><strong>om.</strong></span> <span class='ocrx_word' id='word_1_351' title='bbox 2005 2763 2079 2798; x_wconf 79' lang='lat' dir='ltr'><strong>AS</strong></span> 
     </span>
     <span class='ocr_line' id='line_1_42' title="bbox 374 2810 2083 2862; baseline -0.004 -11"><span class='ocrx_word' id='word_1_352' title='bbox 374 2816 475 2862; x_wconf 81' lang='lat' dir='ltr'><strong>(add.</strong></span> <span class='ocrx_word' id='word_1_353' title='bbox 500 2817 539 2860; x_wconf 83' lang='lat' dir='ltr'><strong>a)</strong></span> <span class='ocrx_word' id='word_1_354' title='bbox 571 2815 583 2861; x_wconf 85' lang='grc' dir='ltr'><strong>ΙΙ</strong></span> <span class='ocrx_word' id='word_1_355' title='bbox 619 2817 678 2850; x_wconf 88' lang='lat' dir='ltr'><strong>est</strong></span> <span class='ocrx_word' id='word_1_356' title='bbox 702 2825 768 2851; x_wconf 87' lang='lat' dir='ltr'><strong>om.</strong></span> <span class='ocrx_word' id='word_1_357' title='bbox 795 2814 836 2849; x_wconf 91' lang='lat' dir='ltr'><strong><em>F</em></strong></span> <span class='ocrx_word' id='word_1_358' title='bbox 859 2814 872 2859; x_wconf 87' lang='grc' dir='ltr'><strong>ΙΙ</strong></span> <span class='ocrx_word' id='word_1_359' title='bbox 909 2816 1150 2860; x_wconf 88' lang='lat' dir='ltr'><strong>augmentum</strong></span> <span class='ocrx_word' id='word_1_360' title='bbox 1176 2814 1274 2850; x_wconf 90' lang='lat' dir='ltr'><strong>LH:</strong></span> <span class='ocrx_word' id='word_1_361' title='bbox 1300 2815 1563 2859; x_wconf 84' lang='lat' dir='ltr'><strong>argumentum</strong></span> <span class='ocrx_word' id='word_1_362' title='bbox 1587 2812 1704 2848; x_wconf 83' lang='lat' dir='ltr'><strong>ASR</strong></span> <span class='ocrx_word' id='word_1_363' title='bbox 1741 2813 2007 2858; x_wconf 87' lang='lat' dir='ltr'><strong>augumentum</strong></span> <span class='ocrx_word' id='word_1_364' title='bbox 2032 2810 2083 2845; x_wconf 89' lang='lat' dir='ltr'><strong><em>M</em></strong></span> 
     </span>
     <span class='ocr_line' id='line_1_43' title="bbox 373 2859 2077 2908; baseline -0.002 -10"><span class='ocrx_word' id='word_1_365' title='bbox 373 2864 583 2898; x_wconf 86' lang='lat' dir='ltr'><strong>armentum</strong></span> <span class='ocrx_word' id='word_1_366' title='bbox 610 2861 651 2897; x_wconf 91' lang='lat' dir='ltr'><strong><em>F</em></strong></span> <span class='ocrx_word' id='word_1_367' title='bbox 671 2863 684 2908; x_wconf 71' lang='lat' dir='ltr'>ss</span> <span class='ocrx_word' id='word_1_368' title='bbox 711 2861 897 2907; x_wconf 87' lang='lat' dir='ltr'><strong>persuasit</strong></span> <span class='ocrx_word' id='word_1_369' title='bbox 919 2861 957 2896; x_wconf 87' lang='lat' dir='ltr'><em>R</em></span> <span class='ocrx_word' id='word_1_370' title='bbox 981 2862 994 2906; x_wconf 88' lang='grc' dir='ltr'><strong>ΙΙ</strong></span> <span class='ocrx_word' id='word_1_371' title='bbox 1023 2862 1184 2907; x_wconf 89' lang='lat' dir='ltr'><strong>primum</strong></span> <span class='ocrx_word' id='word_1_372' title='bbox 1209 2861 1282 2897; x_wconf 89' lang='lat' dir='ltr'><strong>AS</strong></span> <span class='ocrx_word' id='word_1_373' title='bbox 1305 2863 1318 2908; x_wconf 79' lang='grc' dir='ltr'><strong>ΙΙ</strong></span> <span class='ocrx_word' id='word_1_374' title='bbox 1350 2865 1393 2897; x_wconf 82' lang='grc'><strong>17</strong></span> <span class='ocrx_word' id='word_1_375' title='bbox 1419 2874 1635 2897; x_wconf 73' lang='lat' dir='ltr'><strong>Exraamrvn</strong></span> <span class='ocrx_word' id='word_1_376' title='bbox 1660 2860 1701 2895; x_wconf 90' lang='lat' dir='ltr'><strong><em>F</em></strong></span> <span class='ocrx_word' id='word_1_377' title='bbox 1721 2861 1734 2907; x_wconf 86' lang='grc' dir='ltr'><strong>ΙΙ</strong></span> <span class='ocrx_word' id='word_1_378' title='bbox 1763 2859 1898 2905; x_wconf 89' lang='lat' dir='ltr'><strong>probet</strong></span> <span class='ocrx_word' id='word_1_379' title='bbox 1922 2859 2077 2894; x_wconf 76' lang='lat' dir='ltr'><strong>Daniel:</strong></span> 
     </span>
     <span class='ocr_line' id='line_1_44' title="bbox 372 2906 2076 2957; baseline -0.003 -12"><span class='ocrx_word' id='word_1_380' title='bbox 372 2910 508 2957; x_wconf 83' lang='lat' dir='ltr'><strong>probat</strong></span> <span class='ocrx_word' id='word_1_381' title='bbox 534 2909 575 2945; x_wconf 89' lang='lat' dir='ltr'><strong><em>F</em></strong></span> <span class='ocrx_word' id='word_1_382' title='bbox 596 2911 608 2957; x_wconf 81' lang='grc' dir='ltr'><strong>ΙΙ</strong></span> <span class='ocrx_word' id='word_1_383' title='bbox 635 2911 764 2945; x_wconf 90' lang='lat' dir='ltr'><strong>contra</strong></span> <span class='ocrx_word' id='word_1_384' title='bbox 788 2909 844 2956; x_wconf 89' lang='lat' dir='ltr'><strong>se]</strong></span> <span class='ocrx_word' id='word_1_385' title='bbox 871 2908 1009 2945; x_wconf 83' lang='lat' dir='ltr'><strong>sentiat</strong></span> <span class='ocrx_word' id='word_1_386' title='bbox 1033 2909 1192 2953; x_wconf 85' lang='lat' dir='ltr'><strong>(senciat</strong></span> <span class='ocrx_word' id='word_1_387' title='bbox 1217 2909 1246 2943; x_wconf 80' lang='lat' dir='ltr'><strong><em>S</em></strong></span> <span class='ocrx_word' id='word_1_388' title='bbox 1281 2910 1411 2944; x_wconf 87' lang='lat' dir='ltr'><strong>senaat</strong></span> <span class='ocrx_word' id='word_1_389' title='bbox 1434 2909 1485 2954; x_wconf 79' lang='lat' dir='ltr'><strong>A)</strong></span> <span class='ocrx_word' id='word_1_390' title='bbox 1513 2909 1643 2944; x_wconf 85' lang='lat' dir='ltr'><strong>contra</strong></span> <span class='ocrx_word' id='word_1_391' title='bbox 1667 2919 1705 2943; x_wconf 86' lang='lat' dir='ltr'><strong>se</strong></span> <span class='ocrx_word' id='word_1_392' title='bbox 1729 2906 1971 2953; x_wconf 84' lang='lat' dir='ltr'><strong>pugnandum</strong></span> <span class='ocrx_word' id='word_1_393' title='bbox 1997 2907 2076 2951; x_wconf 89' lang='lat' dir='ltr'><strong>(pu-</strong></span> 
     </span>
     <span class='ocr_line' id='line_1_45' title="bbox 374 2953 2076 3004; baseline -0.003 -12"><span class='ocrx_word' id='word_1_394' title='bbox 374 2959 550 3004; x_wconf 81' lang='lat' dir='ltr'><strong>gnantem</strong></span> <span class='ocrx_word' id='word_1_395' title='bbox 569 2959 607 3003; x_wconf 89' lang='lat' dir='ltr'><strong>a)</strong></span> <span class='ocrx_word' id='word_1_396' title='bbox 633 2957 750 2993; x_wconf 79' lang='lat' dir='ltr'><strong>ASR</strong></span> <span class='ocrx_word' id='word_1_397' title='bbox 760 2958 808 2992; x_wconf 88' lang='lat' dir='ltr'><em>M</em></span> <span class='ocrx_word' id='word_1_398' title='bbox 814 2958 827 2993; x_wconf 83' lang='lat' dir='ltr'><em>l</em></span> <span class='ocrx_word' id='word_1_399' title='bbox 845 2958 857 3004; x_wconf 86' lang='grc' dir='ltr'><strong>ΙΙ</strong></span> <span class='ocrx_word' id='word_1_400' title='bbox 876 2955 1003 3002; x_wconf 90' lang='lat' dir='ltr'><strong>quem]</strong></span> <span class='ocrx_word' id='word_1_401' title='bbox 1031 2966 1214 3000; x_wconf 85' lang='lat' dir='ltr'><strong>quemque</strong></span> <span class='ocrx_word' id='word_1_402' title='bbox 1233 2956 1268 2990; x_wconf 90' lang='lat' dir='ltr'><strong><em>L</em></strong></span> <span class='ocrx_word' id='word_1_403' title='bbox 1286 2957 1298 3001; x_wconf 90' lang='grc' dir='ltr'><strong>ΙΙ</strong></span> <span class='ocrx_word' id='word_1_404' title='bbox 1316 2968 1384 3001; x_wconf 88' lang='lat' dir='ltr'><strong>pro</strong></span> <span class='ocrx_word' id='word_1_405' title='bbox 1411 2983 1419 2991; x_wconf 90' lang='lat'>.</span> <span class='ocrx_word' id='word_1_406' title='bbox 1442 2983 1449 2991; x_wconf 84' lang='lat'>.</span> <span class='ocrx_word' id='word_1_407' title='bbox 1471 2983 1478 2991; x_wconf 91' lang='lat'>.</span> <span class='ocrx_word' id='word_1_408' title='bbox 1505 2955 1629 3001; x_wconf 88' lang='lat' dir='ltr'><strong>potuit</strong></span> <span class='ocrx_word' id='word_1_409' title='bbox 1647 2955 1731 2989; x_wconf 88' lang='lat' dir='ltr'><strong>LH</strong></span> <span class='ocrx_word' id='word_1_410' title='bbox 1738 2955 1788 2989; x_wconf 88' lang='lat' dir='ltr'><em>M</em></span> <span class='ocrx_word' id='word_1_411' title='bbox 1793 2968 1801 2989; x_wconf 90' lang='lat'>:</span> <span class='ocrx_word' id='word_1_412' title='bbox 1828 2965 1894 2999; x_wconf 88' lang='lat' dir='ltr'><strong>pro</strong></span> <span class='ocrx_word' id='word_1_413' title='bbox 1914 2965 1953 2989; x_wconf 90' lang='lat' dir='ltr'><strong>se</strong></span> <span class='ocrx_word' id='word_1_414' title='bbox 1972 2953 2076 2988; x_wconf 86' lang='lat' dir='ltr'><strong>labo-</strong></span> 
     </span>
     <span class='ocr_line' id='line_1_46' title="bbox 373 3000 2076 3051; baseline -0.004 -10"><span class='ocrx_word' id='word_1_415' title='bbox 373 3007 519 3041; x_wconf 86' lang='lat' dir='ltr'><strong>rantem</strong></span> <span class='ocrx_word' id='word_1_416' title='bbox 544 3016 618 3040; x_wconf 88' lang='lat' dir='ltr'><strong>non</strong></span> <span class='ocrx_word' id='word_1_417' title='bbox 642 3005 820 3051; x_wconf 87' lang='lat' dir='ltr'><strong>probauit</strong></span> <span class='ocrx_word' id='word_1_418' title='bbox 844 3003 1025 3040; x_wconf 81' lang='lat' dir='ltr'><strong><em>ASRFl</em></strong></span> <span class='ocrx_word' id='word_1_419' title='bbox 1049 3005 1062 3049; x_wconf 82' lang='grc' dir='ltr'><strong>ΙΙ</strong></span> <span class='ocrx_word' id='word_1_420' title='bbox 1092 3007 1138 3038; x_wconf 91' lang='grc'><strong>20</strong></span> <span class='ocrx_word' id='word_1_421' title='bbox 1164 3003 1250 3050; x_wconf 88' lang='lat' dir='ltr'><strong>ego]</strong></span> <span class='ocrx_word' id='word_1_422' title='bbox 1278 3004 1377 3038; x_wconf 89' lang='lat' dir='ltr'><strong>enim</strong></span> <span class='ocrx_word' id='word_1_423' title='bbox 1401 3003 1476 3038; x_wconf 80' lang='lat' dir='ltr'><strong>AS</strong></span> <span class='ocrx_word' id='word_1_424' title='bbox 1499 3004 1512 3048; x_wconf 89' lang='grc' dir='ltr'><strong>ΙΙ</strong></span> <span class='ocrx_word' id='word_1_425' title='bbox 1541 3003 1680 3048; x_wconf 87' lang='lat' dir='ltr'><strong>plango</strong></span> <span class='ocrx_word' id='word_1_426' title='bbox 1705 3001 1796 3036; x_wconf 86' lang='lat' dir='ltr'><strong>RH</strong></span> <span class='ocrx_word' id='word_1_427' title='bbox 1815 3003 1827 3046; x_wconf 80' lang='lat' dir='ltr'>u</span> <span class='ocrx_word' id='word_1_428' title='bbox 1858 3004 1902 3035; x_wconf 92' lang='grc'><strong>21</strong></span> <span class='ocrx_word' id='word_1_429' title='bbox 1929 3000 2076 3045; x_wconf 86' lang='lat' dir='ltr'><strong>longin-</strong></span> 
     </span>
     <span class='ocr_line' id='line_1_47' title="bbox 374 3047 2075 3107; baseline -0.004 -20"><span class='ocrx_word' id='word_1_430' title='bbox 374 3053 558 3099; x_wconf 83' lang='lat' dir='ltr'><strong>quitatem</strong></span> <span class='ocrx_word' id='word_1_431' title='bbox 582 3052 619 3088; x_wconf 87' lang='lat' dir='ltr'><em>R</em></span> <span class='ocrx_word' id='word_1_432' title='bbox 638 3054 650 3099; x_wconf 75' lang='grc' dir='ltr'><strong>ΙΙ</strong></span> <span class='ocrx_word' id='word_1_433' title='bbox 669 3057 714 3088; x_wconf 88' lang='grc'><strong>22</strong></span> <span class='ocrx_word' id='word_1_434' title='bbox 741 3052 864 3107; x_wconf 85' lang='lat' dir='ltr'><strong>cassa]</strong></span> <span class='ocrx_word' id='word_1_435' title='bbox 891 3062 1004 3088; x_wconf 85' lang='lat' dir='ltr'><strong>causa</strong></span> <span class='ocrx_word' id='word_1_436' title='bbox 1028 3051 1068 3086; x_wconf 87' lang='grc' dir='ltr'><em>Η</em></span> <span class='ocrx_word' id='word_1_437' title='bbox 1085 3051 1099 3096; x_wconf 87' lang='grc' dir='ltr'><strong>ΙΙ</strong></span> <span class='ocrx_word' id='word_1_438' title='bbox 1117 3054 1162 3086; x_wconf 86' lang='grc'><strong>23</strong></span> <span class='ocrx_word' id='word_1_439' title='bbox 1187 3050 1375 3085; x_wconf 85' lang='lat' dir='ltr'><strong>inrisionis</strong></span> <span class='ocrx_word' id='word_1_440' title='bbox 1401 3050 1498 3085; x_wconf 87' lang='lat' dir='ltr'><strong>LH:</strong></span> <span class='ocrx_word' id='word_1_441' title='bbox 1525 3049 1653 3084; x_wconf 83' lang='lat' dir='ltr'><strong>inrisio</strong></span> <span class='ocrx_word' id='word_1_442' title='bbox 1678 3047 1799 3084; x_wconf 71' lang='grc' dir='ltr'><strong>ΑΒΓ</strong></span> <span class='ocrx_word' id='word_1_443' title='bbox 1832 3047 2013 3082; x_wconf 87' lang='lat' dir='ltr'><strong>irrisionis</strong></span> <span class='ocrx_word' id='word_1_444' title='bbox 2039 3047 2075 3082; x_wconf 81' lang='lat' dir='ltr'><em>R</em></span> 
     </span>
     <span class='ocr_line' id='line_1_48' title="bbox 372 3095 2076 3147; baseline -0.004 -11"><span class='ocrx_word' id='word_1_445' title='bbox 372 3100 494 3136; x_wconf 84' lang='lat' dir='ltr'><strong>irrisio</strong></span> <span class='ocrx_word' id='word_1_446' title='bbox 521 3100 570 3135; x_wconf 88' lang='lat' dir='ltr'><strong><em>M</em></strong></span> <span class='ocrx_word' id='word_1_447' title='bbox 589 3102 601 3147; x_wconf 85' lang='grc' dir='ltr'><strong>ΙΙ</strong></span> <span class='ocrx_word' id='word_1_448' title='bbox 625 3111 699 3135; x_wconf 90' lang='lat' dir='ltr'><strong>non</strong></span> <span class='ocrx_word' id='word_1_449' title='bbox 725 3101 876 3136; x_wconf 82' lang='lat' dir='ltr'><strong>honoris</strong></span> <span class='ocrx_word' id='word_1_450' title='bbox 903 3100 952 3135; x_wconf 89' lang='grc' dir='ltr'><strong>Μ</strong></span> <span class='ocrx_word' id='word_1_451' title='bbox 958 3100 990 3135; x_wconf 82' lang='lat'><strong>1:</strong></span> <span class='ocrx_word' id='word_1_452' title='bbox 1015 3098 1134 3134; x_wconf 89' lang='lat' dir='ltr'><strong>honor</strong></span> <span class='ocrx_word' id='word_1_453' title='bbox 1159 3097 1273 3133; x_wconf 69' lang='grc' dir='ltr'><strong>ΑΒΕ</strong></span> <span class='ocrx_word' id='word_1_454' title='bbox 1310 3109 1384 3132; x_wconf 90' lang='lat' dir='ltr'><strong>non</strong></span> <span class='ocrx_word' id='word_1_455' title='bbox 1410 3098 1527 3132; x_wconf 92' lang='lat' dir='ltr'><strong>honor</strong></span> <span class='ocrx_word' id='word_1_456' title='bbox 1551 3096 1637 3139; x_wconf 87' lang='lat' dir='ltr'><strong>Fa,</strong></span> <span class='ocrx_word' id='word_1_457' title='bbox 1662 3107 1728 3130; x_wconf 87' lang='lat' dir='ltr'><strong>om.</strong></span> <span class='ocrx_word' id='word_1_458' title='bbox 1754 3095 1842 3129; x_wconf 90' lang='lat' dir='ltr'><strong>LH</strong></span> <span class='ocrx_word' id='word_1_459' title='bbox 1867 3096 1879 3141; x_wconf 82' lang='grc' dir='ltr'><strong>ΙΙ</strong></span> <span class='ocrx_word' id='word_1_460' title='bbox 1911 3098 1958 3130; x_wconf 86' lang='grc'><strong>24</strong></span> <span class='ocrx_word' id='word_1_461' title='bbox 1982 3095 2076 3129; x_wconf 90' lang='lat' dir='ltr'><strong>bene</strong></span> 
     </span>
     <span class='ocr_line' id='line_1_49' title="bbox 372 3141 2076 3189; baseline -0.005 -5"><span class='ocrx_word' id='word_1_462' title='bbox 372 3149 471 3184; x_wconf 84' lang='lat' dir='ltr'><strong>falsa</strong></span> <span class='ocrx_word' id='word_1_463' title='bbox 493 3147 655 3184; x_wconf 65' lang='lat' dir='ltr'><strong><em>ASMZ:</em></strong></span> <span class='ocrx_word' id='word_1_464' title='bbox 680 3147 774 3183; x_wconf 90' lang='lat' dir='ltr'><strong>bene</strong></span> <span class='ocrx_word' id='word_1_465' title='bbox 800 3148 896 3183; x_wconf 87' lang='lat' dir='ltr'><strong>falsa</strong></span> <span class='ocrx_word' id='word_1_466' title='bbox 918 3145 1118 3183; x_wconf 87' lang='lat' dir='ltr'><strong>formidine</strong></span> <span class='ocrx_word' id='word_1_467' title='bbox 1143 3144 1243 3189; x_wconf 85' lang='lat' dir='ltr'><strong>RF,</strong></span> <span class='ocrx_word' id='word_1_468' title='bbox 1268 3155 1335 3180; x_wconf 83' lang='lat' dir='ltr'><strong>om.</strong></span> <span class='ocrx_word' id='word_1_469' title='bbox 1361 3143 1449 3178; x_wconf 89' lang='lat' dir='ltr'><strong>LH</strong></span> <span class='ocrx_word' id='word_1_470' title='bbox 1474 3145 1487 3189; x_wconf 79' lang='grc' dir='ltr'><strong>ΙΙ</strong></span> <span class='ocrx_word' id='word_1_471' title='bbox 1523 3143 1612 3187; x_wconf 84' lang='lat' dir='ltr'><strong>quia</strong></span> <span class='ocrx_word' id='word_1_472' title='bbox 1635 3144 1761 3178; x_wconf 87' lang='lat' dir='ltr'><strong>vatem</strong></span> <span class='ocrx_word' id='word_1_473' title='bbox 1786 3153 1853 3177; x_wconf 84' lang='lat' dir='ltr'><strong>om.</strong></span> <span class='ocrx_word' id='word_1_474' title='bbox 1879 3141 2043 3178; x_wconf 84' lang='lat' dir='ltr'><strong><em>ASRF</em></strong></span> <span class='ocrx_word' id='word_1_475' title='bbox 2066 3142 2076 3188; x_wconf 77' lang='grc' dir='ltr'>Η</span> 
     </span>
     <span class='ocr_line' id='line_1_50' title="bbox 373 3188 2075 3242; baseline -0.005 -11"><span class='ocrx_word' id='word_1_476' title='bbox 373 3208 458 3232; x_wconf 86' lang='lat' dir='ltr'><strong>nam</strong></span> <span class='ocrx_word' id='word_1_477' title='bbox 485 3195 573 3231; x_wconf 82' lang='lat' dir='ltr'><strong>LH</strong></span> <span class='ocrx_word' id='word_1_478' title='bbox 586 3197 598 3242; x_wconf 87' lang='grc' dir='ltr'><strong>ΙΙ</strong></span> <span class='ocrx_word' id='word_1_479' title='bbox 622 3198 667 3230; x_wconf 83' lang='grc'><strong>25</strong></span> <span class='ocrx_word' id='word_1_480' title='bbox 693 3195 945 3231; x_wconf 84' lang='lat' dir='ltr'><strong>defendebant</strong></span> <span class='ocrx_word' id='word_1_481' title='bbox 969 3194 1057 3230; x_wconf 75' lang='grc' dir='ltr'><strong>,ΕΗ</strong></span> <span class='ocrx_word' id='word_1_482' title='bbox 1077 3194 1182 3239; x_wconf 83' lang='lat' dir='ltr'><strong>(corr.</strong></span> <span class='ocrx_word' id='word_1_483' title='bbox 1209 3193 1235 3238; x_wconf 79' lang='lat' dir='ltr'><strong>l)</strong></span> <span class='ocrx_word' id='word_1_484' title='bbox 1260 3193 1273 3238; x_wconf 88' lang='grc' dir='ltr'><strong>ΙΙ</strong></span> <span class='ocrx_word' id='word_1_485' title='bbox 1302 3191 1443 3237; x_wconf 85' lang='lat' dir='ltr'><strong>relegio</strong></span> <span class='ocrx_word' id='word_1_486' title='bbox 1468 3191 1502 3225; x_wconf 94' lang='lat' dir='ltr'><em>L</em></span> <span class='ocrx_word' id='word_1_487' title='bbox 1520 3191 1533 3235; x_wconf 84' lang='grc' dir='ltr'><strong>ΙΙ</strong></span> <span class='ocrx_word' id='word_1_488' title='bbox 1558 3191 1761 3225; x_wconf 82' lang='lat' dir='ltr'><strong>sacerdotis</strong></span> <span class='ocrx_word' id='word_1_489' title='bbox 1786 3188 1826 3224; x_wconf 90' lang='lat' dir='ltr'><strong><em>F</em></strong></span> <span class='ocrx_word' id='word_1_490' title='bbox 1847 3191 1859 3234; x_wconf 88' lang='grc' dir='ltr'><strong>ΙΙ</strong></span> <span class='ocrx_word' id='word_1_491' title='bbox 1890 3193 1935 3224; x_wconf 91' lang='grc'><strong>26</strong></span> <span class='ocrx_word' id='word_1_492' title='bbox 1963 3189 2075 3224; x_wconf 90' lang='lat' dir='ltr'><strong>ardeo</strong></span> 
     </span>
     <span class='ocr_line' id='line_1_51' title="bbox 375 3242 1185 3290; baseline -0.009 -9"><span class='ocrx_word' id='word_1_493' title='bbox 375 3273 383 3280; x_wconf 88' lang='lat'>.</span> <span class='ocrx_word' id='word_1_494' title='bbox 407 3272 415 3280; x_wconf 93' lang='lat'>.</span> <span class='ocrx_word' id='word_1_495' title='bbox 435 3273 442 3280; x_wconf 96' lang='lat'>.</span> <span class='ocrx_word' id='word_1_496' title='bbox 468 3242 662 3290; x_wconf 83' lang='lat' dir='ltr'><strong>figuratius</strong></span> <span class='ocrx_word' id='word_1_497' title='bbox 686 3253 752 3278; x_wconf 84' lang='lat' dir='ltr'><strong>om.</strong></span> <span class='ocrx_word' id='word_1_498' title='bbox 773 3243 810 3277; x_wconf 83' lang='lat' dir='ltr'><em>R</em></span> <span class='ocrx_word' id='word_1_499' title='bbox 1183 3242 1185 3244; x_wconf 83' lang='lat'>&#39;</span> 
     </span>
    </p>
   </div>
  </div>
 </body>
</html>
