2092 3614
600 275 751 313 ΟΟΜΜ.
777 275 830 312 ΙΝ
855 274 998 311 VERG.
1026 273 1137 310 AEN.
1163 272 1233 308 XII
1258 275 1458 308 833—847.
1795 269 1882 312 645

171 404 250 445 quo
287 390 539 444 sacrificium
576 388 639 430 uti
674 387 752 441 fiat
788 400 811 426 *
843 387 895 429 tis
931 387 1007 427 aut
1042 384 1256 427 institutus
1291 382 1504 436 reliyiosus
1539 383 1615 423 aut
1650 380 1883 423 cerimoniis

172 464 438 513 consecratus,
470 462 582 514 isque
608 460 799 513 privatus
829 461 905 500 aut
926 456 1119 510 publicus
1143 459 1211 511 est,
1235 455 1426 509 publicus
1451 457 1497 496 ut
1521 453 1746 506 curiarum,
1777 465 1881 494 eom-

166 535 354 589 pitorum
385 547 408 573 *

293 604 390 647 841.
439 614 638 645 MENTEM
675 611 890 643 LAETATA
928 609 1157 641 Rnronsrr
1194 598 1277 640 iste
1317 597 1489 653 quidem
1527 596 1610 638 hoc
1648 595 1771 651 dicit3
1810 595 1885 637 sed

174 678 347 720 constat
385 675 503 718 bello
536 673 696 716 Punico
734 671 918 714 secundo
952 672 1174 713 exoratam
1206 669 1434 722 Iunonem,
1471 668 1601 711 tertio
1633 682 1736 710 vero
1768 666 1884 709 bello
1911 671 1931 703 5

175 764 200 791 a
235 748 434 803 Scipione
466 745 599 788 sacris
632 743 890 800 quibusdam
923 741 1055 784 etiam
1087 741 1272 783 Romam
1305 755 1398 783 esse
1429 740 1700 783 translatam.

296 819 393 862 843.
443 828 518 860 HIS
550 827 684 860 Ac'rls
716 817 883 858 remoto
917 829 942 856 a
973 813 1119 855 Turno
1153 812 1325 855 auxilio.

296 890 394 933 844.
444 900 700 931 DIMITTERE
728 899 787 929 AB
813 897 954 928 ARMIS
983 899 1061 941 per
1084 884 1315 927 transitum
1342 884 1549 927 historiae
1576 899 1676 926 usus
1702 886 1770 926 est
1796 898 1885 926 ver-

174 962 259 1017 bis3
304 977 407 1004 nam
449 961 524 1017 qui
565 961 618 1003 ab
661 959 851 1002 exercitu
889 958 1159 1012 relaxantur,
1201 957 1255 999 ab
1300 957 1430 998 armis
1471 956 1670 998 dicuntur
1707 955 1886 998 dimitti:

179 1033 410 1077 Sallustius
449 1034 500 1076 de
533 1032 695 1088 Oppio,
733 1031 809 1074 ubi
849 1044 947 1073 eum
979 1028 1111 1072 Cotta
1147 1029 1194 1071 in
1227 1028 1426 1071 contione
1459 1028 1512 1070 ab
1547 1028 1735 1070 exercitu
1769 1028 1888 1082 cogit
1915 1031 1958 1062 10

175 1105 419 1159 abscedere,
451 1105 567 1159 dicit,
600 1119 650 1146 se
683 1103 795 1146 eius
828 1117 981 1158 opera
1011 1117 1113 1144 non
1139 1116 1367 1155 usurum,
1399 1114 1613 1155 eumque
1641 1100 1704 1142 ab
1732 1099 1887 1141 armis

175 1177 410 1220 dimittit.
1036 1226 1038 1228 .
1193 1191 1215 1206 ⁴

297 1249 393 1292 845.
444 1259 615 1292 PESTES
650 1258 926 1291 COGNOMINE
959 1257 1105 1287 DIRAE
1137 1244 1311 1300 proprie
1345 1241 1520 1298 ‘pestes'
1552 1245 1779 1297 vocantur,
1811 1241 1889 1284 ‘di-

176 1319 264 1362 rae'
298 1335 399 1363 vero
439 1319 706 1376 cognomine.
763 1320 806 1360 et
843 1317 981 1359 dictae
1016 1315 1180 1371 ‘dirae',
1218 1315 1333 1370 quod
1363 1330 1449 1357 non
1479 1314 1565 1356 nisi
1598 1317 1697 1356 ante
1730 1314 1888 1356 iratum

175 1392 322 1434 Iovem
355 1392 574 1446 videntur,
612 1393 660 1432 ut
692 1389 838 1445 <849>
872 1389 1112 1444 saevique
1151 1388 1202 1430 in
1243 1387 1421 1430 limine
1452 1386 1591 1442 regis
1625 1387 1889 1440 apparent.
1917 1391 1960 1422 15

301 1464 398 1507 846.
450 1474 733 1505 TARTAREAM
754 1472 1015 1506 MEGAERAM
1035 1460 1144 1502 bene
1164 1457 1450 1502 ‘Tartaream'
1472 1456 1650 1511 addidit,
1674 1459 1722 1498 ut
1748 1458 1888 1498 osten-

176 1536 251 1578 dat
283 1550 376 1578 esse
410 1536 453 1577 et
484 1537 695 1576 terrenam
733 1535 775 1575 et
807 1532 968 1574 aeriam
993 1531 1260 1587 Megaeram:
1291 1545 1406 1586 nam,
1438 1531 1486 1572 ut
1518 1528 1650 1571 etiam
1681 1527 1725 1569 in
1758 1527 1888 1570 tertio

179 1608 325 1663 <209>
358 1607 555 1661 diximus,
587 1606 740 1649 volunt
772 1604 902 1661 periti
934 1603 1150 1659 quandam
1183 1602 1397 1658 triplicem
1430 1601 1694 1656 potestatem
1728 1613 1821 1641 esse
1848 1601 1891 1640 et

178 1680 223 1721 in
264 1678 393 1721 terris
433 1680 476 1720 et
516 1678 627 1734 apud
667 1691 863 1732 superos,
908 1675 1018 1718 sicut
1056 1678 1121 1717 est
1157 1675 1368 1717 furiarum
1406 1672 1519 1728 apud
1556 1671 1730 1714 inferos.
1792 1670 1888 1713 ideo

179 1752 323 1793 autem
362 1750 466 1792 dicit
503 1749 582 1792 has
621 1764 672 1791 ex
703 1748 842 1791 Nocte
873 1748 1141 1804 progenitas,
1181 1748 1230 1788 ut
1261 1745 1463 1788 ostendat
1494 1746 1536 1786 et
1567 1744 1756 1786 latenter
1787 1742 1890 1785 oriri
1916 1751 1961 1781 20

179 1825 222 1865 et
252 1821 570 1864 intolerabilem
605 1835 698 1863 esse
730 1820 839 1862 iram
873 1820 1064 1862 deorum.
1186 1835 1265 1862 Nox
1294 1833 1537 1860 mmmmm
1562 1818 1803 1870 perpetuum
1834 1817 1893 1858 est

176 1895 303 1937 noctis
340 1893 550 1949 epitheton.
613 1893 696 1935 alio
728 1892 845 1934 modo
876 1892 1051 1934 dicimus
1080 1891 1381 1944 intempestam,
1414 1890 1576 1942 partem
1606 1888 1734 1930 noctis
1763 1887 1890 1941 siqni-

175 1966 355 2020 sioantes.
1581 1959 1583 1961 ’

298 2038 394 2080 847.
447 2047 541 2079 VNO
568 2047 827 2086 EODEMQVE
855 2047 995 2078 Tvmr
1023 2045 1175 2076 PAR'rv
1203 2031 1432 2088 dispositio
1458 2031 1565 2073 haec
1590 2034 1756 2086 poetae,
1782 2045 1891 2086 quae

177 2108 282 2151 dicit
312 2108 391 2151 has
425 2111 468 2150 et
498 2108 660 2150 similes
688 2122 781 2150 esse
806 2107 945 2162 furiis,
978 2108 1020 2149 et
1046 2120 1143 2148 cum
1170 2105 1238 2147 his
1265 2118 1359 2146 esse
1385 2106 1647 2159 procreatas,
1679 2102 1762 2145 hoc
1788 2102 1891 2157 agit,
1917 2109 1962 2140 25

177 2183 227 2222 ut
271 2180 472 2222 ostendat
507 2179 628 2222 illam
667 2178 945 2235 prudentium
984 2176 1252 2232 opinionem,
1297 2177 1518 2230 essevtam
1559 2174 1672 2228 apud
1712 2188 1890 2229 superos

179 2266 307 2307 quam
340 2251 382 2293 in
416 2251 558 2305 terris,
591 2250 704 2293 sicut
735 2250 849 2305 apud
881 2249 1042 2291 inferos
1074 2248 1222 2291 furias.

180 2428 231 2463 HI
257 2385 302 2463 ΒΞ
323 2392 516 2462 {amato-1⁸<
533 2378 691 2425 dimitti]
722 2378 766 2414 cf.
794 2377 888 2414 Don.
916 2377 963 2414 ad
989 2378 1071 2412 Ter.
1101 2376 1191 2413 Eun.
1219 2377 1267 2412 IV
1298 2380 1329 2421 7,
1357 2379 1402 2411 44
1442 2377 1454 2422 ΙΙ
1494 2379 1536 2410 10
1563 2374 1777 2421 Sallustius]
1804 2374 1891 2410 hist.

365 2455 385 2471 .,
517 2440 543 2463 r.

277 2551 294 2582 1
322 2557 396 2591 quo
423 2545 644 2582 sacrificium
670 2546 727 2582 uti
751 2547 818 2582 fiat
844 2546 1027 2581 statutum
1055 2545 1113 2580 est
1137 2545 1203 2579 aut
1227 2541 1423 2579 institutus
1450 2542 1657 2578 Mas-cicius
1681 2543 1692 2588 ΙΙ
1718 2543 1784 2577 aut
1809 2546 1892 2578 ante

181 2594 394 2631 cerimoniis
419 2605 486 2631 om.
506 2595 646 2630 Daniel
665 2595 676 2641 ΙΙ
701 2598 722 2629 2
750 2593 1016 2640 compitorum]
1043 2593 1085 2628 in
1109 2593 1176 2628 hac
1201 2602 1284 2627 voce
1308 2592 1480 2627 desinunt
1498 2601 1589 2636 quae
1608 2591 1650 2625 de
1669 2593 1768 2625 sexto
1786 2601 1892 2626 versu

181 2643 250 2688 leyi
268 2646 435 2687 possunt.
479 2643 523 2678 de
547 2642 595 2677 iis
619 2653 711 2687 quae
735 2645 906 2687 quartam
930 2642 1004 2685 fere
1028 2639 1250 2685 insequentis
1274 2649 1398 2674 versus
1416 2642 1561 2684 partem
1587 2638 1672 2673 olim
1697 2648 1889 2682 occupave-

179 2694 268 2725 runt
293 2690 388 2725 nihil
412 2690 488 2724 nisi
511 2689 598 2724 ‘orsi
624 2690 728 2725 hodie
753 2693 852 2725 eaetat
870 2691 882 2734 ΙΙ
911 2692 932 2723 5
958 2690 1125 2723 exortam
1154 2688 1193 2722 H
1210 2689 1222 2733 ΙΙ
1242 2691 1263 2722 6
1289 2686 1404 2721 ctiam
1431 2696 1623 2720 romanam
1650 2686 1748 2720 esset
1771 2686 1890 2720 trans-

178 2738 296 2773 latam
317 2737 358 2772 H
376 2738 388 2783 ΙΙ
407 2737 456 2772 ad
481 2749 631 2772 sxcsm'r
656 2750 686 2772 c.
713 2742 759 2781 (v.
785 2738 869 2781 842)
895 2736 1033 2781 duplex
1058 2738 1116 2770 est
1141 2746 1287 2770 sensus:
1314 2735 1380 2768 aut
1406 2732 1553 2768 excedit
1577 2733 1622 2767 de
1649 2743 1734 2768 aere
1761 2733 1828 2767 aut
1851 2732 1890 2767 in

181 2784 326 2820 caelum
351 2784 414 2829 iit,
440 2785 490 2820 ad
514 2798 632 2820 uvmm
658 2785 703 2829 (v.
732 2787 815 2829 842)
843 2784 881 2819 in
908 2794 981 2828 qua
1007 2781 1106 2819 sedit
1134 2783 1166 2817 T
1202 2783 1213 2829 ΙΙ
1251 2786 1269 2817 7
1298 2780 1455 2826 auxilio]
1481 2779 1628 2815 iunonis
1654 2778 1793 2815 auxilio
1819 2780 1855 2815 R
1880 2780 1892 2827 Η

181 2837 202 2868 8
228 2831 423 2878 historiae]
451 2833 493 2867 in
518 2832 586 2867 hac
610 2843 691 2868 voce
711 2833 845 2868 desinit
865 2831 1101 2867 Monacensis
1124 2831 1187 2874 fol.
1207 2833 1309 2873 193¹&
1335 2830 1377 2864 do
1396 2829 1599 2873 insequenti
1620 2829 1776 2874 paqina,
1801 2839 1893 2873 quae

181 2881 316 2916 codicis
341 2884 500 2916 extrema
525 2883 593 2923 est,
612 2880 780 2925 plurima
804 2882 1031 2914 evanuerunt
1049 2879 1061 2924 ΙΙ
1094 2882 1138 2913 10
1165 2876 1286 2923 Oppio
1312 2876 1356 2911 H
1379 2879 1410 2911 et
1436 2876 1496 2917 M,
1524 2879 1565 2910 ut
1590 2875 1750 2910 videtur:
1776 2875 1892 2921 uppio

179 2928 253 2964 AS
284 2927 371 2972 apio
390 2927 426 2962 R
445 2928 458 2973 ΙΙ
478 2926 590 2962 Cotta
609 2928 661 2962 R:
689 2928 796 2962 cocta
815 2927 888 2961 As
896 2927 940 2962 H
954 2928 966 2972 ΙΙ
986 2926 1159 2962 contione
1179 2925 1232 2960 R:
1260 2924 1436 2959 concione
1456 2923 1528 2958 AS
1559 2923 1797 2958 contentione
1817 2923 1862 2958 H
1882 2924 1893 2968 Η

184 2980 223 3011 11
254 2974 358 3021 operi
384 2975 456 3010 As
483 2976 496 3020 ΙΙ
529 2978 570 3009 12
599 2974 776 3021 dimittit]
805 2973 932 3009 Cicero
960 2974 1015 3018 ad·
1036 2973 1198 3019 Appium
1224 2971 1425 3007 Pulchrum
1454 2971 1501 3006 ‘si
1526 2970 1787 3006 intellexeram
1812 2983 1894 3016 per-

182 3024 320 3059 multos
346 3035 368 3058 a
394 3024 431 3057 te
459 3021 600 3057 milites
625 3023 714 3057 tunc
741 3021 929 3057 dimissos’
959 3022 1043 3056 add.
1062 3021 1268 3056 Masvicius
1286 3021 1299 3072 ll
1329 3023 1374 3053 14
1400 3018 1505 3065 vero]
1533 3029 1599 3054 suo
1619 3018 1655 3053 R
1674 3020 1686 3064 ΙΙ
1706 3020 1744 3054 et
1769 3017 1893 3054 dictae

183 3069 261 3106 irae
287 3071 329 3105 Η
345 3072 358 3116 ΙΙ
390 3074 433 3106 15
460 3070 507 3104 ad
533 3069 664 3106 limina
688 3070 724 3104 It
762 3070 800 3104 et
825 3068 958 3104 limina
983 3069 1025 3103 H
1041 3071 1053 3115 ΙΙ
1086 3072 1127 3103 17
1156 3070 1194 3103 et
1219 3066 1376 3112 aeriam]
1404 3077 1485 3101 esse
1512 3067 1550 3101 et
1574 3066 1714 3101 aeriam
1740 3066 1774 3100 A
1814 3077 1893 3101 esse

182 3118 220 3152 et
246 3117 385 3153 acriem
410 3118 454 3153 H
470 3119 481 3163 ΙΙ
500 3121 543 3152 21
573 3120 630 3152 est
655 3128 721 3153 om.
752 3117 784 3151 T
801 3118 812 3163 ΙΙ
842 3121 887 3152 26
916 3118 957 3152 ut
981 3127 1048 3152 om.
1075 3117 1115 3151 H
1133 3117 1145 3161 ΙΙ
1165 3114 1329 3150 ostendit
1352 3113 1389 3148 R
1408 3115 1420 3160 11
1438 3113 1677 3159 prudentiam
1703 3113 1739 3148 R
1758 3116 1770 3159 ΙΙ
1790 3113 1893 3159 oppi-

184 3165 334 3200 nionem
352 3166 484 3201 ΑΒΜ
521 3164 726 3212 opitionem
753 3165 796 3199 H
832 3163 1006 3210 opinione
1030 3164 1138 3209 vulyo
1157 3165 1168 3209 ΙΙ
1189 3162 1288 3207 apud
1314 3172 1468 3206 superos
1493 3161 1632 3197 inferos
1659 3161 1702 3195 H
1725 3162 1893 3207 (superos

183 3213 250 3248 del.
272 3213 308 3257 h)
327 3214 340 3258 ΙΙ
359 3217 401 3248 27
429 3212 545 3248 furias
570 3224 637 3248 om.
651 3212 737 3247 RH
755 3214 766 3259 ΙΙ
785 3213 835 3248 ad
860 3223 970 3247 smms
996 3213 1041 3257 (v.
1063 3213 1147 3256 848)
1173 3209 1280 3246 nodis
1307 3207 1624 3253 uolubilitatibuS‚
1652 3209 1701 3244 ad
1720 3220 1893 3245 sz‘rOSAs

184 3261 228 3306 (v.
255 3262 338 3306 848)
365 3260 566 3297 stridentes
591 3261 702 3296 uento
729 3260 763 3296 T

1607 3315 1679 3350 42*
