2092 3614
546 272 697 309 COMM.
723 272 776 308 IN
802 272 945 309 VERG.
973 272 1083 308 AEN.
1111 273 1198 308 VIII
1225 277 1425 309 653—664.
1740 271 1828 313 295

115 384 288 439 hospitio
319 384 567 439 recepissent.
686 394 905 437 ,CANEBAT
945 382 1068 438 quasi
1107 381 1456 437 praedivinabat:
1494 397 1598 424 nam
1631 381 1827 424 ‘canere'

116 459 161 498 et
192 456 330 498 dicere
362 458 406 497 et
437 454 631 497 divinare
663 454 892 510 significat.
1528 492 1530 494 ,

236 526 334 570 657.
383 537 636 577 ARCEMQVE
660 538 907 568 TENEBANT
935 525 1055 568 deest
1081 524 1268 581 ‘paene'z
1294 540 1396 567 nam
1423 539 1557 580 prope
1585 523 1827 567 tenuerunt.

234 597 332 640 658.
381 609 581 640 DEFENSI
614 609 841 640 TENEBms
873 609 932 638 ET
965 607 1096 639 Dono
1127 607 1296 639 NOCTIS
1330 608 1510 639 OPAcAE
1542 597 1668 638 multi
1700 597 1824 638 itera-

114 670 279 712 tionem
308 669 478 724 volunt,
511 669 584 711 alii
610 669 758 711 dicunt
784 667 1005 711 ‘tenebris’
1037 670 1216 724 propter
1242 668 1482 723 cuniculos,
1514 667 1642 743 dono
1670 668 1825 710 noctis’

116 756 267 783 somno
299 740 479 796 Manlii3
510 755 612 782 nam
645 755 822 783 somnus
854 738 993 782 noctis
1027 743 1093 782 est
1123 739 1295 782 donum.
1876 731 1880 735 ’

233 813 330 855 659.
382 828 592 854 σΔΕεΑιιιΕε
621 825 752 864 coma,
784 811 836 853 ab
867 824 910 853 eo
941 811 1050 865 quod
1077 811 1192 853 caedi
1213 812 1357 864 potest.
1478 821 1633 852 AVREA
1663 822 1825 853 vss'rls

112 885 195 926 hoc
235 886 302 926 est
341 883 494 925 barba:
540 883 652 925 unde
697 885 847 925 contra
890 882 1077 924 investes
1122 882 1302 924 dicimus
1348 881 1566 924 inberbes:
1611 881 1722 923 unde
1762 885 1826 923 est

114 954 258 1010 <166>
290 957 411 997 tunc
445 954 569 996 mihi
600 954 765 1009 prima
797 968 954 1010 genas
989 953 1223 996 vestibat
1254 953 1389 995 flore
1421 953 1674 1009 iuventas.

230 1028 328 1069 660.
379 1017 599 1069 VmerA‘rls
637 1037 820 1069 LVCENT
859 1037 1050 1068 SAGVLIS
1096 1039 1204 1080 quae
1249 1024 1471 1066 habebant
1512 1024 1557 1065 in
1602 1024 1822 1080 virgarum
1851 1033 1894 1064 10

111 1099 284 1141 modum
324 1098 527 1140 deductas
567 1098 671 1140 vias.
735 1100 778 1140 et
808 1098 918 1140 bene
957 1097 1119 1140 adlusit
1157 1097 1209 1139 ad
1242 1096 1456 1139 Gallicam
1494 1095 1707 1152 linguam,
1749 1111 1825 1152 per

110 1186 239 1226 quam
266 1170 389 1225 virga
414 1184 605 1225 purpura
630 1169 798 1211 dicitur.
843 1168 1054 1225 ‘virgatis'
1076 1182 1191 1224 ergo,
1212 1183 1262 1210 ac
1283 1168 1318 1210 si
1338 1168 1498 1210 diceret
1517 1167 1642 1224 virga
1661 1168 1824 1223 tinctis,

107 1241 150 1283 id
183 1244 250 1284 est
280 1242 538 1297 purpuratis.
661 1252 813 1284 GAESA
844 1241 994 1283 hastas
1029 1240 1192 1283 viriles:
1234 1255 1338 1281 nam
1376 1239 1507 1282 etiam
1539 1240 1654 1282 viros
1686 1240 1821 1283 fortes

108 1312 224 1355 Galli
256 1326 410 1368 gaesos
444 1315 612 1355 vocant.
1328 1307 1331 1309 ’

227 1375 326 1427 662.
378 1395 536 1427 SCVTIS
569 1395 741 1427 LONGIS
782 1399 860 1440 per
897 1384 978 1426 hoc
1016 1398 1245 1439 corporum
1278 1383 1522 1426 ostenditur
1553 1384 1822 1440 magnitudo,
1851 1392 1893 1423 15

107 1459 155 1498 ut
180 1471 311 1511 supra
337 1455 451 1511 <VII
471 1455 587 1511 275>
622 1456 943 1498 stabant'ter
974 1457 1177 1498 centum
1208 1454 1366 1497 nitidi
1397 1455 1449 1497 in
1479 1455 1820 1510 praesepibus

108 1528 253 1583 altis,
284 1543 362 1583 per
394 1528 509 1584 quod
541 1534 749 1583 equorum
782 1515 1128 1583 magnitudinem
1161 1526 1384 1582 expressit.

225 1600 323 1642 663.
373 1610 454 1642 HIC
495 1599 540 1640 in
580 1599 731 1641 eodem
771 1601 904 1642 scuto.
967 1601 1010 1640 et
1042 1612 1230 1654 congrue
1263 1598 1507 1640 sacerdotes
1540 1597 1689 1641 statim
1721 1602 1822 1654 post

107 1671 271 1725 templa
315 1673 636 1713 commemorat.
759 1681 919 1713 SALIOS
965 1670 1038 1725 qui
1082 1672 1184 1712 sunt
1222 1669 1268 1711 in
1306 1669 1442 1711 tutela
1478 1668 1615 1725 Iovis,
1653 1669 1820 1725 Martis,

107 1741 289 1791 Quirini.
346 1742 452 1785 dicti
484 1740 591 1784 Salii
622 1742 718 1784 ideo
751 1741 865 1797 quod
898 1741 1010 1784 circa
1041 1756 1139 1784 aras
1172 1741 1334 1784 saliunt
1365 1743 1408 1783 et
1439 1741 1691 1797 tripudiant.
1741 1743 1821 1785 alii
1846 1750 1891 1780 20

105 1828 132 1855 a
162 1813 297 1866 Salio,
329 1814 492 1857 Aeneae
522 1814 681 1865 comite,
719 1814 846 1856 dictos
875 1813 1028 1856 volunt.
1148 1823 1401 1864 NVDOSQVE
1439 1824 1680 1877 LVPERcos
1722 1829 1819 1856 cum

105 1885 151 1926 in
187 1885 396 1928 honorem
434 1884 577 1928 Panos
615 1885 968 1940 Lupercaliorum
1008 1885 1278 1928 sollemnitas
1317 1885 1624 1940 celebraretur,
1663 1900 1819 1940 pecora

105 1956 401 1999 Romanorum
434 1957 577 1999 subito
611 1972 636 1999 a
666 1957 914 2000 latronibus
944 1959 1073 2013 rapta
1104 1959 1219 1999 sunt.
1279 1957 1345 1998 illi
1381 1957 1586 2013 proiectis
1624 1957 1818 2000 vestibus

104 2028 319 2083 persecuti
364 2031 466 2070 sunt
509 2028 719 2071 latrones:
765 2028 920 2083 quibus
965 2028 1183 2083 oppressis
1229 2029 1271 2070 et
1313 2028 1499 2083 receptis
1545 2028 1818 2084 animalibus,

104 2101 284 2154 propter
314 2114 406 2142 rem
432 2115 458 2142 a
482 2100 609 2142 nudis
636 2115 840 2156 prospere
873 2102 1042 2156 gestam
1068 2099 1335 2142 consuetudo
1367 2100 1608 2155 permansit
1640 2103 1688 2142 ut
1712 2101 1816 2143 nudi
1843 2108 1887 2141 25

103 2171 360 2229 Lupercalia
391 2172 672 2215 celebrarent.

223 2243 321 2285 664.
369 2254 730 2294 LANIGEROSQVE
767 2253 933 2286 Armes
973 2242 1169 2285 flamines
1211 2243 1257 2284 in
1293 2243 1433 2298 capite
1474 2243 1696 2286 habebant
1735 2245 1816 2300 pil-

103 2315 237 2370 leum,
269 2314 314 2356 in
346 2329 430 2370 quo
458 2318 551 2357 erat
581 2315 727 2359 brevis
753 2315 878 2372 virga
910 2314 1091 2370 desuper
1122 2314 1289 2356 habens
1321 2314 1448 2357 lanae
1482 2314 1656 2371 aliquid.
1702 2315 1814 2371 quod

200 2462 218 2492 1
246 2469 332 2493 nam
359 2468 490 2492 canere
517 2483 524 2491 .
549 2485 555 2492 .
579 2483 585 2491 .
613 2455 815 2503 significat]
844 2454 889 2491 cf.
917 2455 1003 2491 Isid.
1030 2455 1106 2491 diff
1133 2456 1233 2492 verb
1255 2458 1300 2490 98
1320 2456 1332 2501 ΙΙ
1360 2459 1381 2491 8
1407 2455 1504 2490 unde
1532 2484 1539 2492 .
1561 2484 1568 2490 .
1591 2483 1599 2491 .
1625 2456 1814 2503 inberbes]

102 2505 148 2541 cf.
174 2505 266 2541 Non.
296 2517 331 2550 p.
357 2507 415 2549 45,
442 2508 487 2540 27
514 2505 561 2540 Μ.
599 2506 610 2549 ΙΙ
650 2508 693 2539 13
720 2511 835 2539 &Asu
862 2531 869 2538 .
898 2530 904 2538 .
933 2532 940 2539 .
967 2503 1120 2550 vocant]
1154 2503 1199 2538 cf.
1226 2502 1331 2538 Luct.
1358 2502 1460 2540 Plac.
1496 2503 1544 2538 ad
1576 2503 1669 2538 Stat.
1699 2503 1813 2539 Theb.

43 2563 50 2571 ·
103 2552 153 2587 IV
180 2556 242 2596 643
269 2553 364 2587 Non.
392 2564 427 2597 p.
455 2556 535 2597 555,
565 2556 608 2587 10
632 2551 680 2588 Μ.
708 2553 719 2598 ΙΙ
744 2556 788 2587 27
815 2550 982 2587 flamines
1011 2579 1047 2586 ..
1071 2580 1078 2588 .
1106 2552 1194 2586 sunt
1217 2551 1383 2597 reperta]
1412 2562 1526 2587 exscr.
1554 2550 1638 2586 Isid.
1667 2562 1733 2588 or
1727 2551 1814 2587 VH

105 2603 160 2646 12,
188 2604 231 2636 18
252 2611 306 2645 sq.
345 2599 390 2637 cf.
417 2599 535 2636 Varro
561 2600 595 2635 d.
621 2599 645 2635 l.
671 2598 696 2635 l.
725 2599 757 2635 V
783 2602 829 2635 84

199 2734 216 2765 1
245 2729 455 2775 hospicium
477 2730 516 2765 F
538 2730 643 2775 (corr.
664 2730 817 2775 Daniel)
836 2731 848 2776 11
867 2730 1087 2775 recipissent
1112 2729 1154 2765 F
1167 2731 1180 2775 ΙΙ
1198 2729 1263 2775 c'1in
1287 2730 1475 2777 peonabat
1498 2730 1539 2764 F
1562 2730 1683 2775 (quasi
1709 2742 1813 2775 prae-

104 2778 262 2814 canebat
286 2777 438 2821 Daniel)
468 2778 481 2824 ΙΙ
511 2777 776 2822 perdiuinabat
801 2778 836 2812 L
863 2778 968 2823 (corr.
996 2778 1022 2822 l)
1053 2778 1065 2823 ΙΙ
1096 2781 1117 2813 5
1143 2778 1273 2814 dicunt
1297 2789 1364 2814 om.
1390 2777 1427 2813 R
1458 2779 1470 2824 ΙΙ
1502 2782 1520 2813 7
1549 2779 1598 2814 ad
1623 2789 1814 2814 cAssAmss
1872 2802 1885 2811 ,γ

101 2837 202 2872 supr.
228 2837 316 2861 vers
346 2836 451 2860 coma
476 2836 500 2860 a
524 2825 689 2860 cedendo
716 2825 818 2860 dicta
846 2825 878 2859 Τ
895 2826 907 2871 ΙΙ
926 2824 972 2860 ab
999 2836 1043 2861 eo
1069 2837 1147 2872 eqo:
1174 2826 1246 2861 ad6
1268 2825 1309 2860 F
1342 2825 1437 2861 adeo
1464 2826 1498 2861 G
1535 2825 1619 2861 ideo
1640 2826 1779 2861 Daniel
1803 2825 1815 2871 Η

103 2877 124 2909 8
151 2885 170 2909 e
197 2875 329 2909 contra
349 2873 382 2907 L
401 2874 412 2919 ΙΙ
434 2876 476 2907 11
503 2872 599 2919 vias]
628 2872 739 2907 strias
761 2873 985 2908 Masvieius:
1012 2873 1058 2916 cf.
1075 2873 1328 2909 Marklandus
1353 2874 1403 2909 ad
1422 2873 1516 2909 Stat.
1536 2874 1615 2909 silv.
1638 2873 1729 2917 V‚2‚
1746 2877 1812 2908 152

102 2918 120 2968 Η
142 2926 183 2956 12
210 2920 344 2976 uirgas]
366 2922 402 2955 A
430 2920 573 2965 (uirgae
598 2920 712 2964 fuisse
735 2920 894 2966 videtur)
932 2920 1062 2966 uirgae
1083 2920 1169 2956 SM
1177 2920 1217 2955 F
1250 2920 1356 2966 uirge
1375 2920 1454 2955 RL
1481 2921 1604 2967 (uirga
1629 2922 1656 2965 l)
1676 2922 1688 2967 11
1708 2921 1814 2966 virga

102 2968 231 3004 tinctis
256 2969 404 3013 scripsi.
430 2967 583 3003 uircatis
602 2967 664 3002 As
700 2967 858 3013 uirgatis
882 2967 1039 3019 reliqui.
1065 2971 1218 3004 ceterum
1243 2968 1399 3014 uirgatis
1424 2967 1464 3003 id.
1490 2969 1548 3003 est
1571 2979 1692 3003 omnes
1718 2969 1814 3013 quod

102 3017 215 3052 sciam
241 3016 414 3051 Serviani
438 3015 687 3051 commentarii
710 3015 866 3055 editores
890 3008 1099 3051 abiecerunt
1126 3016 1138 3062 11
1170 3019 1211 3051 13
1238 3028 1324 3051 GEsA
1349 3015 1419 3051 SG
1461 3027 1572 3051 cAssA
1596 3015 1633 3050 R
1661 3016 1673 3062 ΙΙ
1704 3016 1814 3050 hasta

105 3065 164 3099 est
187 3062 306 3098 uirilis
326 3063 366 3098 F
381 3065 393 3109 ΙΙ
413 3062 512 3098 viros
537 3061 652 3098 fortes
678 3074 744 3098 om.
767 3061 807 3097 F
822 3063 834 3109 ΙΙ
856 3065 899 3097 14
924 3073 1057 3108 gaesos
1077 3063 1148 3098 Ha
1187 3074 1313 3098 caesos
1338 3064 1481 3109 reliqui.
1520 3064 1692 3109 gaesatos
1719 3063 1810 3097 coni.

110 3110 259 3146 Vossius
283 3111 327 3146 de
350 3112 415 3145 vit.
441 3121 542 3146 serm.
571 3110 630 3145 lib.
658 3110 674 3144 I
699 3114 720 3144 2
741 3122 781 3154 Ρ.
811 3114 853 3144 12
882 3110 894 3156 11
928 3114 970 3145 15
996 3121 1063 3156 per
1088 3111 1159 3146 hoc
1184 3111 1276 3145 LM
1281 3110 1334 3145 12
1360 3121 1426 3156 per
1451 3111 1546 3146 haec
1571 3110 1810 3174 ASRHmi

106 3161 148 3192 16
175 3159 217 3192 ut
240 3169 306 3194 ona.
333 3158 421 3192 LH
447 3159 459 3204 ΙΙ
497 3162 541 3193 20
567 3156 704 3192 saliant
728 3156 765 3192 R
795 3159 807 3203 ΙΙ
837 3157 1046 3203 tripudient
1070 3157 1107 3193 R
1144 3157 1219 3203 trip
1221 3157 1355 3193 udiunt
1360 3123 1421 3193 pF
1447 3159 1460 3205 ΙΙ
1496 3162 1541 3193 22
1566 3158 1706 3193 honore
1732 3156 1768 3190 R

103 3204 266 3240 solemne
292 3205 328 3240 R
366 3205 544 3240 sollemne
566 3204 607 3239 F
622 3206 634 3251 ΙΙ
653 3208 698 3239 24
723 3204 884 3240 insecuti
904 3205 944 3240 F
959 3206 971 3250 ΙΙ
990 3205 1155 3242 latrones
1180 3204 1332 3252 quibus]
1358 3205 1389 3241 is
1415 3206 1488 3251 (his
1509 3205 1660 3249 Daniel)
1698 3203 1810 3239 latro

104 3250 212 3286 nibus
237 3251 277 3286 F
292 3253 304 3297 l}
332 3255 377 3287 25
402 3252 595 3298 prospere]
621 3263 778 3298 propere
804 3252 897 3288 bene
917 3252 958 3287 F
