2092 3614
275 252 363 294 644
1049 254 1211 291 SERVII

275 362 540 405 voluerimus
586 362 835 419 admittere,
879 362 961 405 erit
999 377 1182 419 sequens
1220 378 1368 406 versus
1400 364 1680 420 incongruus,
1723 367 1772 407 ut
1802 363 1981 408 ‘irarum

272 434 419 476 tantos
456 434 596 476 volvis
635 435 714 476 sub
752 436 926 490 pectore
963 435 1147 478 fluctus'.
1196 436 1309 478 unde
1346 436 1499 478 melius
1538 439 1604 478 est
1634 438 1682 477 ut
1714 436 1778 478 ita
1815 437 1981 480 intelle-

274 520 447 562 gamus:
493 520 615 548 soror
652 505 768 548 Iovis
807 521 870 562 es,
907 507 950 548 id
989 509 1055 549 est
1087 506 1260 550 Saturni
1297 507 1403 550 filia:
1449 507 1559 550 unde
1596 522 1685 550 non
1721 508 1876 550 mirum
1915 510 1981 551 est

272 579 439 619 tantam
472 579 517 619 te
549 577 815 620 iracundiam
841 578 1025 620 retinere
1053 578 1133 620 sub
1160 581 1343 634 pectore.
1387 594 1488 621 nam
1515 579 1673 621 seimus
1699 594 1980 635 unumquem—

225 658 245 689 5
274 663 355 703 que
381 663 460 703 pro
487 649 658 704 generis
684 649 895 704 qualitate
920 651 966 692 in
990 651 1101 693 iram
1127 651 1306 693 moveri:
1338 650 1505 693 nobiles
1531 652 1646 693 enim
1671 651 1754 693 etsi
1780 650 1832 693 ad
1858 666 1980 706 prae-

272 728 369 762 86118
409 720 609 769 videntur
639 720 882 776 ignoscere,
919 724 1066 764 tamen
1097 723 1144 764 in
1174 724 1395 777 posterum
1427 723 1539 765 iram
1570 725 1804 765 reservant.
1867 723 1980 777 quod

269 807 384 834 1111116
415 792 570 834 Iunoni
609 792 779 835 videtur
817 793 1005 836 obicere:
1043 809 1144 836 nam
1177 808 1272 836 cum
1306 809 1350 836 se
1383 794 1612 836 concedere
1647 793 1824 849 diceret,
1855 794 1982 848 petiit

269 866 416 905 tamen
456 863 571 918 quod
614 864 806 919 graviter
844 867 992 919 posset
1025 865 1175 908 obesse
1208 865 1419 907 Troianis.
1480 865 1542 907 sic
1573 864 1984 907 Homerus-inducit

270 934 550 978 Calchantem
590 935 803 978 dicentem
847 936 898 978 de
930 936 1281 992 Agamemnone:
1319 952 1469 993 regum
1508 938 1596 979 irae
1633 937 1695 979 ita
1733 951 1778 979 se
1808 937 1983 992 habent,

200 1016 243 1047 10
270 1010 328 1062 ut,
360 1007 490 1049 etiam
523 1007 561 1049 si
593 1007 647 1048 ad
673 1022 878 1062 praesens
906 1008 1130 1064 indulgere
1156 1009 1396 1064 videantur,
1429 1009 1628 1051 stimulos
1655 1008 1900 1051 iracundiae
1928 1008 1979 1050 ad

267 1078 462 1140 futurum
494 1081 724 1121 reservent.

388 1150 486 1192 833.
535 1162 600 1193 Do
627 1162 755 1201 QVOD
782 1162 856 1194 vls
890 1151 999 1193 bene
1031 1152 1251 1206 praesenti
1283 1167 1385 1194 usus
1419 1154 1486 1194 est
1510 1154 1724 1206 tempore:
1755 1166 1855 1194 nam
1880 1166 1979 1207 pro-

268 1221 416 1264 missio
448 1222 640 1263 numinis
672 1236 751 1277 pro
783 1221 900 1264 facto
934 1226 1012 1265 est.

387 1292 486 1335 836.
536 1304 795 1335 SVBSIDENT
837 1294 1138 1348 remanebunt,
1182 1295 1396 1350 latebunt,
1441 1295 1486 1336 in
1523 1294 1775 1337 Latinorum
1814 1294 1980 1338 scilicet

198 1374 241 1406 15
268 1364 560 1416 multitudine,
602 1367 651 1406 ut
682 1364 752 1420 <V
783 1365 900 1420 498>
940 1366 1190 1421 galeaque
1228 1366 1327 1409 ima
1367 1366 1602 1408 subsedit
1633 1365 1859 1408 Acestes.

266 1447 500 1486 RITVSQVE
535 1447 783 1478 SACRORVM
816 1449 1014 1479 ADICIAM
1053 1452 1200 1479 verum
1241 1439 1324 1479 est:
1361 1452 1464 1480 nam
1504 1452 1626 1480 sacra
1665 1438 1819 1479 matris
1852 1438 1976 1480 deum

265 1506 452 1550 Romani
490 1506 682 1563 Phrygio
722 1523 840 1550 more
880 1509 1115 1551 coluerunt.
1177 1524 1200 1549 *
1238 1523 1263 1562 q
1299 1512 1336 1551 et
1367 1510 1552 1563 patritae
1590 1510 1690 1563 leqes
1726 1510 1977 1564 appellatum

264 1582 324 1621 est
346 1579 455 1622 dixit
477 1593 502 1633 q
528 1593 681 1621 morem
705 1593 917 1621 sacrorum
942 1581 1125 1634 ritusque
1149 1580 1409 1626 continebant
1432 1581 1541 1634 quod
1565 1581 1654 1622 lieet
1671 1581 1718 1622 in
1746 1598 1805 1625 m.
1827 1581 1979 1624 dioeerit

259 1651 424 1704 plenius
462 1654 598 1693 tamen
634 1651 818 1693 declarat
846 1667 869 1692 *
900 1653 951 1694 ri.
982 1667 1018 1706 q.
1051 1655 1077 1694 t.
1115 1652 1223 1694 nihil
1260 1655 1318 1694 est
1347 1653 1456 1694 enim
1488 1666 1619 1704 sermo
1644 1653 1815 1706 patrius
1844 1652 1976 1694 Auso-

194 1731 239 1763 20
263 1722 438 1776 niusque
474 1722 560 1764 nisi
595 1723 749 1777 avitus,
785 1722 933 1776 quippe
963 1736 1055 1764 eum
1087 1723 1268 1764 Ausonii
1299 1723 1465 1776 antiqui
1495 1722 1649 1764 Italiae
1675 1723 1820 1776 populi
1847 1722 1977 1775 fuisse

262 1793 519 1846 referantur:
556 1807 657 1836 nam
686 1794 807 1848 patri
844 1809 867 1834 *
904 1795 1013 1848 quod
1047 1794 1110 1835 ait
1147 1793 1313 1835 emorem
1350 1794 1541 1847 ritusque.
1585 1807 1617 1835 s.
1655 1792 1850 1836 adiciam'
1888 1794 1975 1847 ipso

263 1865 380 1907 titulo
419 1865 517 1919 leqis
547 1865 749 1919 Papiriae
785 1879 885 1908 usus
916 1864 1002 1920 est,⁴
1027 1879 1153 1918 quam
1183 1865 1332 1907 sciebat
1362 1866 1409 1907 de
1439 1866 1525 1907 ritu
1556 1879 1766 1907 sacrorum
1790 1865 1974 1918 publiea-

263 1939 360 1979 tam.
410 1940 449 1978 et
485 1938 595 1991 quod
629 1938 768 1980 iunxit
804 1936 1051 1990 ‘faciamque
1087 1935 1235 1978 omnis'
1275 1952 1298 1976 *
1335 1937 1393 1979 sie
1430 1937 1540 1979 enim
1576 1937 1707 1978 dietae
1742 1939 1840 1978 sunt
1875 1936 1975 1990 leqes

261 2009 396 2050 avitae
438 2012 477 2050 et
507 2009 693 2062 patritae
735 2012 773 2050 et
813 2012 1029 2062 utramque
1070 2008 1191 2062 leqem
1229 2022 1441 2050 sacrorum
1478 2008 1710 2061 complexus
1746 2011 1812 2050 est.
1873 2021 1974 2050 nam

193 2089 237 2121 25
263 2080 371 2122 ritus
395 2083 454 2122 est
477 2080 738 2133 comprobata
763 2081 810 2122 in
835 2080 1182 2122 administrandis
1205 2080 1316 2121 sacri
1341 2094 1362 2119 *
1386 2094 1422 2133 q.
1448 2080 1591 2122 civitas
1610 2092 1659 2121 ex
1677 2079 1812 2120 alieno
1831 2080 1975 2121 aseivit

261 2151 361 2202 sibi,·
393 2165 485 2194 eum
515 2155 716 2206 receptum
746 2155 822 2206 est,
853 2165 940 2194 mos
970 2151 1214 2206 appellatur.
1275 2152 1355 2193 alii
1385 2152 1445 2193 ita
1476 2151 1688 2204 definiunt,
1720 2150 1847 2191 ritum
1879 2164 1972 2205 esse,

358 2331 376 2362 1
403 2330 447 2363 ut
471 2333 610 2364 irarum
637 2356 645 2364 .
666 2328 886 2365 ..Saturni
910 2328 989 2364 fllia
1014 2339 1080 2364 om.
1108 2328 1180 2363 AS
1210 2329 1221 2374 ΙΙ
1253 2332 1273 2363 2
1301 2328 1455 2363 1101116118
1482 2327 1531 2362 M
1557 2329 1568 2374 ΙΙ
1604 2331 1627 2361 4
1651 2326 1690 2361 111
1716 2328 1867 2372 pectore
1892 2325 1974 2409 ΒΑ

261 2379 282 2410 8
309 2376 438 2411 obesse
465 2377 594 2422 posset
612 2376 649 2411 R
680 2388 789 2421 posse
811 2377 854 2411 H
888 2377 1018 2411 obesse
1037 2377 1202 2411 omittens
1220 2377 1232 2422 ss
1252 2380 1272 2411 9
1298 2376 1534 2432 calebant-am
1556 2375 1653 2409 HM
1671 2375 1682 2420 ΙΙ
1701 2386 1823 2410 rerum
1842 2374 1922 2409 AR

262 2426 405 2469 (regum
430 2425 464 2468 1)
502 2425 515 2469 fl
554 2428 595 2458 11
623 2424 830 2470 reservent]
865 2426 1044 2468 κρείσσων
1071 2421 1143 2470 γὰρ
1171 2421 1377 2478 βασιλεύς
1431 2452 1438 2459 .
1467 2419 1569 2468 ὄφρα
1595 2423 1746 2468 τελέσσῃ
1773 2422 1884 2467 (11.1
1910 2425 1970 2466 80)

262 2471 347 2506 add.
362 2471 401 2505 D
420 2473 431 2517 ΙΙ
453 2476 494 2507 17
516 2483 540 2516 q
562 2473 600 2506 et
618 2471 811 2516 patritae.
863 2469 1142 2516 ,compitorum
1161 2474 1203 2506 in
1220 2471 1406 2515 superiore
1429 2471 1493 2514 fol.
1515 2468 1604 2505 218b
1627 2469 1850 2505 Turonensis
1874 2480 1969 2505 mar-

259 2519 344 2573 qine
368 2530 431 2554 seoe
455 2519 618 2554 versibus
641 2519 782 2563 scripta
805 2498 918 2554 sunt.
941 2531 964 2554 a
982 2519 1122 2553 dextris
1139 2519 1315 2563 partibus
1339 2529 1506 2553 versuum
1528 2528 1672 2562 pauca,
1692 2518 1809 2562 plura
1834 2529 1858 2552 a
1876 2517 1967 2553 sini-

260 2566 347 2601 stris
374 2567 584 2611 perierunt,
614 2566 676 2601 sed
707 2570 886 2611 quantum
911 2567 953 2601 de
978 2566 1135 2611 sinyulis
1165 2566 1327 2600 versibus
1358 2565 1539 2600 interierit
1563 2575 1638 2600 non
1664 2565 1779 2600 audeo
1803 2565 1967 2609 definire,

261 2624 342 2649 eum
372 2625 447 2649 non
477 2614 552 2649 iam
581 2614 700 2658 possit
732 2614 915 2659 diqnosei,
952 2616 1076 2648 utrum
1112 2613 1158 2648 ab
1189 2616 1348 2648 extrema
1379 2613 1533 2648 sinistra
1563 2613 1791 2648 membranae
1821 2623 1888 2647 ora
1921 2613 1970 2647 ad

261 2662 445 2697 dexteram
477 2665 671 2697 extremam
700 2662 856 2706 seripser
857 2661 887 2696 it
917 2661 1111 2706 interpres,
1143 2672 1194 2696 an
1225 2661 1405 2706 utrimque
1435 2661 1596 2705 spatium
1626 2660 1848 2705 reliquerit.
1875 2657 1969 2697 illud

260 2712 381 2744 tamen
410 2710 564 2745 suadere
594 2709 692 2752 lieet,
723 2709 757 2744 si
780 2709 862 2754 quis
886 2719 978 2754 quae
1002 2709 1256 2744 interciderint
1280 2709 1513 2744 coniectando
1538 2708 1704 2752 supplere
1734 2708 1837 2751 velit,
1868 2710 1910 2742 ut
1934 2707 1967 2742 is

259 2757 451 2792 minimum
464 2736 712 2802 qaadraqenis
730 2757 860 2792 litteris
872 2757 1039 2801 sinqiilas
1059 2757 1212 2791 lacunas
1231 2767 1322 2801 quas
1340 2756 1505 2791 indicavi
1523 2755 1721 2800 explendas
1740 2765 1811 2790 esse
1824 2758 1941 2799 putet.
1956 2754 1968 2801 Η

261 2816 286 2848 q
311 2815 377 2839 om.
404 2805 544 2840 Daniel
579 2805 591 2851 n
627 2803 860 2849 appellatum
891 2807 949 2839 est
974 2803 1068 2839 dixit
1092 2814 1189 2849 quae
1214 2814 1354 2838 morem
1382 2814 1570 2839 sacrorum
1595 2802 1734 2838 Daniel
1770 2802 1966 2847 appellata

260 2863 280 2886 e
306 2851 368 2886 dix
394 2864 419 2897 q
450 2863 552 2888 more
584 2863 735 2888 sacroru
764 2851 929 2888 hodieT
933 2878 944 2894 ,
981 2862 1068 2886 nam
1098 2855 1205 2888 notae
1235 2863 1352 2896 supra
1379 2863 1404 2886 u
1429 2862 1448 2886 e
1473 2863 1498 2886 x
1522 2863 1545 2896 q
1572 2861 1591 2885 e
1617 2862 1642 2886 u
1673 2850 1760 2885 olim
1798 2849 1967 2894 adpictae

259 2899 473 2935 circumcisa
506 2900 716 2935 membrana
746 2900 945 2945 perierunt.
997 2900 1035 2934 et
1068 2899 1210 2944 patrias
1244 2900 1347 2944 leges
1382 2899 1592 2952 appellatas
1628 2908 1707 2933 esse
1742 2896 1838 2932 dixit
1869 2907 1964 2941 quae

259 2957 401 2982 morem
428 2958 617 2982 sacrorum
642 2949 810 2993 ritusque
834 2946 1078 3000 continebant
1105 2947 1311 2982 Masvieius
1329 2948 1341 2991 ΙΙ
1371 2949 1413 2981 18
1440 2946 1480 2981 111
1505 2945 1584 2991 γη]
1612 2945 1657 2988 ef.
1678 2944 1776 2981 Sera
1803 2944 1852 2980 ad
1870 2944 1963 2980 Aen.

259 2993 330 3028 VII
355 2998 423 3030 601
443 2996 455 3039 ΙΙ
476 2998 519 3029 19
545 2994 805 3032 declarat..
831 2993 856 3029 i.
882 3006 917 3039 q.
943 2995 970 3029 t.
997 2994 1136 3029 Daniel
1173 2993 1379 3029 declarat‘
1384 3004 1592 3029 sermonem
1618 2991 1773 3028 Ausonii
1797 2991 1961 3036 patrium

259 3052 456 3095 moresque
481 3042 664 3077 tenebunt
685 3043 892 3078 Masvieius
910 3042 921 3088 ΙΙ
946 3045 990 3077 21
1016 3053 1102 3076 nam
1128 3042 1294 3087 patrium
1319 3041 1418 3086 quod
1446 3041 1500 3076 ait
1520 3041 1724 3076 Masvieius
1742 3040 1753 3085 ΙΙ
1779 3043 1823 3073 22
1850 3049 1966 3084 papy-

259 3088 337 3125 riae
365 3090 398 3125 T
415 3091 428 3136 ΙΙ
446 3094 490 3125 23
519 3090 639 3125 01111118
665 3089 702 3124 111
729 3090 812 3125 ob
862 3117 870 3124 .
897 3089 949 3125 eri
976 3089 1027 3124 816
1053 3089 1152 3124 6111111
1179 3089 1317 3125 Daniel
1355 3089 1497 3124 omnes
1523 3100 1597 3123 uno
1623 3099 1685 3123 ore
1711 3086 1881 3122 Latinos'
1910 3085 1964 3121 sic

259 3138 358 3172 enim
386 3138 594 3173 Masvieius
630 3138 642 3183 ΙΙ
678 3141 724 3172 24
755 3148 842 3173 nam
872 3137 964 3172 ritus
991 3137 1048 3171 est
1073 3148 1100 3172 e.
1126 3149 1158 3182 q.
1184 3137 1230 3183 s.]
1264 3138 1310 3181 cf.
1337 3136 1470 3172 Festus
1494 3147 1521 3172 s.
1547 3147 1579 3170 11.
1605 3135 1698 3170 ritus
1724 3138 1756 3168 et
1779 3135 1963 3179 receptus,

261 3185 427 3221 Maerob.
454 3185 532 3221 Sat.
559 3184 670 3228 1118,
697 3189 717 3221 8
737 3197 808 3231 sqq.
847 3187 859 3232 ΙΙ
895 3188 940 3220 25
972 3184 1013 3219 111
1045 3184 1350 3220 administrandis
1375 3183 1565 3219 sacrificiis
1591 3194 1721 3226 ...q
1748 3182 1887 3217 Daniel
1924 3181 1963 3216 in

258 3232 562 3268 administrandis
587 3232 780 3268 sacrificiis
807 3232 1034 3269 consuetudo
1059 3243 1172 3277 quam
1200 3232 1407 3268 Masvicius
