2092 3614
323 273 408 316 318
1095 274 1254 310 SERVII

321 401 530 427 FEREBANT
555 398 639 426 non
663 385 781 427 addit
803 385 891 439 qui,
922 385 994 427 sed
1015 384 1285 438 intelleyimus
1303 383 1516 439 Phryqas:
1550 385 1644 426 item
1669 383 1761 439 <111
1785 386 1897 441 106>
1923 400 2026 429 een-

323 458 422 496 tum
459 455 599 498 urbes
634 455 865 498 habitant
900 469 1121 510 maynas,
1164 456 1211 497 id
1245 458 1304 498 est
1334 454 1479 498 Cretes.
1539 459 1577 498 et
1611 456 1706 499 bene
1740 457 1903 501 arbores
1939 472 2028 501 eon-

321 527 494 568 secravit
521 526 667 580 quibus
697 527 1035 570 inmortalitatem
1058 527 1244 581 petitura
1274 530 1343 569 est.

442 598 510 641 86.
558 609 789 641 NIGRANTI
832 609 970 641 PIOEA
1011 596 1245 653 ‘nigranti'
1290 598 1506 641 umbrosa.
1569 601 1612 641 et
1653 599 1818 654 ‘picea'
1861 600 2027 643 arboris

274 676 294 707 5
323 683 458 725 genus
490 671 574 722 est,
606 670 715 712 uude
744 670 819 725 pix
845 669 1035 712 desudat.
1085 669 1239 711 harum
1265 672 1410 711 autem
1437 670 1670 713 seeundum
1690 670 1880 713 Plinium
1905 672 2026 727 quin-

321 755 403 796 que
435 741 751 797 sunt'species,
783 741 896 784 sicut
927 740 1058 782 etiam
1091 753 1222 796 supra
1254 740 1347 796 <VI
1382 742 1493 796 180>
1525 741 1719 784 diximus.
2013 795 2018 798 Π

441 813 508 855 87.
558 824 647 855 HAS
674 824 766 855 EGO
799 827 887 855 non
914 811 1104 867 ‘trabes’,
1134 827 1235 854 nam
1261 812 1313 854 de
1339 827 1461 855 acere
1485 828 1616 855 naves
1642 828 1730 856 non
1759 814 1885 856 fiunt:
1916 815 2027 857 unde

296 884 475 926 melius
514 884 692 926 arbores
730 884 1044 940 intellegimus,
1081 883 1312 926 referentes
1351 884 1405 927 ad
1441 885 1585 940 piceas
1621 886 1689 928 vel
1725 885 1864 940 pinos.
1925 901 2027 928 sane

319 956 557 998 notandum
589 955 736 998 trabes
774 970 866 998 eum
897 956 1051 998 dixisse
1079 956 1128 998 de
1158 955 1387 1011 arboribus,
1428 971 1520 998 eum
1549 971 1632 999 non
1663 957 1855 999 dieantur
1886 958 2028 1014 trabes,

251 1034 294 1065 10
319 1027 403 1069 nisi
440 1028 527 1069 iam
565 1042 715 1069 caesae
755 1030 798 1069 et
834 1027 1112 1082 compositae.
1173 1027 1357 1069 abutitur
1393 1042 1484 1082 erqo
1521 1042 1563 1070 eo
1602 1030 1709 1082 quod
1734 1029 1940 1083 posterius
1970 1033 2029 1072 est

313 1113 394 1152 pro
425 1113 468 1141 eo
499 1099 607 1152 quod
635 1102 693 1141 est
715 1100 849 1153 prius.
972 1109 1154 1141 CLASSIS
1186 1109 1369 1140 EGERET
1397 1113 1474 1153 pro
1507 1098 1683 1155 ‘classe’,
1717 1100 1923 1154 yenetivus
1945 1115 2026 1155 pro

321 1170 508 1212 ablativo.
559 1173 599 1212 et-
626 1169 742 1212 iusta
770 1170 942 1212 Aeneae
975 1169 1146 1225 petitio,
1179 1172 1222 1211 et
1254 1170 1528 1212 concedentis
1561 1170 1807 1227 benignitas
1838 1171 2027 1215 numinis

322 1241 506 1283 exclusit
535 1241 771 1296 piaculum:
802 1256 903 1284 nam
934 1241 1003 1283 his
1031 1241 1210 1284 remotis
1238 1241 1513 1298 sacrilegium
1540 1242 1890 1285 committeretur.
1939 1243 2027 1286 ideo

320 1313 485 1356 addidit
513 1311 643 1355 ‘laeta
672 1312 797 1356 dedi'.
1691 1360 1694 1364 ,

252 1391 295 1423 15
441 1385 510 1427 88.
559 1396 705 1428 TIMOR
743 1396 913 1427 ANXIVS
953 1386 1029 1427 aut
1065 1386 1322 1440 perpetuum
1360 1386 1425 1427 est
1462 1385 1631 1427 timoris
1671 1385 1911 1440 epitheton:
1953 1388 2028 1429 aut

321 1458 435 1498 certe
468 1471 615 1499 verum
646 1456 848 1498 timorem
889 1456 1028 1498 voluit
1066 1456 1328 1512 significare,
1366 1458 1414 1498 ut
1452 1459 1672 1511 separaret
1704 1457 1757 1499 ab
1790 1472 1839 1499 eo
1871 1458 1944 1513 qui
1975 1473 2027 1500 ex

320 1527 556 1583 cupiditate
587 1528 780 1570 nascitur
810 1542 1135 1584 prosperorum,
1167 1529 1216 1569 ut
1247 1526 1316 1582 <V
1340 1528 1451 1582 137>
1484 1527 1873 1583 exultantiaque
1904 1528 2027 1571 hau-

320 1599 389 1641 rit
420 1599 574 1642 corda
605 1614 766 1654 pavor
797 1599 1020 1654 pulsans.

439 1671 508 1714 89.
558 1687 625 1714 sor
635 1688 683 1714 VE
711 1687 842 1713 METVS
871 1670 917 1713 id
944 1674 1002 1713 est
1029 1683 1148 1713 meos.

249 1750 294 1781 20
439 1742 508 1785 91.
557 1754 722 1785 Pnosrr
742 1753 937 1785 NOSTRIS
958 1754 1008 1785 IN
1026 1753 1266 1785 MON'rlssvs
1288 1754 1434 1785 onus
1462 1742 1577 1784 bona
1602 1742 1815 1785 brevitate
1841 1743 2028 1786 detraxit

320 1816 364 1857 et
396 1813 508 1856 ‘his'
541 1816 585 1856 et
617 1813 773 1869 ‘esse’3
811 1829 912 1856 nam
949 1814 1125 1869 plenum
1165 1816 1231 1856 est
1263 1813 1422 1869 tprosit
1458 1813 1527 1856 his
1560 1816 1677 1856 ortas
1709 1828 1802 1856 esse
1834 1815 1879 1856 in
1910 1830 2027 1858 mon-

318 1886 437 1928 tibus
469 1884 675 1932 nostris’:
714 1885 827 1941 quod
864 1885 967 1928 fecit
1006 1885 1263 1929 elocutionis
1297 1900 1437 1928 causa.
1498 1899 1598 1928 sane
1627 1885 1693 1928 hio
1723 1887 1894 1929 ostendit
1921 1889 2030 1941 quod

317 1971 447 2012 supra
477 1972 613 2000 arcem
643 1957 752 2000 dixit
773 1971 855 2012 pro
885 1961 1029 2000 monte.
1079 1961 1117 2000 et
1146 1957 1240 2000 bene
1265 1957 1420 2013 ‘ortas'7
1450 1960 1498 2000 ut
1526 1971 1688 2000 sensum
1719 1959 1921 2012 quendam
1951 1973 2025 2002 na-

318 2029 435 2072 vibus
465 2030 597 2080 daret,
626 2029 792 2071 ¹verbum
822 2029 869 2072 de
900 2030 1057 2084 oriyine
1087 2030 1308 2072 commoda.

250 2108 295 2139 25
442 2101 510 2143 92.
546 2112 781 2162 ‘TORQVET
814 2112 894 2151 QVI
927 2112 961 2143 s.
993 2113 1040 2143 M.
1071 2104 1147 2143 aut
1176 2100 1376 2157 sustinet,
1407 2103 1482 2143 aut
1510 2103 1615 2143 nutu
1645 2114 1718 2143 suo
1748 2101 1873 2157 regit.

438 2172 506 2214 93.
557 2183 650 2222 QVO
689 2183 813 2213 FATA
851 2184 1019 2221 TRAHIS
1062 2172 1251 2215 ostendit
1291 2172 1383 2214 fata
1418 2187 1546 2227 posse
1585 2172 1858 2227 aliquatenus
1898 2172 2025 2228 trahi,

318 2259 406 2286 non
442 2246 588 2285 tamen
628 2257 941 2299 usquequaque.
1002 2244 1103 2286 hine
1141 2243 1255 2285 enim
1293 2243 1397 2286 dicit
1435 2242 1574 2299 ‘quo'‚
1618 2243 1660 2284 id
1700 2245 1766 2285 est
1805 2242 1858 2284 ad
1896 2258 2024 2298 quam

318 2330 421 2357 rem.
542 2326 670 2357 PETIS
703 2326 818 2358 ISTIS
856 2315 900 2357 id
937 2317 1004 2357 est
1039 2331 1119 2371 pro
1156 2315 1272 2371 istis3
1308 2330 1409 2357 nam
1450 2314 1510 2357 sic
1542 2314 1723 2356 dicimus
1756 2314 1877 2369 ‘peto
1909 2313 2024 2370 tibi',

318 2386 362 2428 id
395 2389 460 2428 est
491 2401 569 2441 pro
601 2388 658 2428 te.
718 2390 793 2428 aut
822 2385 955 2429 ‘istis'
988 2390 1129 2429 utrum
1151 2387 1360 2441 precibus,
1391 2400 1449 2428 an
1479 2386 1681 2428 navibus?

247 2465 293 2497 30
438 2456 506 2499 95.
557 2468 642 2500 FAS
668 2469 885 2500 HABEANT
918 2457 1002 2514 ius3
1034 2473 1113 2500 nec
1144 2457 1259 2500 enim
1290 2459 1472 2513 possunt
1498 2460 1673 2499 aeterna
1705 2472 1797 2500 esse
1829 2472 1936 2512 quae
1969 2452 2047 2500 ab'

318 2527 566 2570 hominibus
599 2528 714 2570 facta
746 2530 864 2571 sunt:
902 2528 1111 2571 Horatius
1152 2529 1391 2571 debemur
1423 2529 1576 2571 morti
1607 2543 1697 2571 nos
1730 2530 2024 2584 nostraque.

318 2613 418 2640 nam
451 2597 563 2642 sicut
595 2599 730 2654 animi
760 2599 878 2642 facta
909 2600 1159 2642 inmortalia
1192 2603 1309 2656 sunt,
1341 2601 1403 2642 ita
1431 2600 1624 2655 corporis
1655 2602 1853 2655 pereunt:
1886 2599 2020 2642 Sallu-

340 2788 358 2822 s
390 2744 436 2822 Ι5
461 2739 641 2823 Ρξῃίἑιω]
668 2740 743 2776 nat.
770 2739 856 2776 hist.
881 2739 967 2775 XVI
993 2743 1012 2783 ξ
1034 2743 1078 2775 38
1095 2751 1175 2785 sqq.
1195 2741 1207 2786 ΙΙ
1239 2744 1282 2775 31
1309 2739 1503 2787 Horatius]
1531 2751 1563 2776 a.
1583 2753 1618 2786 p.
1640 2744 1684 2776 63
1703 2741 1716 2786 ΙΙ
1735 2744 1779 2776 32
1806 2740 2022 2787 Sallustius]

319 2800 338 2823 c
356 2816 364 2824 .
408 2799 469 2833 ug.
521 2817 530 2833 ,

416 2921 434 2952 1
462 2917 551 2952 addi
576 2917 615 2952 F
643 2919 654 2964 ΙΙ
693 2923 713 2953 3
739 2917 871 2964 petura
897 2916 938 2953 F
964 2918 976 2964 ΙΙ
1014 2922 1033 2953 7
1060 2918 1184 2953 acerte
1210 2918 1255 2953 H
1278 2919 1290 2965 ΙΙ
1327 2923 1348 2954 8
1373 2918 1482 2964 pinus
1508 2918 1549 2953 F
1577 2919 1623 2962 ef.
1649 2917 1751 2953 Neue
1775 2916 1960 2956 Formenl.
1986 2917 2021 2952 1²

315 2976 353 3010 p.
381 2966 481 3010 51511
510 2969 531 3000 9
559 2976 643 3000 eum
670 2992 677 2999 .
699 2993 707 3000 .
728 2970 741 3001 .’
763 2965 888 3001 trabes
913 2965 1033 3001 Servii
1056 2966 1143 3001 su'nt
1161 2967 1172 3012 {l
1197 2965 1339 3013 trabes]
1365 2977 1440 3001 non
1466 2965 1540 3001 dici
1565 2965 1650 3001 add.
1678 2965 1738 3008 M,
1762 2975 1837 2999 non
1862 2965 1946 3001 add.
1973 2966 1986 3000 l
2010 2965 2019 3011 J}

321 3016 364 3047 10
391 3013 538 3059 caesae]
565 3012 639 3047 sint
662 3013 770 3060 vulyo
796 3013 949 3048 additur
966 3014 979 3058 ΙΙ
1004 3013 1042 3048 et
1068 3013 1131 3048 diu
1157 3013 1386 3058 compositae
1413 3014 1425 3048 l
1449 3014 1461 3059 ΙΙ
1494 3017 1535 3047 11
1563 3011 1749 3058 genitivus
1775 3012 1930 3047 Daniel:
1957 3013 2021 3048 sed

319 3060 469 3095 datiuus
495 3060 535 3095 F
551 3061 563 3105 ss
593 3063 635 3095 17
661 3060 908 3105 prosperitate
932 3060 968 3095 L
1003 3060 1263 3106 prosperitatis
1289 3062 1331 3106 ΖΙΙ
1359 3064 1401 3095 19
1427 3061 1478 3096 ad
1501 3072 1612 3095 »mrvs
1637 3070 1737 3104 supr.
1763 3070 1851 3096 vers.
1879 3059 2022 3095 scilicet

318 3118 422 3143 meos
451 3107 485 3142 T
507 3108 519 3154 ΙΙ
544 3110 590 3142 24
616 3107 704 3143 dare
730 3108 770 3142 F
786 3109 798 3154 ΙΙ
823 3106 1009 3143 commodi
1035 3107 1078 3143 G.
1117 3109 1201 3151 fort.
1228 3108 1381 3143 verbum
1407 3107 1453 3142 de
1479 3107 1622 3152 origine
1648 3106 1895 3142 animantium
1921 3118 2021 3143 com-

318 3155 487 3190 modavit
504 3155 517 3200 ΙΙ
535 3158 580 3190 25
607 3154 705 3200 regit
730 3167 795 3191 orn.
815 3156 851 3190 L
869 3156 881 3202 ΙΙ
899 3158 945 3191 26
971 3167 1087 3190 ‘rmms
1114 3155 1159 3190 H
1185 3167 1298 3190 vocAs
1318 3166 1442 3190 'rums
1464 3154 1505 3190 F
1519 3155 1531 3201 ΙΙ
1550 3158 1594 3189 29
1619 3153 1701 3190 istis
1719 3155 1846 3189 utrum
1865 3155 2019 3190 Daniel:

319 3201 426 3237 sistis*
445 3203 643 3247 utrumque
668 3202 709 3237 F
736 3204 748 3249 Η
785 3207 828 3238 31
856 3214 923 3238 nos
949 3214 1015 3239 om.
1041 3202 1216 3238 ARLH
1238 3203 1337 3247 (add.
1364 3203 1391 3248 l)
1421 3203 1433 3248 ss
1463 3206 1508 3237 32
1535 3201 1679 3238 animae
1706 3201 1800 3237 LM
1828 3203 1840 3247 ΙΙ
1870 3201 1925 3237 ita.
1950 3229 1958 3238 .
1981 3227 1988 3236 .
2008 3229 2016 3237 .

318 3249 535 3286 inmortalia
559 3250 646 3285 sunt
669 3260 735 3286 om.
762 3250 846 3285 LH
870 3251 969 3296 (add.
996 3251 1022 3296 l)
