2124 3600
502 247 652 283 COMM.
679 247 731 283 IN
756 246 899 282 VERG.
928 245 1039 280 AEN.
1068 244 1117 280 VI
1145 248 1342 280 660-669,
1727 243 1784 284 93

74 359 161 399 iam
193 358 308 400 coire
339 372 419 399 nec
450 359 662 412 poterant.
714 356 819 398 dicit
844 369 947 411 ergo
976 370 1048 397 eos
1075 353 1339 408 sacerdotes,
1371 353 1444 408 qui
1476 353 1585 395 casti
1610 353 1786 395 fuerunt

73 429 204 470 etiam
237 430 336 470 ante
369 443 493 471 sacra
525 430 738 483 suscepta.

192 499 291 541 662.
340 512 404 541 1>11
436 511 585 541 VATEs
619 499 925 550 vaticinantes,
956 512 1039 540 non
1070 498 1292 539 mendaces.
1415 507 1604 538 PHOEsso
1637 507 1786 538 DIGNA

74 581 247 613 Locv'rl
285 570 478 622 veridici,
520 570 593 625 qui
631 570 739 612 talia
775 570 1083 625 loquebantur,
1124 567 1270 623 qualia
1308 567 1486 609 decebat
1524 567 1787 621 Apollinem.

74 641 199 683 multi
232 641 346 683 enim
378 641 717 695 mentiebantur,
748 643 796 682 ut
826 641 871 682 in
904 640 1077 682 Lucano
1109 638 1327 693 Phoebas,
1371 638 1424 680 ad
1457 653 1586 693 quam
1619 638 1786 692 Appius

77 710 283 754 Claudius
317 711 387 767 <V
423 712 534 767 158>
569 715 617 755 et
648 712 799 754 nobis
833 712 979 754 dabis
1018 710 1242 766 inproba
1278 724 1470 765 poenas
1503 712 1553 751 et
1585 710 1787 764 superis

75 798 201 839 quos
233 783 398 840 fingis
432 784 516 825 ait.

194 855 293 896 663.
342 866 576 897 INVENTAS
617 867 709 898 Av'r
754 867 836 906 QVI
881 866 1026 897 v1TAM
1066 864 1348 896 EXCOLVERE
1390 864 1481 894 PER
1521 862 1670 893 ARTEs
1715 851 1789 906 qui

76 925 322 968 erudierunt
348 928 391 968 et
418 929 681 968 ornaverunt
700 927 836 969 vitam
861 941 939 981 per
963 926 1142 968 inventa
1168 924 1363 967 artificia.
1405 923 1624 979 significat
1644 925 1789 964 autem

75 997 378 1053 philosophos,
409 998 482 1051 qui
511 998 674 1051 aliquid
702 998 1042 1052 excoyitaverunt,
1073 998 1180 1039 unde
1210 997 1296 1038 vita
1326 996 1531 1038 coleretur.

195 1068 294 1111 664.
344 1079 518 1119 QVIQVE
553 1080 625 1111 SVI
655 1081 876 1112 MEMOREs
908 1080 1110 1120 AL1Qvos
1142 1079 1322 1110 FECERE
1361 1078 1590 1109 MEEENDo
1634 1069 1678 1108 et
1717 1066 1790 1122 qui

78 1139 245 1195 aliquos
288 1139 354 1181 sui
395 1154 607 1182 memores
650 1140 789 1182 fecere
832 1139 1110 1195 praestando,
1154 1141 1203 1180 ut
1241 1137 1334 1192 <IV
1366 1138 1483 1191 334>
1521 1152 1790 1192 numquam

75 1211 256 1267 regina
287 1210 488 1266 negabo
524 1211 876 1266 promeritam,
910 1210 953 1252 id
986 1213 1052 1252 est
1083 1209 1365 1266 praestitisse.
1421 1208 1646 1250 Terentius
1680 1222 1791 1264 ego,

78 1281 318 1335 Charine,
351 1282 650 1336 neutiquam
676 1282 905 1335 officium
931 1281 1088 1323 liberi
1115 1295 1226 1323 esse
1252 1280 1476 1322 hominis
1506 1282 1650 1334 puto,
1683 1295 1791 1321 cum

76 1354 120 1395 is
151 1353 284 1395 nihil
316 1355 529 1407 mereat,
561 1353 833 1408 postulare
865 1353 914 1395 id
947 1353 1149 1408 gratiae
1181 1352 1303 1407 poni
1336 1352 1447 1394 sibi.

1818 1006 1860 1035 10

1821 1362 1863 1392 15

199 1424 296 1467 665.
347 1436 491 1467 NIVEA
512 1435 784 1467 CINGVNTVR
803 1436 1023 1466 TEMPORA
1050 1438 1128 1479 per
1147 1423 1261 1479 quod
1281 1438 1354 1465 eos
1375 1422 1567 1465 ostendit
1587 1422 1793 1464 meruisse
1824 1477 1835 1488 ·

79 1495 247 1538 divinos
280 1495 484 1551 honores,
516 1498 564 1538 ut
595 1495 780 1538 diximus
814 1510 946 1551 supra
978 1494 1137 1550 (648).

201 1567 299 1610 667.
349 1578 572 1611 MVSAEVM
604 1579 726 1609 ANTE
755 1578 911 1610 OMNES
943 1566 1174 1621 theologus
1206 1565 1290 1608 fuit
1321 1566 1402 1607 iste
1433 1568 1535 1621 post
1562 1564 1794 1620 Orpheum.

83 1641 125 1681 et
157 1641 257 1681 sunt
289 1639 433 1682 variae
465 1639 516 1681 de
554 1639 637 1681 11οο
676 1639 918 1694 opiniones:
958 1653 1059 1680 nam
1098 1652 1196 1680 eum
1235 1638 1309 1679 alii
1341 1636 1488 1678 Lunae
1525 1637 1682 1692 filium,
1721 1637 1795 1679 alii

82 1708 244 1765 Orphei
275 1711 442 1766 volunt,
475 1710 594 1753 cuius
628 1725 725 1752 eum
758 1712 929 1753 constat
960 1710 1094 1752 fuisse
1128 1709 1404 1764 discipulum:
1437 1724 1538 1750 nam
1569 1709 1621 1750 ad
1654 1709 1794 1763 ipsum

82 1781 269 1837 primum
303 1795 474 1823 carmen
507 1781 698 1836 scripsit,
731 1781 844 1836 quod
877 1781 1122 1836 appellatur
1152 1783 1308 1822 crater.

204 1853 301 1895 668.
353 1863 527 1895 VMERIS
560 1864 812 1894 EXTANTEM
845 1852 969 1907 quasi
1000 1851 1327 1907 philosophum,
1360 1866 1408 1893 ac
1441 1851 1477 1893 si
1510 1851 1670 1893 diceret
1699 1851 1797 1893 Pla-

84 1926 248 1965 tonem:
281 1922 450 1965 adludit
480 1923 591 1964 enim
625 1924 767 1978 poeta.
816 1936 1001 1977 namque
1032 1922 1158 1965 Plato
1193 1922 1247 1964 ab
1281 1937 1527 1965 umerorum
1559 1923 1699 1964 dictus
1732 1926 1799 1964 est

85 1994 324 2037 latitudine.
381 1994 549 2036 athleta
582 1993 695 2035 enim
726 1993 826 2049 fuit,
859 1994 931 2048 qui
963 1996 1063 2048 post
1095 1994 1286 2036 omnium
1318 1994 1548 2036 victoriam
1582 2008 1626 2035 se
1659 1993 1796 2048 philo-

87 2065 265 2121 sophiae
298 2064 426 2107 dedit.

207 2136 305 2179 669.
355 2148 511 2186 TVQVE
549 2147 722 2178 OPTIME
760 2148 907 2179 VATES
947 2136 1047 2191 quia
1083 2135 1312 2192 theologus
1349 2136 1445 2178 fuit.
1507 2138 1550 2177 et
1581 2135 1799 2177 sciendum

86 2208 168 2251 1100
205 2208 301 2251 1000
340 2207 554 2263 Sibyllam
593 2207 679 2249 iam
720 2223 744 2249 a
781 2208 957 2250 numine
1003 2207 1270 2262 derelictam3
1316 2207 1426 2249 unde
1465 2210 1508 2248 et
1547 2207 1800 2262 interrogat,

89 2279 202 2334 quod
235 2279 342 2321 alias
374 2293 462 2321 non
496 2278 667 2321 faceret.

187 2400 230 2431 13
256 2395 470 2442 Terentius]
497 2395 610 2430 Andr.
637 2395 671 2429 ll
699 2399 729 2440 1,
757 2399 802 2431 30
829 2396 874 2430 cf.
902 2368 995 2433 Don.
1022 2396 1068 2431 ad
1095 2396 1193 2431 hune
1219 2407 1313 2431 vers.
1341 2398 1379 2431 et
1404 2396 1451 2431 ad
1480 2407 1560 2431 eun.
1590 2395 1640 2430 III
1666 2400 1698 2439 2,
1726 2400 1746 2430 5

190 2501 327 2555 liam]
354 2501 469 2537 etiam
495 2502 535 2536 F
563 2503 575 2548 ΙΙ
611 2514 679 2538 1100
706 2513 766 2547 10
758 2503 879 2537 erant
905 2501 1004 2537 coire
1035 2501 1142 2547 FC„
1129 2503 1263 2549 111100]
1290 2514 1364 2537 11011
1390 2502 1480 2537 ΕΜ
1506 2503 1542 2547 ΙΙ
1532 2502 1705 2537 ··fue1ant
1730 2502 1769 2537 F
1787 2502 1799 2549 Η

92 2554 115 2584 4
141 2548 314 2585 ueredica
339 2549 375 2584 R
413 2551 479 2585 aut
502 2549 643 2585 ueridit‘:
672 2549 711 2584 F
726 2552 738 2595 ΙΙ
758 2550 917 2585 decebat
936 2549 1009 2584 AS
1017 2550 1078 2584 M
1108 2550 1290 2584 decebant
1310 2550 1346 2585 R
1384 2549 1560 2585 dicebant
1580 2550 1622 2584 H
1652 2549 1803 2585 dicebat

91 2595 171 2633 FC'
186 2598 197 2643 ΙΙ
217 2601 237 2631 5
264 2598 306 2632 ut
330 2597 368 2632 in
394 2608 460 2632 om.
482 2597 522 2632 Η
540 2598 553 2643 ΙΙ
572 2601 592 2633 6
619 2597 725 2632 dabit
743 2598 816 2638 AS
834 2598 846 2642 ΙΙ
866 2602 885 2632 9
914 2597 1153 2632 erudiuerunt
1180 2596 1210 2632 G
1225 2600 1237 2643 ΙΙ
1259 2601 1297 2631 1-1
1329 2609 1455 2636 Qvn‘PE
1483 2610 1538 2633 sv1
1564 2598 1608 2632 H
1622 2599 1635 2642 ΙΙ
1653 2609 1802 2637 ALIQVOS

93 2645 243 2681 Servius
269 2644 392 2691 legisse
416 2645 560 2681 videtur
578 2648 731 2690 propter
756 2656 797 2680 ea
823 2656 914 2689 quae
939 2648 1140 2689 Mequuntw
1164 2658 1196 2679 A.
1225 2644 1301 2679 AO
1334 2656 1436 2679 Amos
1463 2645 1575 2687 HM,
1612 2656 1629 2680 e
1653 2645 1804 2689 reliquis

91 2692 188 2728 nihil
214 2693 357 2727 enotavi
381 2692 394 2737 ΙΙ
426 2695 469 2726 12
497 2692 553 2726 sui
579 2702 760 2727 memores
787 2692 933 2746 aliquos
960 2691 1009 2726 M
1022 2693 1035 2737 ΙΙ
1059 2694 1294 2736 praestantes
1322 2692 1362 2727 F
1377 2694 1388 2737 ΙΙ
1413 2672 1655 2738 praestahdo]
1683 2692 1721 2727 id
1747 2694 1804 2727 est

93 2739 313 2775 beneficium
349 2739 470 2774 dando
504 2739 735 2783 reliquerunt
767 2739 823 2774 sui
854 2739 952 2784 apud
986 2739 1166 2783 quosdam
1199 2739 1418 2774 memoriam
1452 2740 1537 2774 add.
1564 2739 1769 2775 Masviczus
1793 2739 1804 2786 Η

94 2787 317 2833 numquam]
343 2797 464 2831 neque
490 2786 535 2821 H
549 2787 562 2831 ΙΙ
579 2797 783 2832 numquam
809 2786 954 2840 regina]
981 2786 1095 2821 etiam
1120 2787 1248 2832 regina
1274 2798 1386 2831 quam
1414 2786 1444 2822 0
1459 2788 1472 2832 ss
1495 2791 1536 2821 13
1562 2786 1803 2831 pei-meritam

96 2834 125 2869 S
142 2835 155 2879 ΙΙ
179 2834 217 2869 id
244 2835 300 2869 est
325 2833 544 2879 praeterisse
571 2833 611 2868 F
633 2834 645 2879 ΙΙ
679 2838 721 2869 14
748 2833 871 2868 carine
898 2833 1079 2869 HMFO
1095 2835 1107 2880 ΙΙ
1135 2834 1303 2870 homines
1328 2835 1362 2869 A
1383 2835 1395 2879 ΙΙ
1420 2836 1513 2879 puta
1537 2833 1574 2868 R
1598 2835 1610 2879 ΙΙ
1635 2845 1719 2869 cum
1745 2834 1803 2869 his

94 2881 181 2916 RF
215 2893 299 2917 eum
325 2881 383 2916 his
409 2881 452 2915 H
479 2881 492 2926 ΙΙ
530 2884 573 2915 15
599 2882 742 2916 mereat
774 2881 860 2916 libri
885 2885 1096 2926 promereat
1120 2883 1227 2926 vulyo
1256 2883 1267 2927 ΙΙ
1303 2882 1394 2926 poni
1420 2881 1611 2916 ASHM:
1645 2892 1742 2927 pone
1767 2881 1804 2916 R

95 2928 220 2974 possui
240 2929 280 2963 F
314 2941 348 2974 p.
373 2928 403 2963 G
438 2928 579 2973 apponi
603 2929 709 2973 vulyo
728 2929 739 2974 ΙΙ
762 2933 803 2963 16
831 2939 892 2963 eos
918 2939 985 2963 om.
1008 2927 1039 2963 Ο
1053 2930 1065 2975 ΙΙ
1088 2932 1130 2964 18
1157 2941 1261 2963 cums
1285 2927 1362 2963 FO
1378 2930 1389 2974 ΙΙ
1409 2939 1581 2963 musaeus
1607 2929 1804 2974 theologus

96 2976 146 3011 M
159 2977 172 3021 ΙΙ
190 2976 261 3011 iste
281 2986 348 3011 om.
365 2976 410 3010 M
416 2976 445 3011 Ο
461 2978 473 3021 ss
494 2979 537 3010 19
558 2975 603 3010 de
618 2975 689 3010 hoc
702 2976 827 3011 uariae
842 2975 881 3010 Γ
889 2974 919 3010 0
935 2977 947 3021 ΙΙ
965 2976 1035 3011 hac
1048 2976 1121 3012 AS
1139 2977 1245 3022 (cor.r
1262 2979 1299 3019 a)
1317 2976 1330 3020 ΙΙ
1349 2975 1450 3021 eum]
1473 2987 1555 3011 cum
1570 2975 1607 3011 R
1626 2978 1638 3021 fl
1657 2975 1803 3020 Lunae]

97 3023 328 3067 endymionis
349 3024 432 3058 add
449 3022 489 3057 F
523 3022 607 3057 Lini
627 3022 829 3058 Fabricius
847 3024 859 3067 ss
879 3027 923 3058 20
950 3023 1058 3069 orphi
1077 3024 1122 3058 H
1155 3025 1296 3058 orfeum
1317 3023 1357 3058 Γ
1363 3023 1392 3058 0
1408 3025 1421 3068 ΙΙ
1440 3022 1557 3068 discip
1560 3022 1664 3058 ulum
1690 3023 1804 3057 fuisse

99 3072 246 3105 constat
272 3071 321 3105 M
343 3071 356 3115 ΙΙ
383 3074 426 3105 21
457 3069 555 3115 quod
582 3070 744 3123 cratersss
770 3069 980 3116 appellauit
1004 3070 1054 3105 M
1087 3072 1247 3117 (cratera
1272 3070 1360 3114 fuit)
1387 3072 1432 3114 cf.
1459 3070 1599 3106 Lobeck
1623 3071 1657 3104 A
1660 3070 1802 3114 Jlaoph

95 3128 135 3160 p.
162 3121 231 3152 375
250 3128 299 3162 sq
325 3118 338 3163 u
368 3121 414 3152 24
442 3116 658 3163 latitudine]
686 3128 796 3162 quam
822 3118 946 3163 graeci
971 3115 1109 3158 πλάτος
1136 3118 1274 3152 uocant
1299 3118 1382 3152 add.
1410 3117 1448 3152 D
1467 3118 1479 3162 ΙΙ
1506 3128 1652 3151 omnem
1681 3116 1711 3150 Ο
1727 3118 1738 3161 ΙΙ
1766 3126 1804 3150 se

102 3174 167 3199 om.
185 3163 252 3209 Fu
270 3167 316 3199 28
341 3164 497 3211 faceret]
526 3164 650 3200 facere
672 3164 719 3199 F.
758 3165 857 3209 quod
882 3165 1034 3210 ponitur
1058 3175 1126 3210 pro
1146 3164 1291 3199 ratione
1312 3164 1410 3209 quod
1431 3176 1458 3199 0
1452 3176 1535 3199 isus
1557 3163 1804 3199 declinatione

101 3211 204 3246 caret
227 3211 312 3247 add.
340 3211 387 3246 M
412 3212 492 3257 (dez.
518 3213 579 3258 m).
618 3211 664 3256 cf.
691 3212 740 3247 ad
759 3223 848 3258 paq.
875 3216 932 3257 94,
959 3216 979 3247 7

1822 1718 1867 1749 20

1824 2075 1869 2105 25
