2092 3614
223 1034 265 1066 10

219 1393 263 1424 15

185 1750 262 1782 ’20

290 272 376 314 588
1062 270 1223 306 SERVII

290 381 402 424 sicut
431 381 564 423 robur
595 395 719 423 omne
752 380 932 436 lignum,
965 395 1060 423 cum
1094 381 1151 422 sit
1183 382 1225 422 et
1250 379 1427 436 species.
1518 391 1798 431 FONTEMQVE
1824 390 1990 421 IGNEM-

290 465 380 504 QVE
411 464 655 495 FEREBANT
693 451 889 494 ‘fontem'
922 466 1001 507 pro
1035 466 1147 507 aqua
1177 451 1347 507 posuit,
1380 465 1405 493 a
1436 452 1530 493 toto
1562 452 1743 506 partem.
1805 465 1908 493 sane
1940 445 1994 492 ad

292 524 487 567 facienda
519 523 692 567 foedera
717 537 872 578 semper
898 538 1008 578 aqua
1035 525 1078 565 et
1103 523 1218 579 ignis
1246 522 1523 577 adhibentur3
1556 522 1665 565 unde
1686 524 1861 564 econtra
1887 515 1993 577 quOs

291 610 435 638 arcere
467 596 667 638 volumus
701 610 726 637 a
757 597 907 637 nostro
941 595 1170 649 consortio,
1204 594 1263 636 eis
1292 609 1404 649 aqua
1429 596 1471 635 et
1496 594 1588 650 igni
1614 593 1921 648 interdicimus,
1950 593 1994 635 id

290 670 356 709 est
386 667 526 723 rebus,
558 667 714 723 quibus
747 666 967 709 consortia
998 667 1264 722 copulantur.
1313 666 1370 708 ad
1398 665 1495 708 haec
1527 668 1662 708 autem
1691 665 1855 718 foedera
1885 678 1996 719 aqua

290 739 338 781 de
368 739 488 781 certis
516 739 698 792 fontibus
720 739 809 793 peti
838 738 947 781 solet.
2004 747 2006 749 ·

413 811 508 854 120.
553 804 733 853 ινΕΙΛΤΙ
770 821 881 852 LINO
924 810 1042 864 atqui
1081 809 1252 852 fetiales
1291 812 1334 852 et
1371 811 1495 864 pater
1525 810 1741 863 patratus,
1779 822 1854 863 per
1888 822 1994 863 quos

290 882 405 924 bella
432 882 498 925 vel
524 882 699 924 foedera
725 881 1102 937 confirmabantur,
1126 896 1360 937 numquam
1387 881 1620 922 utebantur
1643 880 1836 922 vestibus
1857 880 1994 923 lineis.

290 954 388 996 adeo
419 956 555 996 autem
586 968 613 995 a
635 953 824 996 Romano
848 953 935 995 ritu
960 953 1143 995 alienam
1167 955 1236 1007 est,
1266 956 1323 1007 at,
1354 966 1446 995 cum
1470 952 1685 1006 flaminica
1709 954 1809 993 esset
1832 951 1996 993 inventa

292 1026 474 1068 tunicam
500 1025 664 1068 laneam
690 1025 774 1067 lino
799 1024 987 1067 habuisse
1011 1027 1234 1076 consutam,
1265 1025 1509 1067 constitisset
1532 1023 1578 1065 ob
1603 1037 1693 1065 eam
1717 1036 1886 1065 causam
1903 1024 1998 1076 pia·

292 1097 428 1139 culam
460 1110 542 1139 esse
571 1098 842 1139 commissum.
892 1096 1004 1138 unde
1038 1095 1227 1138 dicemus
1261 1110 1404 1138 errore
1435 1095 1609 1150 factum,
1640 1096 1690 1136 ut
1719 1094 1833 1136 linea
1864 1093 1996 1137 vestis

293 1170 445 1211 contra
477 1182 640 1210 morem
673 1168 947 1210 adhiberetur
979 1167 1031 1209 ad
1062 1166 1248 1223 foedera,
1281 1182 1389 1224 quae
1421 1167 1545 1209 firma
1575 1166 1721 1208 futura
1749 1180 1836 1208 non
1863 1167 1996 1208 erant.

293 1239 449 1283 scimus
484 1239 599 1282 enim
630 1240 712 1283 hoc
744 1240 900 1295 ubique
934 1254 1102 1282 servare
1135 1238 1395 1295 Vergilium,
1426 1241 1475 1281 ut
1505 1239 1652 1293 rebus,
1684 1237 1835 1294 quibus
1869 1236 1996 1279 dene-

292 1313 473 1367 gaturus
507 1314 572 1353 est
603 1312 776 1367 exitum,
809 1311 880 1353 det
913 1311 1044 1353 etiam
1070 1310 1243 1353 infirma
1268 1311 1490 1366 principia.
1536 1310 1597 1352 810
1622 1310 1666 1352 111
1687 1308 1870 1351 Thracia
1895 1308 1996 1351 civi-

291 1385 427 1426 tatem
460 1383 647 1426 condens
681 1383 849 1426 Aeneas
882 1382 976 1437 <III
998 1383 1093 1438 16>,
1125 1397 1251 1438 quam
1284 1398 1383 1425 mox
1414 1382 1553 1424 fuerat
1577 1381 1816 1436 relicturus,
1848 1381 1997 1423 contra

290 1469 452 1498 morem
486 1455 581 1498 Iovi
623 1455 674 1497 de
711 1458 836 1498 tauro
879 1453 1146 1497 sacrificavit.
1209 1454 1269 1496 sic
1302 1455 1498 1496 senatum
1531 1453 1583 1495 ad
1615 1452 1785 1508 privata
1816 1451 1995 1495 Latinus

290 1530 501 1570 convocat
532 1529 648 1570 tecta
675 1526 766 1582 <XI
787 1527 914 1581 234>‚
948 1525 1119 1581 quando
1153 1525 1243 1567 eius
1275 1540 1361 1567 non
1394 1527 1520 1567 erunt
1551 1525 1673 1566 firma
1700 1523 1891 1567 consilia.
1936 1523 1996 1566 sic

288 1598 418 1653 paulo
469 1600 569 1654 post
619 1597 731 1653 <XII
774 1598 890 1653 247>
939 1598 983 1639 in
1030 1597 1209 1653 augurio
1258 1597 1466 1639 liberatus
1518 1611 1676 1652 cycnus
1725 1596 1769 1637 in
1819 1594 1996 1637 fluvium

290 1670 488 1726 concidit,
521 1670 623 1726 quia
655 1669 847 1712 Turnum
882 1668 1045 1724 Rutuli,
1078 1669 1179 1711 licet
1210 1671 1338 1724 rupto
1370 1668 1554 1724 foedere,
1587 1668 1769 1710 liberare
1802 1681 1889 1710 non
1919 1681 1996 1725 po-

289 1743 448 1784 terunt.
511 1740 650 1797 Caper
694 1744 840 1783 tamen
879 1743 922 1783 et
961 1740 1162 1797 Hyginus
1201 1740 1283 1783 hoc
1321 1741 1414 1783 loco
1453 1740 1600 1782 dicunt
1637 1739 1865 1782 lectionem
1904 1753 1996 1781 esse

290 1816 558 1869 corruptam:
602 1828 703 1855 nam
737 1812 980 1868 Vergilium
1019 1813 1082 1855 ita
1118 1812 1347 1867 reliquisse
1386 1812 1642 1854 confirmant
1678 1810 1826 1853 ‘velati
1862 1809 1996 1853 limo'.

291 1884 421 1926 limus
461 1887 607 1926 autem
645 1886 710 1926 est
748 1885 899 1939 vestis,
938 1899 1021 1940 qua
1053 1884 1107 1926 ab
1139 1884 1344 1926 umbilico
1377 1898 1510 1939 usque
1544 1883 1595 1926 ad
1627 1882 1756 1939 pedes
1781 1895 1909 1937 prope
1937 1884 1997 1924 te-

291 1958 452 2012 guntur
484 1955 683 2011 pudenda
714 1971 936 2012 poparum.
985 1955 1091 1997 11300
1124 1958 1268 1997 autem
1299 1956 1433 1998 vestis
1466 1955 1599 1998 habet
1630 1954 1674 1996 in
1707 1955 1897 1997 extremo
1930 1954 1997 1996 sui

384 2114 404 2145 2
432 2088 519 2145 sane
547 2139 556 2147 .
578 2137 585 2144 .
609 2138 616 2145 .
643 2109 879 2156 copulantur]
907 2109 951 2145 cf.
979 2108 1064 2144 Isid.
1092 2121 1141 2144 or.
1169 2107 1256 2143 XIII
1284 2111 1337 2153 12,
1364 2109 1416 2153 211
1455 2112 1498 2143 22
1526 2107 1634 2143 11111118
1659 2109 1784 2143 autem
1812 2136 1818 2143 .
1841 2135 1848 2143 .
1871 2135 1878 2143 .
1905 2106 1997 2143 obli-

289 2169 404 2203 quum
430 2157 603 2204 dicimus]
632 2168 744 2193 exscr.
774 2157 860 2193 Isid.
888 2168 939 2195 or.
960 2157 1051 2205 JHX
1078 2161 1141 2201 22,
1168 2160 1213 2191 26

387 2305 404 2335 1
433 2301 543 2337 robor
570 2300 732 2336 ASRF
770 2301 881 2336 rubor
907 2300 952 2335 H
980 2302 991 2347 ΙΙ
1028 2304 1048 2334 3
1075 2300 1189 2346 aqua]
1220 2301 1258 2334 et
1282 2309 1381 2345 aqua
1405 2299 1442 2334 R
1473 2301 1484 2345 ΙΙ
1515 2299 1667 2335 econtra
1690 2298 1744 2334 R:
1771 2298 1902 2333 eontra
1925 2296 1999 2333 AS

288 2347 514 2384 haeccontra
538 2349 583 2383 H
617 2350 655 2384 et
675 2348 716 2383 F
730 2350 742 2394 ΙΙ
761 2352 783 2383 4
810 2361 831 2383 a
856 2349 984 2391 nostra
1010 2346 1199 2383 consortia
1218 2346 1259 2381 F
1274 2348 1286 2393 ΙΙ
1305 2348 1383 2382 01118
1404 2347 1444 2382 H
1462 2348 1474 2393 Η
1493 2358 1629 2392 aquam
1648 2346 1737 2381 RH
1750 2347 1762 2392 n
1780 2345 1905 2390 ignem
1925 2344 1962 2379 R
1985 2343 1998 2392 ΙΙ

290 2399 312 2431 5
337 2407 395 2431 108
421 2396 458 2431 R
495 2397 621 2431 trebus
643 2396 686 2431 H
701 2397 712 2442 ΙΙ
732 2395 916 2431 consortio
939 2396 976 2430 F
992 2397 1004 2441 ss
1024 2396 1072 2430 ced
1098 2407 1170 2430 ,1111
1197 2408 1227 2430 1³.
1248 2408 1271 2430 1.
1294 2409 1325 2430 F.
1352 2406 1378 2430 s.
1400 2406 1430 2429 v.
1459 2395 1506 2430 ad
1532 2396 1623 2430 haec
1649 2394 1799 2429 foedera
1825 2391 1998 2427 facienda

290 2443 336 2478 de
363 2444 474 2478 certis
501 2443 667 2479 fontibus
695 2455 791 2489 aqua
816 2443 1015 2488 petebatur
1043 2443 1101 2488 ΤΙΙ
1120 2442 1271 2477 foedera
1296 2453 1361 2477 om.
1389 2442 1430 2477 F
1444 2443 1456 2487 ΙΙ
1485 2446 1506 2477 6
1532 2441 1663 2478 ceteris
1689 2442 1728 2476 F
1745 2443 1756 2488 ΙΙ
1776 2440 1897 2476 solent
1925 2440 1961 2475 F
1985 2439 1998 2487 Η

290 2495 311 2526 9
337 2492 387 2526 ad
412 2502 445 2526 v.
472 2495 540 2526 120
565 2491 604 2526 in
628 2491 775 2526 tantum
809 2494 889 2526 erat
915 2501 937 2525 a
962 2501 1198 2526 romanorum
1229 2489 1362 2524 ritibus
1394 2489 1558 2524 alienum
1589 2488 1665 2524 lino
1696 2500 1771 2524 non
1797 2488 1878 2534 (del.
1903 2488 1992 2534 non)

289 2538 347 2573 uti
383 2538 576 2573 fetialibus
613 2541 656 2573 ut
688 2549 770 2573 cum
805 2537 991 2573 flaminica
1023 2540 1121 2572 esset
1151 2537 1304 2572 inuenta
1334 2537 1500 2572 tunicam
1532 2537 1676 2572 laneam
1709 2536 1883 2571 habuisse
1916 2534 1992 2571 lino

290 2587 484 2621 consutam
511 2585 557 2621 ob
584 2596 664 2621 eam
692 2596 842 2620 causam
875 2584 1020 2620 dicatur
1052 2584 1239 2630 piaculum
1266 2595 1346 2619 esse
1373 2584 1607 2619 commissum
1634 2610 1640 2618 .
1668 2583 1733 2619 alii
1758 2585 1882 2619 autem
1907 2581 1993 2619 ideo

290 2633 400 2668 lineis
431 2633 565 2669 uolunt
596 2634 634 2677 (i.
662 2644 689 2668 e.
718 2633 803 2668 ‘alii
828 2633 954 2668 volunt
978 2633 1057 2667 ideo
1091 2632 1290 2678 Veryz'lium
1322 2633 1429 2667 limis
1458 2642 1542 2667 asos
1567 2643 1638 2667 esse
1662 2632 1798 2667 dixisse
1824 2631 1905 2666 illos
1929 2631 1993 2676 qui

290 2682 424 2725 fontem
449 2681 636 2727 ignemque
658 2680 873 2725 ferebant’),
905 2680 992 2725 quia
1022 2679 1148 2725 purior
1173 2681 1228 2715 est
1253 2678 1369 2714 uestis
1400 2680 1499 2714 linea
1525 2690 1638 2724 quam
1663 2679 1772 2714 lanea
1796 2689 1891 2724 quae
1916 2678 1993 2714 81110

290 2728 426 2764 iniuria
452 2728 671 2764 animalium
699 2727 900 2764 conficitur.
939 2728 1036 2763 unde
1062 2726 1229 2773 aegyptii
1251 2727 1460 2763 sacerdotes
1483 2727 1591 2762 lineis
1610 2728 1774 2762 utuntur.
1814 2726 1992 2771 quantum

291 2778 416 2811 autem
442 2776 558 2811 uestis
584 2776 685 2811 linea
711 2777 800 2820 apta
825 2775 938 2810 sacris
963 2775 1012 2809 sit
1036 2775 1121 2810 hinc
1147 2776 1301 2810 docetur
1327 2775 1427 2820 quod
1452 2786 1496 2810 ea
1521 2774 1698 2810 luctuosis
1727 2774 1783 2809 uti
1807 2785 1880 2809 non
1907 2773 1994 2808 licet

292 2835 387 2868 quae
413 2823 580 2869 squalori
604 2822 772 2859 tollendo
798 2823 888 2868 apta
913 2824 1074 2867 putatur.
1115 2822 1191 2857 alii·
1208 2822 1338 2858 ε11013ὲί
1359 2822 1450 2857 lino’
1480 2824 1593 2867 caput
1618 2821 1739 2866 operti
1762 2821 1881 2868 lillteo
1907 2821 1993 2866 (leye

292 2872 464 2916 opertum
489 2871 623 2916 linteo)
650 2871 830 2906 habentes
854 2870 1008 2905 tradunt
1034 2870 1067 2905 T
1083 2871 1095 2916 ΙΙ
1114 2871 1206 2905 adeo
1235 2869 1489 2906 Gommelinas:
1515 2870 1600 2905 ideo
1626 2869 1665 2904 F
1681 2870 1692 2916 ΙΙ
1714 2873 1757 2904 10
1783 2867 1993 2904 constituis-

291 2920 349 2954 set
375 2918 423 2962 F,
449 2929 541 2954 corr.
571 2918 809 2953 Commelinus
828 2918 840 2964 ΙΙ
861 2921 902 2952 11
930 2917 1086 2952 dicimus
1112 2917 1228 2953 ASF
1244 2919 1255 2963 ΙΙ
1283 2922 1325 2952 13
1352 2929 1499 2953 servare
1524 2928 1590 2952 om.
1612 2917 1651 2951 F
1666 2917 1678 2962 ΙΙ
1697 2916 1895 2962 uer-gilium
1920 2914 1960 2949 F
1981 2913 1994 2961 Η

290 2967 494 3012 negaturus
520 2965 610 3000 RH
643 2965 893 3011 denagaturus
919 2964 959 3000 F
986 2966 998 3010 ΙΙ
1038 2969 1079 3000 11
1106 2967 1163 3000 est
1188 2977 1252 3002 om.
1274 2965 1320 3000 H
1339 2967 1351 3011 ΙΙ
1382 2964 1504 3001 exitus
1530 2965 1575 3000 H
1595 2966 1606 3011 ΙΙ
1635 2964 1675 2999 111
1699 2963 1813 2999 1113010
1839 2962 1992 2998 ciuitate

291 3013 486 3048 considens
511 3013 546 3048 R
583 3012 622 3047 in
648 3013 800 3048 thr-ahia
825 3012 978 3048 ciuitate
1005 3013 1207 3048 consedens
1227 3013 1269 3048 H
1285 3015 1297 3059 ΙΙ
1319 3017 1360 3048 15
1388 3014 1531 3048 Aeneas
1557 3023 1622 3048 om.
1639 3011 1679 3046 F
1693 3012 1706 3056 ΙΙ
1726 3015 1769 3047 16
1795 3014 1902 3046 tauro
1984 3036 1991 3044 .

292 3061 440 3106 quando
466 3072 530 3096 om.
550 3060 589 3095 F
605 3062 616 3106 ΙΙ
644 3064 685 3096 17
713 3061 820 3096 erunt
846 3061 901 3095 H:
927 3059 986 3095 eri
1015 3062 1048 3094 A
1087 3059 1159 3095 erit
1179 3060 1206 3096 S
1232 3061 1327 3106 (erat
1351 3063 1382 3106 s)
1421 3061 1526 3095 erant
1545 3059 1628 3094 RF
1643 3061 1654 3105 ΙΙ
1676 3062 1718 3094 18
1745 3058 1901 3104 auguria
1920 3057 1960 3092 F
1991 3056 1994 3103 Ι

293 3113 336 3144 19
364 3108 526 3144 concidit
551 3109 589 3143 et
614 3108 703 3153 quia
721 3108 761 3142 F
776 3109 788 3152 ΙΙ
807 3108 983 3153 poterant
1001 3107 1037 3142 R
1068 3110 1269 3153 potuerunt
1287 3108 1328 3142 F
1342 3109 1355 3153 ΙΙ
1374 3111 1419 3143 20
1443 3107 1575 3152 yginus
1595 3106 1668 3142 AS
1674 3106 1714 3140 F
1747 3106 1897 3151 higinus
1917 3105 1961 3139 H
1989 3104 1993 3151 Ι

292 3160 335 3191 21
363 3155 468 3202 113111]
495 3156 534 3191 et
561 3155 601 3190 F
615 3156 627 3201 ΙΙ
647 3155 843 3201 uergilium
871 3154 911 3191 F
926 3155 939 3200 ΙΙ
957 3155 1025 3201 ita]
1051 3154 1083 3190 it
1108 3155 1143 3190 R
1180 3155 1263 3190 itali
1283 3155 1326 3190 H
1341 3158 1353 3200 ΙΙ
1371 3155 1446 3190 11110
1466 3154 1502 3190 R
1526 3156 1631 3198 (corr.
1653 3154 1728 3189 ead.
1750 3158 1877 3198 man),
1902 3152 1991 3187 limo

292 3215 358 3239 om.
380 3202 420 3238 F
436 3205 447 3250 ΙΙ
476 3207 519 3238 22
548 3203 645 3238 libus
672 3203 714 3237 H
730 3204 742 3248 ΙΙ
761 3203 825 3248 qui
852 3203 886 3238 R
911 3205 1017 3247 (corr.
1044 3203 1121 3237 ead.
1147 3204 1260 3248 man.)
1286 3213 1380 3247 quae
1401 3202 1441 3237 F
1456 3203 1468 3247 {l
1486 3202 1672 3247 peduntur
1693 3201 1737 3236 H
1769 3200 1993 3247 tegebantur

292 3251 333 3286 F
354 3253 366 3296 ΙΙ
398 3255 443 3286 23
470 3250 643 3296 pudenda
666 3261 849 3296 poparum
874 3261 941 3287 om.
961 3249 1002 3285 F
1017 3251 1029 3296 ΙΙ
1056 3261 1275 3295 pomparum
1301 3250 1373 3286 AS
1390 3251 1402 3296 ss
1432 3251 1553 3285 uestes
1579 3248 1718 3284 habent
1743 3248 1783 3283 F
