2124 3600
540 248 689 285 COMM.
716 222 769 284 IN
794 248 938 284 VERG.
965 249 1075 286 AEN.
1103 249 1154 285 VI
1181 254 1330 286 63—72.
1743 249 1796 290 17

89 357 150 399 cis
188 359 232 398 et
270 357 323 399 ab
361 357 467 413 ipsis
505 360 626 400 mota
663 357 947 400 infundebant
982 359 1357 401 vaticinationem:
1402 359 1517 414 quod
1558 358 1643 400 fuit
1682 358 1797 414 apud

88 428 332 484 Aegyptios
364 431 409 470 et
440 427 837 485 Carthaginienses.

209 500 275 542 69.
327 512 423 542 ’ΝΜ
453 512 641 543 ΡΗΟΕΒΟ
674 513 733 542 ΕΤ
765 513 954 544 TRIVIAE
992 504 1042 544 ut
1080 502 1191 544 solet
1232 503 1383 544 miscet
1414 502 1657 544 historiam:
1697 517 1799 544 nam

87 571 168 613 hoc
199 571 412 626 templum
443 572 489 614 in
513 571 682 614 Palatio
716 573 770 614 ab
796 572 996 629 Augusto
1029 573 1191 615 factum
1217 576 1294 616 est.
1346 573 1419 629 sed
1446 574 1546 628 quia
1570 573 1797 630 Augustus

88 642 287 685 cohaeret
312 643 441 697 Iulio,
473 643 547 699 qui
579 644 632 685 ab
660 643 808 686 Aenea
838 644 955 686 ducit
987 644 1218 700 originem,
1250 645 1343 687 vult
1368 645 1616 700 Augustum
1647 660 1798 701 paren-

86 716 179 756 tum
211 717 314 757 vota
346 715 539 757 solvisse.

208 785 276 828 70.
325 797 591 837 FESTOSQVE
611 798 718 829 DIEs
744 798 808 828 DE
835 798 1017 829 NOMINE
1044 799 1220 830 PHOEBI
1243 788 1368 831 ludos
1388 787 1664 844 Apollinares
1691 790 1799 844 dicit,
1859 833 1862 836 Δ

84 857 160 911 11111
194 857 425 898 secundum
459 857 667 912 quosdam
700 858 816 900 bello
848 858 1011 901 Punico
1044 860 1230 902 secundo
1262 860 1454 903 instituti
1495 863 1612 916 sunt,
1651 875 1799 902 secun—

91 927 190 968 dum
223 927 330 970 alios
356 931 551 984 tempore
578 928 758 984 Syllano
787 944 838 971 ex
863 945 1071 986 responso
1097 929 1359 974 Marciorum
1388 933 1590 988 fratrum„
1618 947 1798 987 quorum

87 998 311 1054 extabant,
343 1001 392 1042 ut
424 999 654 1055 Sibyllina,
684 1015 905 1055 responsa.
1131 1012 1135 1014 ‘

207 1071 273 1113 71.
325 1084 384 1113 TE
418 1083 609 1123 QVOQVE
647 1084 810 1114 MAGNA
837 1081 1040 1115 'MANENT
1073 1085 1269 1116 NOSTRIS
1302 1087 1598 1118 PENETRALIA
1629 1087 1799 1118 REGNIS

86 1141 129 1183 id
169 1144 234 1183 est
273 1143 427 1185 coleris
466 1145 513 1185 ut
550 1158 721 1186 numen.
778 1143 998 1186 ‘manent'
1033 1147 1176 1187 autem
1210 1149 1476 1201 exspectant,
1516 1147 1799 1203 ‘penetralia'

88 1215 251 1254 secreta
282 1214 557 1268 templorum.
1310 1204 1313 1206 ,

207 1285 274 1326 72.
326 1296 443 1327 TVAS
466 1297 641 1329 SORTES
664 1285 876 1342 Sibyllina
902 1302 1127 1343 responsa,
1161 1304 1289 1344 quae,
1320 1292 1369 1331 ut
1395 1305 1525 1345 supra
1552 1291 1666 1345 <36>
1693 1291 1799 1333 dixi-

86 1369 199 1411 mus,
230 1356 441 1405 incertum
475 1359 541 1399 est
572 1358 690 1400 cuius
719 1357 913 1414 Sibyllae
946 1359 1125 1415 fuerint,
1160 1376 1421 1416 quamquam
1449 1360 1669 1404 Cumanae
1695 1361 1799 1404 Ver-

87 1427 215 1482 gilius
260 1427 392 1483 dicat,
436 1427 575 1470 Varro
622 1429 905 1484 Erythraeae.
976 1431 1049 1472 sed
1094 1434 1264 1474 constat
1307 1436 1517 1487 regnante
1562 1433 1797 1488 Tarquinio

86 1498 299 1552 quandam
331 1499 572 1556 mulierem,
606 1501 779 1543 nomine
815 1501 1110 1554 Amaltheam,
1150 1503 1358 1546 obtulisse
1392 1504 1431 1546 ei
1463 1519 1618 1547 novem
1652 1505 1798 1560 libros,

84 1568 131 1611 in
173 1569 329 1626 quibus
369 1573 493 1612 erant
529 1571 621 1613 fata
659 1574 701 1613 et
739 1572 929 1615 remedia
966 1573 1181 1629 Romana,
1226 1577 1269 1616 et
1312 1590 1390 1630 pro
1435 1575 1503 1617 his
1547 1575 1799 1630 poposcisse

86 1639 204 1684 CCC.
236 1641 502 1697 philippeos,
548 1643 622 1697 qui
665 1645 784 1686 aurei
827 1647 930 1687 tunc
972 1645 1152 1700 pretiosi
1200 1649 1336 1688 erant.
1400 1662 1509 1703 quae
1533 1638 1799 1702 'contempta

86 1713 172 1754 alia
203 1713 270 1754 die
301 1712 442 1755 tribus
475 1714 661 1757 incensis
687 1730 860 1757 reversa
886 1719 951 1758 est
978 1719 1022 1758 et
1045 1717 1300 1760 tantundem
1325 1719 1544 1774 poposcit,
1576 1719 1680 1761 item
1711 1722 1796 1760 ter-

183 1869 226 1900 12
251 1865 459 1913 penetralia
484 1868 627 1903 secreta
651 1868 894 1915 templorum]
922 1868 967 1904 cf.
994 1869 1079 1905 Isid.
1108 1869 1199 1915 orig.
1227 1869 1295 1905 XV
1320 1874 1353 1915 4,
1380 1874 1402 1905 4
1432 1872 1444 1917 ΙΙ
1484 1875 1527 1907 16
1554 1871 1701 1907 constat
1727 1900 1734 1907 .
1757 1899 1764 1908 .
1788 1899 1795 1907 .

92 1913 350 1959 servabantur]
378 1925 493 1949 exscr.
519 1915 708 1960 mythogr.
732 1915 767 1950 ΙΙ
793 1919 849 1951 88.
895 1917 940 1951 cf.
968 1915 1062 1952 Gell.
1089 1916 1106 1950 I
1133 1921 1176 1951 19

182 2050 198 2080 1
228 2047 267 2080 et
283 2055 356 2099 ⁸om.
383 2045 429 2080 H
450 2046 461 2091 ΙΙ
489 2044 781 2080 infundebantur
805 2045 879 2081 AS
902 2047 914 2092 ΙΙ
946 2050 966 2081 2
994 2047 1323 2093 charthaginenses
1350 2048 1386 2083 A
1425 2047 1731 2094 carthaginenses
1760 2050 1800 2084 F

280 2100 292 2118 l

86 2127 388 2173 carthaginenses
417 2128 475 2173 011
494 2132 514 2163 3
541 2141 627 2164 'tvnc
650 2128 769 2173 011111
794 2129 892 2164 solet
916 2140 982 2164 om.
1003 2130 1048 2164 H
1062 2131 1074 2175 ΙΙ
1092 2130 1215 2165 miscit
1242 2130 1320 2166 FG
1359 2131 1493 2166 miscet
1517 2143 1561 2166 ex
1587 2132 1712 2167 miscit
1733 2133 1763 2167 O
1785 2133 1797 2180 ΙΙ

86 2179 106 2209 5
133 2176 309 2211 cohaeret
335 2202 342 2209 .
364 2203 371 2210 .
395 2202 402 2210 .
430 2177 639 2220 Augustum
667 2187 733 2211 om.
760 2175 796 2210 R
821 2177 833 2221 ΙΙ
862 2176 952 2212 iulio
978 2177 1178 2213 FGHas:
1204 2178 1280 2214 iulo
1308 2179 1473 2213 ASCM
1497 2181 1508 2224 ΙΙ
1538 2180 1700 2215 ducebat
1725 2180 1795 2215 ori-

86 2222 211 2268 ginem
237 2222 357 2257 FGO
392 2223 573 2268 originem
601 2223 705 2258 ducit
730 2223 780 2258 M
793 2226 805 2268 Ι]
824 2224 920 2269 vult]
948 2225 1031 2259 uult
1057 2236 1143 2270 ergo
1171 2225 1250 2260 FG
1267 2227 1280 2271 ΙΙ
1299 2229 1448 2270 patrum
1478 2227 1522 2260 M
1542 2228 1594 2272 [16
1622 2227 1794 2274 solvisse]

88 2270 120 2313 ψ
146 2270 194 2305 ab
219 2281 335 2305 aenea
359 2271 450 2306 uota
473 2282 541 2316 per
566 2282 604 2306 se
635 2270 790 2306 reddere
824 2271 931 2316 quasi
957 2273 996 2307 et
1021 2272 1216 2317 dignitatis
1248 2273 1424 2308 heredem
1456 2278 1608 2319 propter
1640 2274 1795 2320 stirpem

85 2317 183 2352 unde
209 2317 402 2353 descendit
427 2319 512 2354 add.
539 2318 578 2353 D
608 2320 621 2363 ΙΙ
659 2323 676 2353 7
704 2319 810 2355 schol.
838 2320 887 2354 ad
911 2331 942 2355 v.
971 2323 1015 2355 70
1041 2331 1108 2355 om.
1135 2320 1169 2355 G
1199 2322 1211 2367 ΙΙ
1243 2320 1337 2356 dicit
1369 2322 1451 2356 hab.
1479 2322 1510 2356 C
1537 2324 1549 2366 ΙΙ
1586 2325 1607 2356 8
1634 2322 1792 2369 Punico]

84 2364 230 2400 honoco
256 2365 302 2399 H
321 2366 333 2410 ΙΙ
360 2366 522 2401 6661111110
547 2376 614 2402 om.
635 2366 683 2400 *H
699 2367 711 2410 ΙΙ
736 2370 756 2401 9
783 2366 929 2412 syllano
956 2367 1044 2402 libri
1061 2372 1209 2412 praeter
1235 2380 1269 2412 a,
1295 2369 1360 2413 qui
1385 2369 1569 2414 sybillano
1595 2373 1628 2404 et
1653 2370 1704 2413 H,
1730 2371 1795 2415 qui

85 2411 273 2457 sybillam]
310 2413 459 2448 exhibet.
509 2414 554 2457 cf.
584 2413 751 2449 Macrob.
785 2414 863 2449 Sat.
890 2413 906 2448 I
935 2418 989 2459 17,
1016 2419 1059 2449 27
1101 2415 1211 2451 ‘bello
1248 2417 1344 2451 enim
1377 2416 1522 2451 Punico
1559 2417 1598 2451 hi
1636 2418 1716 2452 ludi
1751 2429 1795 2452 ex

20 2475 24 2478 -
87 2459 192 2494 libris
221 2460 405 2504 sibyllinis
430 2461 595 2506 primum
627 2464 714 2496 sunt
743 2461 907 2496 instituti
936 2463 1109 2497 suadente
1143 2463 1308 2498 Cornelio
1342 2463 1444 2507 Rufo
1478 2465 1691 2509 decemviro,
1730 2466 1794 2509 qui

80 2510 276 2551 propterea
295 2506 438 2553 Sibylla
457 2509 732 2553 coynominatus
757 2512 808 2543 est
827 2512 860 2543 et
876 2513 1001 2553 postea
1026 2514 1198 2555 corrupto
1223 2511 1367 2557 nomine
1387 2512 1534 2555 primus
1554 2513 1669 2556 coepit
1689 2511 1794 2558 Sylla

85 2554 268 2589 vocitari'.
288 2554 301 2598 ΙΙ
319 2555 543 2590 marciorum
562 2555 688 2590 ASO:
715 2566 947 2591 marceorum
966 2557 1011 2591 H
1044 2556 1264 2592 martiorum
1290 2558 1438 2594 RFM.
1478 2559 1522 2602 cf.
1553 2558 1625 2594 Cic.
1652 2560 1696 2594 cle
1720 2561 1792 2595 div.

86 2600 103 2634 Ι
127 2605 185 2644 40,
212 2604 256 2636 89
281 2602 294 2646 ΙΙ
318 2601 512 2647 fratrumq.
540 2603 575 2637 A
602 2603 650 2647 (q.
676 2603 742 2638 del.
769 2605 806 2646 a)
832 2604 844 2648 ΙΙ
869 2603 1041 2649 fratrum]
1070 2605 1204 2649 quibus
1230 2605 1365 2651 sibylla
1390 2607 1683 2650 prophetauerat
1707 2608 1791 2642 add.

86 2647 126 2682 D
153 2649 166 2692 ss
198 2651 241 2683 10
267 2650 310 2684 ut
333 2659 400 2685 om.
428 2649 550 2684 ΑΒΗ
572 2651 585 2695 Ι]
617 2654 659 2684 11
686 2662 832 2685 NOSTRIS
856 2662 1074 2686 PENETRALIA
1098 2664 1224 2687 REGNIS
1250 2664 1316 2688 om.
1342 2653 1473 2688 ΑΘΗ.
1525 2665 1569 2688 ea:
1594 2654 1794 2699 Reymensi

86 2698 118 2730 et
142 2695 376 2731 Floriacensi
400 2707 487 2741 quos
512 2708 592 2732 cum
618 2697 849 2743 Gottinyensi
873 2699 1073 2743 eaeemplari
1097 2701 1237 2735 contuli
1262 2701 1357 2735 nihil
1381 2701 1536 2735 enotavi.
1576 2701 1792 2747 Sariyallen-

1827 1010 1871 1042 10

1827 1368 1869 1400 15

1823 1726 1868 1758 20

85 2743 136 2777 sis
160 2746 193 2778 et
216 2743 416 2779 Berytensis
443 2748 509 2779 167
542 2745 587 2779 ab
613 2744 770 2790 Haqe‘no
801 2746 939 2781 conlati
970 2757 1050 2781 cum
1074 2747 1247 2782 Danielis
1281 2749 1480 2793 ememplari
1510 2749 1647 2784 nostris
1681 2760 1791 2794 pene·
1833 2760 1838 2764 ·

86 2789 198 2825 tralia
221 2791 346 2835 regnis
372 2791 556 2826 eoehibente
580 2793 819 2828 consentiunt.
846 2805 880 2829 11.
907 2805 942 2838 p.
968 2805 997 2828 r.
1026 2794 1074 2828 M
1100 2798 1112 2839 fl
1152 2798 1194 2829 12
1222 2794 1371 2841 coleris]
1399 2795 1535 2831 eoloris
1561 2797 1595 2830 A
1623 2798 1727 2841 (corr.
1754 2800 1791 2837 α)

87 2837 227 2883 solerps
254 2837 294 2872 F
327 2838 443 2874 solers
470 2839 503 2874 G
540 2838 668 2874 soleris
690 2839 721 2875 O
736 2842 748 2884 ΙΙ
767 2840 1002 2887 exspectant]
1028 2841 1068 2876 in
1092 2842 1259 2877 futurum
1285 2843 1369 2878 add.
1387 2843 1426 2877 D
1445 2844 1457 2886 ΙΙ
1478 2847 1520 2878 13
1547 2844 1788 2890 templorum]

87 2883 238 2919 deorum
264 2885 309 2919 H
328 2887 340 2931 ΙΙ
374 2889 417 2920 14
442 2887 547 2922 schol.
575 2887 624 2921 acl
647 2898 679 2922 v.
709 2891 750 2922 72
778 2899 843 2923 om.
871 2887 905 2922 G
928 2888 941 2932 ΙΙ
969 2889 1115 2935 scaras]
1142 2890 1260 2924 sortes
1285 2889 1377 2924 dicit
1402 2891 1487 2926 add.
1514 2890 1550 2925 R
1573 2891 1585 2935 ΙΙ
1611 2902 1706 2935 quae
1731 2892 1788 2936 ut]

87 2931 132 2966 de
157 2932 290 2976 quibus
315 2932 392 2967 FO
416 2933 429 2978 ΙΙ
461 2937 503 2968 15
530 2935 671 2969 certum
696 2933 733 2969 R
764 2935 775 2980 ΙΙ
808 2935 958 2970 fuerunt
983 2936 1027 2969 H
1050 2937 1063 2981 ΙΙ
1095 2947 1291 2971 cumanam
1317 2937 1357 2971 F
1384 2939 1396 2982 ΙΙ
1431 2941 1472 2972 16
1499 2939 1693 2982 erythreae
1721 2939 1792 2973 AS

87 2978 292 3015 erithraeae
326 2979 364 3015 R
407 2981 566 3016 erithere
598 2981 644 3015 H
681 2986 872 3026 aerytreae
899 2983 950 3016 M
989 2984 1201 3028 erythream
1234 2995 1312 3019 esse
1338 2984 1377 3018 F
1418 2984 1490 3020 erit
1520 2985 1592 3019 hea
1624 2996 1700 3020 6666
1728 2985 1758 3019 O
1779 2984 1791 3031 Η

87 3025 150 3060 6611
175 3027 338 3073 constat]
371 3030 518 3063 constat
548 3029 673 3063 autem
698 3028 774 3064 FO
802 3031 814 3074 ΙΙ
844 3031 1025 3075 regnante
1051 3031 1271 3077 Tarquinio]
1312 3031 1462 3067 seruilio
1489 3032 1584 3067 tullo
1608 3034 1789 3076 regnante

86 3073 274 3118 tarquinio
298 3074 335 3109 R
372 3075 493 3110 seruio
517 3076 612 3111 tullo
638 3077 816 3120 regnante
842 3076 1032 3121 tarquinio
1059 3079 1108 3112 M
1124 3079 1137 3124 ΙΙ
1167 3082 1208 3113 17
1235 3079 1384 3113 nomine
1411 3079 1666 3124 Amaltheam]
1694 3089 1788 3122 quae

89 3130 127 3155 se
150 3120 328 3156 malteam
354 3121 494 3158 diceret
513 3122 590 3158 FC'
605 3124 617 3168 ΙΙ
636 3123 901 3159 amathemiam
921 3124 966 3158 H
980 3125 992 3169 ΙΙ
1013 3129 1056 3160 18
1082 3125 1121 3160 in
1141 3126 1274 3169 quibus
1295 3153 1302 3161 .
1325 3154 1332 3161 .
1353 3154 1361 3162 .
1382 3126 1565 3172 Romana]
1594 3126 1634 3160 in
1654 3125 1789 3169 quibus

88 3165 228 3203 diceret
250 3167 329 3204 fata
353 3169 519 3206 remedia
542 3181 698 3206 romana
722 3170 813 3214 FO,
846 3172 922 3207 nisi
945 3173 1042 3216 quod
1067 3174 1105 3207 et
1128 3183 1284 3208 romana
1310 3172 1351 3208 F
1374 3174 1387 3219 ΙΙ
1420 3177 1462 3209 19
1488 3173 1601 3218 quae]
1628 3171 1692 3216 qui
1716 3172 1752 3206 A
1777 3170 1790 3219 Η

89 3215 134 3247 20
159 3225 307 3250 reuersa
332 3217 388 3251 est
414 3245 421 3253 .
444 3244 451 3252 .
474 3245 481 3252 .
506 3217 626 3253 tribus
651 3217 809 3253 incensis
834 3229 900 3254 om.
927 3219 1097 3254 ARSH
1109 3220 1122 3264 ΙΙ
1146 3218 1325 3266 incensis]
1353 3232 1436 3256 cum
1463 3232 1526 3255 sex
1549 3220 1656 3263 vulyo
1682 3219 1787 3255 addi-

161 3278 260 3305 Servii
279 3287 383 3308 comm.
403 3281 470 3308 Vol.
489 3283 530 3308 Π.
548 3283 636 3308 Fauo.
655 3283 680 3307 I.
1483 3283 1503 3312 2
