2092 3614
515 253 664 291 coMM.
692 254 744 290 IN
771 253 912 290 vaae.
941 252 1053 289 AEN.
1079 254 1131 288 IX
1157 256 1356 291 564-587.
1710 251 1795 295 359

88 364 244 408 coloris
286 377 422 420 genus
461 365 544 420 est,
589 363 661 419 qui
705 362 871 406 vicinus
914 365 981 406 est
1021 376 1237 418 purpurae
1279 362 1525 418 subnigrae.
1589 361 1796 405 ‘Hibera’

87 439 231 479 autem
269 435 397 478 modo
435 450 525 478 non
556 434 772 491 Hispana,
811 434 886 478 sed
923 434 1123 477 Pontica:
1167 448 1269 476 nam
1308 433 1489 477 Hiberia
1527 449 1628 490 pars
1667 434 1797 477 Ponti

87 509 154 551 est
184 508 292 550 inter
323 507 535 550 Persidem
566 510 604 549 et
633 506 898 562 Armeniam,
930 505 1001 548 ubi
1031 505 1179 560 optime
1209 505 1359 547 colores
1388 506 1538 548 diversi
1570 507 1797 560 tinyuntur,

88 582 136 622 ut
174 579 366 622 ostendit
397 578 605 621 Horatius
639 577 783 620 dicens
820 578 1111 633 herbasque
1152 591 1276 632 quas
1314 575 1485 619 Iolcos
1524 579 1674 633 atque
1707 575 1797 618 Hi-

86 651 232 694 beria
262 651 445 706 mittit,
476 663 787 693 venenorum
818 649 973 691 ferax.
1163 644 1165 646 ¹
1824 657 1845 687 5

206 723 304 765 580.
354 733 562 765 GENITOR
587 733 715 773 QVEM
740 732 941 764 MISERAT
968 731 1147 763 Aaosus
1181 719 1286 762 ordo
1320 722 1386 762 est
1417 719 1580 762 ‘stabat
1600 719 1798 762 Arcentis

88 795 200 838 filius
239 794 403 837 Arcens
441 793 487 835 in
524 792 655 834 armis
695 790 916 847 egregiis':
961 805 1061 832 nam
1099 805 1187 833 non
1225 790 1427 846 congruit
1464 791 1512 832 ut
1551 789 1680 832 huius
1719 790 1798 832 filii

88 866 390 922 praetermisso
423 864 616 919 nomine,
649 863 715 906 bis
748 864 826 906 fiat
857 863 994 918 patris
1027 862 1393 905 commemoratio.

207 938 304 981 581.
356 947 622 980 SYMAETHIA
643 946 814 978 cmcvm
833 939 1043 977 FLv'MINA
1069 932 1329 989 Symaethos
1349 934 1505 976 fluvius
1527 935 1594 976 est
1615 932 1799 989 Siciliae,

86 1025 114 1052 a
143 1024 232 1065 reye
262 1008 480 1065 Symaetho
511 1008 659 1062 dietus,
696 1006 813 1049 haud
849 1007 978 1063 longe
1018 1006 1071 1048 ab
1104 1005 1210 1047 urbe
1242 1003 1481 1060 Catinensi,
1521 1005 1633 1047 circa
1671 1019 1797 1060 quem
1827 1014 1870 1045 10

87 1084 188 1123 sunt
213 1081 348 1123 Palici
373 1080 460 1136 dei,
493 1094 675 1135 quorum
707 1078 808 1120 talis
843 1080 908 1120 est
940 1078 1105 1120 fabula:
1138 1075 1328 1118 Aetnam
1356 1075 1614 1131 nympham,
1644 1077 1722 1131 vel,
1754 1079 1802 1118 ut

86 1154 257 1207 quidam
281 1152 438 1207 volunt,
466 1151 680 1202 Thaliam,
707 1149 902 1205 Iuppiter
929 1163 1026 1191 cum
1057 1148 1257 1190 vitiasset
1289 1149 1332 1189 et
1360 1146 1536 1189 fecisset
1566 1147 1800 1203 gravidam,

87 1225 244 1266 timens
265 1224 492 1279 Iunonem,
525 1222 758 1265 secundum
785 1222 893 1264 alios
919 1221 1060 1277 ipsam
1085 1219 1278 1275 puellam
1304 1220 1443 1260 terrae
1469 1218 1799 1275 commendavit,

88 1299 132 1339 et
162 1296 254 1338 illic
286 1295 412 1337 enixa
443 1297 525 1337 est:
559 1293 793 1337 secundum
820 1293 928 1335 alios
954 1294 1127 1348 partum
1154 1290 1259 1333 eius.
1302 1292 1456 1346 postea
1482 1304 1579 1332 eum
1605 1289 1656 1332 de
1682 1292 1800 1332 terra

88 1367 334 1423 erupissent
358 1366 442 1409 duo
468 1365 609 1422 pueri,
640 1364 778 1407 Palici
805 1364 911 1408 dicti
936 1366 1057 1418 sunt,
1089 1362 1213 1419 quasi
1239 1362 1396 1404 iterum
1422 1362 1664 1404 venientes:
1696 1377 1799 1404 nam
1829 1371 1870 1403 15

87 1436 222 1481 πάλιν
253 1438 366 1481 ἵκειν
398 1440 465 1480 est
494 1438 652 1479 iterum
684 1436 841 1479 venire.
896 1436 943 1478 hi
975 1435 1114 1491 primo
1146 1433 1349 1476 humanis
1381 1433 1537 1476 hostiis
1570 1433 1799 1489 placaban-

88 1513 177 1566 tur,
209 1512 360 1565 postea
393 1508 650 1565 quibusdam
677 1508 811 1550 sacris
838 1507 1030 1564 mitigati
1058 1509 1160 1551 sunt
1186 1507 1229 1548 et
1254 1520 1402 1548 eorum
1427 1506 1643 1548 inmutata
1670 1505 1800 1548 sacri-

90 1582 199 1625 ficia.
249 1581 344 1624 ideo
378 1596 480 1638 ergo
514 1579 757 1636 ‘placabilis
790 1578 893 1635 ara’,
924 1579 1027 1635 quia
1059 1577 1263 1634 mitigata
1294 1579 1397 1620 sunt
1428 1592 1576 1620 eorum
1608 1578 1800 1621 numina.

88 1653 254 1696 Palieos
284 1654 471 1696 nauticos
500 1654 592 1695 deos
625 1652 758 1695 Varro
790 1651 981 1706 appellat.
1031 1650 1108 1693 alii
1139 1650 1282 1692 dieunt
1307 1649 1447 1692 Iovem
1477 1649 1585 1692 hune
1609 1649 1802 1693 Palicum

82 1728 251 1779 propter
281 1724 459 1772 Iunonis
495 1724 757 1766 iracundiam
793 1723 840 1765 in
876 1723 1062 1776 aquilam
1099 1724 1375 1764 commutasse.
1436 1721 1515 1764 alii
1553 1721 1729 1764 Vulcani
1765 1724 1803 1764 el
1826 1731 1872 1762 20

89 1796 246 1839 Aetnae
274 1797 412 1850 filium
445 1796 626 1838 tradunt.
675 1795 745 1837 secl
773 1795 974 1837 incertum
1005 1807 1055 1836 ex
1085 1807 1169 1847 qua
1199 1793 1409 1835 recondita
1438 1792 1613 1835 historia
1645 1793 1800 1836 Arcen-

90 1871 167 1910 lem
198 1868 324 1910 istum
361 1862 594 1910 induxerit:
632 1880 758 1920 neque
794 1866 903 1908 enim
940 1865 1029 1908 sine
1063 1865 1222 1907 ratione
1251 1864 1312 1906 vel
1343 1864 1458 1906 lucus
1489 1864 1647 1907 Martis
1677 1879 1800 1919 appo-

88 1940 193 1983 situs
222 1943 290 1982 est.
334 1942 372 1982 el
399 1939 501 1993 quid
522 1938 640 1980 homo
659 1936 824 1991 Siculus
849 1937 896 1979 in
919 1935 992 1978 hoe
1016 1936 1115 1978 bello
1144 1935 1268 1990 facit,
1298 1949 1416 1989 quem
1441 1949 1647 1990 nusquam
1671 1949 1801 1990 supra

89 2025 181 2053 eum
211 2010 354 2053 Aenea
383 2011 484 2053 (licit
515 2011 572 2052 acl
600 2009 776 2052 Italiam
799 2008 1062 2063 pervenisse?

210 2081 308 2124 585.
358 2092 652 2132 LinsFAcTo
687 2091 907 2123 TEMPORA
946 2090 1134 2122 PLVMBO
1172 2090 1381 2121 DIFFIDIT
1419 2078 1647 2134 plumbum
1685 2079 1800 2121 enim
1827 2088 1871 2119 25

91 2153 249 2195 iactum
281 2144 415 2196 nimio
448 2154 596 2195 rotatu
629 2155 673 2195 et
704 2151 814 2194 aeris
841 2151 983 2193 calore
1009 2149 1280 2193 dissolvitur:
1313 2149 1478 2192 Statius
1512 2151 1561 2191 et
1593 2164 1799 2192 arsuras

91 2224 223 2267 caeli
254 2233 344 2279 pe'r
375 2225 554 2267 inania
586 2223 815 2280 glandes.

210 2295 307 2339 586.
358 2307 636 2339 PORRECTVM
657 2307 897 2337 EXTENDrr
921 2305 1111 2336 HARENA
1143 2293 1434 2349 intellegimus
1467 2307 1564 2335 eum
1597 2293 1800 2336 cecidisse

90 2370 212 2410 trans
244 2382 426 2410 murum.
472 2367 651 2410 dicendo
679 2369 824 2409 autem
852 2364 1019 2408 emulta'
1047 2365 1238 2408 ostendit
1262 2364 1455 2420 corporis
1482 2365 1799 2420 proceritatem.

209 2439 308 2481 587.
360 2456 443 2482 rm
468 2456 621 2482 pamm
651 2455 772 2481 emto
800 2437 873 2480 hoe
904 2438 986 2480 loeo
1010 2451 1191 2492 puerum
1225 2438 1314 2480 ideo
1345 2439 1467 2491 pocla
1501 2436 1597 2489 feeit
1626 2437 1800 2491 armari,
1826 2448 1872 2478 30

1603 2506 1613 2515 r
1818 2495 1828 2519 N

186 2561 208 2592 4
235 2556 425 2602 Horatius]
452 2556 558 2602 epod.
579 2556 612 2591 V
631 2559 675 2591 21
696 2556 708 2602 11
738 2559 758 2590 9
786 2555 1008 2601 Symaethos
1035 2566 1065 2590 e.
1087 2567 1121 2599 q.
1142 2555 1187 2600 s.]
1216 2553 1395 2590 Serviana
1421 2554 1593 2600 exscrips.
1614 2554 1799 2599 mythogr.

92 2606 107 2639 I
130 2609 208 2648 190,
235 2605 267 2638 ῙΙ
289 2606 344 2640 45.
385 2604 430 2640 cf.
457 2604 562 2640 Luct.
588 2604 688 2639 Plac.
715 2603 755 2638 in
781 2603 874 2639 Stat.
903 2602 1018 2638 Theb.
1047 2602 1115 2637 ΧΠ
1137 2606 1203 2638 156
1231 2603 1269 2637 et
1293 2601 1455 2638 Mam-ob.
1484 2602 1559 2637 Sat.
1588 2601 1620 2636 V
1645 2606 1699 2646 19,
1722 2605 1764 2637 15
1789 2601 1801 2646 11

92 2656 138 2688 26
164 2651 322 2697 Statius]
349 2651 465 2686 Theb.
491 2651 526 2685 X
551 2655 631 2687 533.
670 2651 716 2688 cf.
743 2651 846 2687 Luct.
872 2650 972 2685 Plac.
999 2650 1047 2685 ad
1071 2650 1170 2686 hunc
1195 2660 1290 2685 vers.

189 2764 209 2795 2
235 2759 366 2805 ispana
385 2759 419 2793 L
457 2768 572 2803 spana
592 2758 635 2792 H
649 2759 662 2804 11
680 2757 849 2803 Hiberia]
877 2757 998 2792 libera
1015 2756 1056 2791 F
1071 2757 1083 2802 ΙΙ
1102 2761 1123 2792 3
1150 2756 1335 2802 persidam
1358 2756 1399 2791 F
1413 2758 1426 2802 11
1445 2756 1580 2792 coloris
1600 2755 1640 2790 F
1655 2757 1667 2800 11
1686 2759 1708 2790 4
1728 2755 1799 2790 101-

95 2808 172 2854 cos]
208 2807 357 2843 colchos
389 2806 520 2841 ASM
562 2805 678 2841 ioleos
703 2805 743 2840 F
779 2804 941 2840 coleosl
977 2805 990 2850 11
1027 2808 1047 2840 7
1080 2804 1252 2850 egregius
1284 2804 1458 2840 ASRM
1500 2802 1693 2849 egrediens
1720 2803 1763 2837 II
1790 2803 1802 2847 11

95 2860 116 2890 8
142 2853 322 2901 permisso
345 2855 392 2889 M
409 2855 422 2899 11
441 2858 461 2889 9
482 2854 694 2898 Symaethus
714 2853 748 2887 L
772 2852 934 2898 ymettos
954 2851 994 2886 F
1008 2852 1022 2897 11
1040 2851 1181 2887 siliciae
1201 2852 1273 2887 AS
1298 2851 1443 2887 ciliciae
1464 2851 1505 2886 H
1523 2853 1535 2897 11
1557 2855 1600 2886 10
1618 2852 1743 2896 ymeto
1765 2850 1805 2885 F

96 2902 274 2947 Symetho
301 2902 440 2937 Daniel
470 2902 493 2947 11-
512 2912 624 2945 quam
650 2901 685 2935 L
710 2900 835 2945 (quem
863 2900 888 2944 l)
920 2901 933 2944 11
965 2902 1006 2934 11
1034 2899 1162 2944 pallici
1189 2900 1223 2934 L
1260 2898 1363 2934 faliei
1388 2899 1429 2941 F
1456 2901 1469 2944 11
1502 2903 1543 2934 12
1570 2899 1703 2933 taliam
1731 2898 1765 2933 G
1790 2899 1801 2943 11

98 2954 140 2985 13
166 2950 286 2995 ipsam
311 2977 319 2985 .
342 2978 348 2985 .
372 2976 380 2984 .
406 2948 608 2984 secundum
634 2948 728 2983 alios
754 2959 812 2982 om
847 2947 892 2991 L,
918 2947 1002 2982 aad.
1029 2947 1072 2992 111
1090 2948 1211 2992 ipsam
1236 2946 1420 2992 puellam]
1447 2947 1596 2991 partum
1623 2945 1701 2981 eius
1727 2946 1764 2980 R
1790 2945 1801 2990 11

99 3000 141 3032 14
166 2997 366 3033 secundum
398 2997 491 3032 alios
522 2997 608 3042 post
639 2996 789 3041 partum
821 2993 899 3030 eius
931 3005 1015 3029 oum
1047 2994 1092 3029 de
1122 2995 1224 3029 terra
1259 2993 1469 3039 erupissent
1494 2994 1568 3029 duo
1593 2993 1700 3038 pueri
1723 3004 1797 3037 my-

96 3045 209 3091 thoyr.
238 3046 264 3079 I
292 3045 304 3091 11
344 3048 385 3079 15
411 3043 518 3089 pueri
543 3055 609 3079 om.
637 3043 724 3078 LH
746 3042 845 3087 (aad.
872 3042 898 3087 l)
929 3042 942 3088 11
981 3045 1023 3076 16
1048 3054 1237 3077 wammam
1263 3041 1395 3076 ALH
1427 3053 1603 3076 ΠΛΑῙΝΚΙΝ
1629 3040 1666 3075 R
1692 3042 1797 3085 (corr.

97 3091 248 3137 Daniel)
285 3104 483 3127 wammam
511 3092 560 3126 M
595 3090 767 3126 naxinion
796 3089 836 3124 F
859 3090 872 3136 11
905 3093 947 3125 18
972 3088 1057 3125 inde
1085 3100 1172 3134 ergo
1199 3089 1239 3124 F
1263 3090 1275 3135 11
1307 3092 1351 3123 19
1379 3087 1574 3134 appellant
1599 3087 1638 3122 F
1660 3088 1671 3133 11
1702 3087 1799 3120 1111110

96 3139 219 3174 iouem
245 3138 284 3173 F
308 3140 320 3184 11
350 3143 396 3174 20
420 3139 595 3176 iunonem
623 3138 663 3174 F
687 3139 700 3183 11
730 3141 775 3172 23
802 3148 912 3182 quem
938 3137 1091 3172 Daniel:
1120 3147 1215 3181 quae
1241 3136 1281 3170 F
1305 3136 1318 3181 11
1349 3140 1394 3171 26
1421 3147 1549 3171 arsura
1572 3135 1609 3169 R
1636 3135 1648 3179 11
1679 3137 1725 3168 30
1750 3134 1800 3168 acl
1823 3132 1828 3137 '

96 3197 128 3221 v.
151 3189 218 3268 5t8⁷
238 3186 410 3272 izmarzy.
436 3186 521 3222 ideo
547 3187 618 3222 hoe
643 3186 726 3222 loco
752 3186 864 3231 poeta
889 3195 1045 3230 puerum
1069 3183 1162 3220 facit
1181 3183 1318 3219 armari
1337 3212 1345 3220 .
1361 3212 1392 3220 ..
1415 3182 1569 3219 donauit
1589 3181 1622 3215 Τ
1638 3183 1650 3226 11
1668 3180 1798 3229 poeta]

95 3244 162 3278 pos
183 3244 228 3269 ea
292 3245 374 3269 anie
