2124 3600
335 246 422 289 130
1109 246 1270 282 SERVII

335 354 480 398 Circes
514 358 558 398 et
583 355 724 399 Vlixis
755 354 894 397 filium
927 355 1051 411 dicit,
1082 356 1195 410 quod
1228 357 1271 397 et
1296 354 1518 411 Vergilius
1549 357 1695 412 tangit
1726 357 1906 400 dicendo
1932 356 2044 411 <XII

335 426 450 481 164>
478 426 615 469 Solis
648 426 732 469 avi
764 427 1038 482 specimen.
1090 426 1164 468 sed
1191 427 1290 481 quia
1315 428 1559 486 temporum
1583 428 1698 470 ratio
1724 443 1812 471 non
1836 427 2045 483 procedit,

331 498 439 540 illud
464 498 761 553 accipiendum
786 502 853 540 est
877 498 1063 554 Hygini,
1094 498 1168 553 qui
1194 497 1255 539 ait
1279 496 1460 539 Latinos
1487 498 1630 552 plures
1662 498 1815 550 fuisse,
1845 500 1895 541 ut
1919 498 2045 541 intel·

331 569 527 625 legamus
557 571 731 624 poetam
764 569 903 623 abuti,
935 572 985 612 ut
1017 568 1147 624 solet,
1176 568 1399 611 nominum
1433 569 1724 612 similitudine.

286 651 307 683 5
451 640 521 683 48.
570 651 818 683 ACCIPIMVS
860 643 1038 695 propter
1068 640 1212 701 varias
1245 639 1468 695 opiniones
1500 640 1583 683 hoc
1616 641 1791 696 adiecit,
1829 644 1878 683 ut
1909 639 2045 683 Sallu-

333 711 443 754 stius
487 711 662 754 urbem
695 711 933 768 Romam,
984 711 1143 754 sicuti
1186 725 1278 767 ego
1322 712 1515 767 accepi,
1566 712 1848 754 condidere
1893 714 2044 768 atque

331 782 560 825 habuere
592 782 749 825 initio
783 782 1007 825 Troiani.

450 853 522 895 49.
562 864 765 896 VLTIMVS
790 865 976 896 AVCTOR
1002 854 1181 909 primus,
1206 856 1255 895 ut
1281 853 1575 908 ‘supremum'
1602 869 1818 897 summum
1845 854 2044 897 dicimus:

331 939 424 980 pro
458 939 691 979 supreme
722 924 976 980 Iuppiter.

262 1009 307 1040 10
452 996 521 1038 51.
569 1007 809 1046 PRIMAQVE
835 1006 1003 1038 oRIENS
1029 1007 1215 1038 EREPTA
1241 1007 1449 1038 IVVENTA
1474 1007 1559 1039 EsT
1587 1011 1663 1051 per
1687 998 1922 1039 transitum
1950 999 2045 1039 tan-

333 1068 401 1124 git
443 1066 685 1109 historiam.
741 1066 902 1109 Amata
946 1067 1062 1109 enim
1102 1066 1210 1109 duos
1253 1067 1387 1121 filios,
1430 1067 1654 1110 voluntate
1698 1069 1835 1123 patris
1874 1068 2044 1111 Aeneae

333 1140 594 1194 spondentes
626 1138 854 1180 Laviniam
885 1152 1096 1193 sororem,
1133 1138 1321 1179 factione
1359 1138 1598 1181 interemit:
1636 1139 1747 1181 unde
1780 1143 1823 1181 et
1855 1139 2045 1195 eerepta'

333 1210 461 1265 dixit,
498 1209 624 1265 quasi
660 1223 738 1266 per
778 1209 879 1251 vim.
939 1209 1012 1252 hos
1048 1209 1127 1251 alii
1164 1213 1342 1251 caecatos
1379 1224 1407 1251 a
1436 1213 1571 1252 ‘matre
1608 1211 1793 1262 tradunt,
1825 1214 2046 1265 postquam

332 1283 483 1325 amisso
518 1281 660 1323 Turno
692 1281 875 1323 Lavinia
905 1281 1069 1323 Aeneae
1100 1281 1241 1323 iuncta
1270 1284 1338 1323 est.
1402 1280 1537 1323 ‘fato'
1570 1284 1714 1324 autem
1756 1281 1860 1324 dicit
1897 1282 2047 1325 volun-

263 1366 306 1398 15
331 1356 442 1396 tate:
479 1368 581 1395 nam
614 1352 674 1395 dii
705 1352 748 1394 id
779 1352 927 1394 fantur
959 1352 1073 1407 quod
1106 1352 1316 1407 sentiunt,
1353 1366 1441 1394 non
1473 1354 1522 1394 ut
1552 1352 1766 1405 homines,
1805 1353 1857 1395 de
1889 1353 2045 1409 quibus

332 1424 494 1467 lectum
526 1426 593 1466 est
625 1423 764 1466 aliud
798 1424 1028 1466 clausum
1059 1422 1110 1464 in
1142 1425 1370 1478 pectore,
1409 1422 1549 1465 aliud
1581 1424 1633 1466 in
1666 1424 1849 1479 lingua
1879 1439 2045 1479 prom-

331 1498 473 1551 ptum
505 1495 710 1539 habere.
1754 1496 1761 1503 ”

371 1600 378 1605 -
451 1568 520 1611 53.
571 1579 656 1610 IAM
688 1578 878 1609 MATVRA
911 1577 1022 1609 vmo
1053 1578 1137 1608 IAM
1169 1577 1332 1608 PLENIS
1364 1577 1549 1608 NVBILIS
1582 1578 1719 1608 ANNIS
1751 1581 1838 1608 non
1869 1569 1937 1609 est
1967 1567 2045 1609 ite-

331 1642 493 1694 ratum,
525 1639 601 1681 sed
632 1638 863 1681 secundum
894 1638 961 1679 ius
995 1637 1175 1691 dictum,
1205 1637 1250 1678 in
1283 1651 1367 1691 quo
1401 1640 1444 1678 et
1475 1651 1525 1678 ex
1559 1652 1768 1679 annorum
1800 1637 1969 1680 ratione
2002 1639 2044 1679 et

260 1724 306 1755 20
332 1725 383 1753 ex
414 1711 570 1753 habitu
601 1710 793 1765 corporis
832 1711 951 1751 aetas
990 1709 1309 1763 comprobatur.
1369 1708 1557 1764 primum
1598 1723 1701 1764 ergo
1743 1708 1797 1750 ad
1833 1708 2045 1765 habitum,

332 1782 565 1824 secundum
597 1781 651 1824 ad
682 1795 820 1823 annos
852 1780 1052 1835 pertinet.

450 1853 521 1895 54.
548 1863 714 1894 ‘LATIO
748 1851 921 1894 Latium
960 1866 1063 1907 pars
1102 1854 1168 1893 est
1198 1851 1436 1894 Ausoniae:
1475 1842 1587 1894 unde
1618 1851 1728 1893 dixit
1756 1851 1897 1908 primo
1930 1852 2044 1907 quod

331 1925 474 1978 minus
508 1926 590 1975 est,
623 1924 684 1966 sic
715 1923 865 1966 intulit
897 1922 1099 1978 ‘totaque
1131 1922 1362 1965 Ausonia'.

452 1995 521 2038 56.
569 2007 705 2038 PETIT
744 2007 865 2037 ANTE
905 2005 1041 2037 Ainos
1081 2005 1440 2037 PVLCHERRIMVS
1480 1997 1554 2036 aut
1592 1993 1713 2036 ‘ante
1751 1995 1859 2037 alios
1897 1993 2045 2050 petit',

262 2080 308 2112 25
335 2070 410 2110 aut
440 2066 776 2123 ‘pulcherrimus
808 2068 908 2108 ante
941 2064 1084 2108 alios’.

452 2138 520 2181 57.
569 2150 686 2181 MIRO
719 2149 876 2181 AMORE
909 2151 1022 2179 nova
1053 2136 1400 2191 intemperantia.

452 2210 521 2252 58.
571 2221 659 2252 SED
691 2219 846 2251 VARIIS
878 2211 1055 2264 propter
1085 2222 1206 2262 apes,
1237 2206 1499 2258 incendium,
1532 2207 1753 2249 oraculum
1785 2207 1934 2251 Fauni.

331 2292 579 2325 PORTENTA
617 2280 744 2336 signa
782 2294 890 2335 quae
929 2281 1029 2320 sunt
1065 2278 1226 2334 media,
1262 2293 1289 2320 a
1312 2279 1604 2332 portendendo:
1645 2293 1746 2320 nam
1780 2282 1824 2320 et
1856 2280 1969 2322 bona
2000 2282 2044 2322 et

335 2353 453 2395 mala
484 2355 585 2395 sunt
615 2355 829 2408 portenta.

430 2484 452 2516 5
478 2480 696 2528 Sallustius]
723 2480 802 2517 Cat.
831 2485 863 2526 6,
886 2485 904 2516 1
925 2482 937 2528 ΙΙ
962 2485 983 2516 8
1008 2493 1160 2518 vmmvs
1186 2480 1342 2525 primus]
1372 2479 1417 2515 cf.
1443 2480 1538 2515 Non.
1565 2491 1598 2524 p.
1626 2483 1708 2524 417,
1735 2483 1780 2515 25
1799 2479 1848 2515 M.
1868 2481 1880 2527 ΙΙ
1909 2471 2023 2525 91110

334 2528 415 2564 Ter.
443 2529 500 2564 ad.
522 2529 557 2563 II
578 2533 609 2573 1,
629 2533 686 2564 42.
723 2531 767 2565 cf.
787 2528 881 2564 Don.
909 2529 957 2564 ad
981 2529 1081 2564 hunc
1107 2538 1200 2563 vers,
1229 2529 1267 2562 et
1292 2528 1397 2562 Luct.
1423 2526 1522 2563 Plac.
1550 2528 1596 2562 ad
1618 2527 1710 2562 Stat.
1732 2527 1848 2563 Theb.
1868 2527 1921 2562 ΙΙΙ
1941 2531 2011 2563 310
2037 2527 2041 2574 Ι

336 2575 498 2667 {iti-aig,
514 2604 552 2658 .5.
574 2604 581 2611 .
608 2576 818 2623 voluntate]
846 2576 891 2612 cf.
918 2577 1015 2612 Non.
1034 2585 1077 2621 ·p.
1104 2579 1185 2620 303,
1212 2579 1256 2610 33
1283 2575 1322 2610 et
1346 2586 1381 2620 p.
1408 2578 1490 2619 455,
1515 2578 1560 2609 29
1586 2574 1634 2609 M.
1668 2575 1680 2621 ΙΙ
1720 2579 1761 2610 16
1798 2574 1917 2622 aliud]
1949 2573 2040 2610 Sall.

431 2747 449 2778 1
478 2743 597 2779 circae
623 2742 701 2777 AL
739 2741 833 2777 circe
858 2741 887 2776 S
924 2741 1032 2777 circis
1057 2741 1147 2776 RH
1180 2740 1287 2776 circis
1311 2751 1356 2776 eat
1381 2740 1496 2775 circes
1523 2740 1563 2775 F
1579 2742 1590 2787 ΙΙ
1610 2741 1647 2775 et
1671 2751 1736 2775 om.
1763 2740 1814 2774 M
1829 2741 1841 2786 ΙΙ
1860 2738 2038 2785 uergilius

335 2790 409 2828 AS
424 2792 436 2838 ΙΙ
454 2790 579 2836 tangit
604 2788 774 2835 uirgilius
795 2790 845 2824 M
861 2790 873 2835 ΙΙ
898 2794 918 2824 3
944 2788 1048 2834 ygini
1074 2789 1161 2823 libri
1178 2790 1191 2835 ΙΙ
1209 2787 1290 2834 qui]
1318 2788 1418 2832 quod.
1443 2787 1484 2822 F
1499 2789 1511 2834 ss
1540 2791 1563 2822 4
1588 2788 1747 2822 nominis
1772 2787 1821 2821 M
1835 2788 1847 2834 ΙΙ
1866 2785 2039 2822 similitu-

336 2838 460 2874 dinem
481 2837 600 2873 ASH
625 2837 732 2883 (corr.
753 2839 790 2877 α)
816 2835 1022 2871 similitude
1042 2836 1075 2869 L
1094 2837 1105 2881 Η
1126 2840 1146 2871 5
1173 2835 1349 2871 salustius
1369 2835 1498 2870 ALH
1504 2835 1550 2869 M
1557 2847 1576 2870 r
1602 2835 1762 2869 saluster
1779 2834 1816 2869 R
1834 2835 1846 2881 ΙΙ
1866 2838 1886 2869 6
1912 2834 2040 2870 orbem

335 2885 423 2921 ΑΗ
439 2886 544 2931 (corr.
565 2886 602 2930 a)
622 2885 634 2931 ΙΙ
655 2889 674 2919 7
700 2884 739 2919 111
763 2883 872 2919 initio
891 2884 997 2929 vulyo
1016 2884 1028 2929 ΙΙ
1047 2886 1068 2917 8
1088 2885 1127 2917 et
1146 2883 1218 2917 AS
1244 2883 1301 2927 (ut
1320 2882 1357 2928 a)
1378 2883 1389 2928 ΙΙ
1409 2886 1429 2917 9
1456 2886 1498 2917 ut
1521 2893 1589 2927 pro
1610 2883 1622 2917 Z
1640 2883 1652 2928 ΙΙ
1675 2885 1716 2917 10
1736 2893 1799 2926 Eszj
1818 2892 1884 2917 om.
1906 2881 2042 2916 ALM

335 2934 347 2981 Ιι
374 2937 417 2968 12
443 2936 482 2968 et
505 2943 572 2967 om.
593 2933 651 2975 M,
676 2943 776 2976 supr.
801 2941 891 2966 ver-8.
917 2931 1001 2966 add.
1028 2941 1062 2964 m
1081 2931 1092 2976 ΙΙ
1120 2933 1163 2964 15
1189 2930 1267 2964 oms
1286 2930 1320 2964 L
1346 2930 1529 2974 (homines
1555 2930 1582 2974 l)
1602 2930 1614 2976 Η
1634 2934 1678 2964 16
1703 2931 1891 2973 promtum
1917 2928 2006 2963 HF
2028 2928 2038 2974 Η

337 2984 381 3016 18
405 2980 555 3016 iteratio
578 2980 626 3014 M
643 2981 655 3025 Η
675 2983 718 3014 19
745 2977 905 3024 dictum]
932 2978 1077 3012 locutus
1103 2979 1159 3011 est
1181 2976 1230 3011 M
1243 2978 1255 3022 ΙΙ
1275 2977 1314 3011 et
1338 2980 1421 3011 ante
1447 2987 1490 3011 ex
1515 2987 1695 3011 annorum
1720 2987 1785 3011 om.
1806 2975 1911 3019 ΕΜ,
1936 2986 2037 3020 supr.

333 3039 422 3064 vers.
449 3028 535 3064 add.
560 3038 596 3061 m
620 3028 631 3073 ΙΙ
659 3026 819 3072 ratione]
846 3023 1124 3070 comparatione
1149 3023 1185 3057 R
1210 3025 1221 3069 ΙΙ
1250 3025 1289 3058 et
1313 3027 1397 3058 ante
1422 3034 1466 3058 ex
1490 3023 1623 3058 habitu
1648 3034 1714 3058 om.
1740 3021 1795 3063 R,
1819 3033 1920 3066 supr.
1946 3033 2036 3058 vers.

335 3077 420 3112 add.
434 3086 455 3110 r
472 3077 485 3119 ΙΙ
503 3078 549 3110 20
569 3074 827 3109 habitudinem
847 3073 887 3108 F
903 3074 914 3119 ΙΙ
933 3076 978 3107 22
999 3086 1019 3107 0
1038 3083 1142 3106 Lumo
1162 3070 1211 3105 M
1225 3071 1237 3116 ΙΙ
1256 3070 1406 3105 Latium
1425 3081 1490 3104 om.
1509 3071 1556 3104 M
1573 3071 1585 3116 ΙΙ
1606 3069 1805 3115 Ausoniae]
1826 3069 1954 3104 italiae
1970 3069 2011 3104 F
2025 3069 2039 3116 Η

335 3127 381 3159 24
405 3134 668 3159 PvLcnsanvs
694 3132 759 3156 om.
780 3121 864 3155 LH
869 3121 917 3155 M
932 3121 943 3167 ΙΙ
963 3123 1008 3155 25
1032 3118 1112 3163 aut]
1138 3119 1205 3153 aut
1229 3119 1328 3152 certe
1351 3116 1444 3151 MD
1462 3118 1474 3162 ΙΙ
1493 3116 1764 3161 pulcherrimus
1783 3116 1927 3151 ASM:
1952 3117 2036 3161 pul-

335 3171 423 3205 cher
447 3168 618 3205 RLHF
634 3170 646 3216 ΙΙ
675 3173 718 3203 26
744 3181 829 3203 ano
854 3182 884 3203 1».
910 3180 1029 3202 AMORE
1056 3166 1104 3202 M
1121 3166 1134 3212 ΙΙ
1157 3164 1270 3210 nova]
1297 3162 1393 3199 mira
1418 3162 1464 3198 M
1482 3165 1493 3209 ΙΙ
1521 3167 1565 3198 27
1594 3165 1631 3198 et
1653 3162 1867 3198 incendium
1893 3165 1931 3198 et
1955 3174 2035 3199 ora.—

336 3218 457 3255 culum
485 3218 525 3252 D
552 3218 564 3263 ΙΙ
595 3220 640 3251 28
666 3227 689 3251 0
713 3215 970 3260 portendendo
995 3214 1112 3250 edidit
1137 3212 1342 3257 Stephanus
1369 3212 1381 3257 ss
1413 3214 1456 3246 29
1483 3211 1657 3255 portenta
1681 3221 1747 3247 om.
1771 3211 1821 3245 M
