2092 3614
241 1043 285 1074 10

241 1400 284 1432 15

239 1759 285 1791 20

240 2117 286 2149 25

242 2475 287 2507 30

311 282 397 324 596
1083 282 1244 319 SERVII

312 390 430 447 suis'⁷
466 391 570 433 item
610 391 927 447 ‘intonsamque
964 391 1213 445 bidentem',
1247 393 1291 434 id
1329 395 1395 434 est
1432 393 1605 436 brevem
1645 393 1799 437 adhuc:
1832 410 1932 437 nam
1969 396 2015 438 in

310 463 456 518 rebus,
488 477 610 528 quas·
626 462 833 505 volebant
866 462 980 505 finiri
1012 463 1202 519 celerius,
1236 464 1442 506 senilibus
1476 467 1518 507 et
1549 464 1636 507 iam
1669 465 2013 510 decrescentibus

312 535 571 576 animalibus
610 534 931 589 sacrificabant,
968 534 1014 577 in
1050 535 1180 578 rebus
1218 550 1338 591 vero,
1377 551 1482 591 quas
1515 536 1663 592 augeri
1695 539 1738 579 et
1769 538 2015 580 confirmari

312 606 527 661 volebant,
560 606 611 648 de
643 606 880 648 minoribus
906 610 949 648 et
975 607 1111 649 adhuc
1137 607 1427 649 crescentibus
1453 607 1735 651 inmolabant.
1783 622 1882 651 sane
1905 623 2015 652 ovem

314 677 470 720 Graeco
501 691 612 720 more
639 678 794 731 foederi
823 678 1022 721 adhibuit.

432 749 530 792 171.
579 766 753 792 ADTVLIT
781 767 888 792 Almo
898 766 1037 797 VITQVE
1067 766 1186 792 Pnovs
1207 750 1348 804 primo
1373 751 1534 805 adtulit,
1565 751 1660 793 inde
1684 752 1866 794 admovit
1880 766 2015 808 pecus,

311 821 357 863 id
384 823 444 863 est
472 820 637 863 hostias.

431 893 528 935 172.
578 910 663 936 am
690 910 742 936 AD
775 910 1010 936 SVRGENTEM
1042 907 1126 935 non
1163 894 1303 947 utique
1337 907 1447 936 nune
1476 894 1599 936 solem
1630 899 1856 949 sumentem
1886 896 2015 939 dixit:

310 964 557 1006 iamdudum
595 965 703 1007 enim
734 966 819 1007 dies
850 968 958 1007 erat:
995 966 1066 1007 sed
1093 965 1356 1019 disciplinam
1387 966 1732 1009 caerimoniarum
1762 970 1919 1010 semibus
1948 971 2016 1022 esi,

309 1039 357 1078 ut
386 1037 579 1078 orientem
609 1039 789 1090 spectare
819 1037 966 1079 diceret
994 1050 1086 1079 eum
1116 1037 1188 1090 qui
1218 1040 1318 1079 esset
1339 1040 1595 1090 precaturus.

431 1107 526 1150 173.
577 1119 706 1150 DANT
739 1118 922 1151 FRVGEs
955 1119 1159 1150 MANIBVS
1194 1118 1359 1150 SALsAs
1398 1107 1465 1150 far
1504 1111 1547 1150 et
1579 1109 1660 1151 sal:
1700 1109 1856 1165 quibus
1888 1110 2015 1152 rebus

311 1181 354 1221 et
386 1179 515 1221 cultri
547 1179 892 1236 aspergebantur
923 1182 965 1221 et
997 1179 1211 1222 victimae.
1262 1181 1385 1221 erant
1417 1182 1560 1221 autem
1593 1180 1696 1222 istae
1725 1180 2016 1237 probationes,

310 1253 453 1293 utrum
496 1254 647 1306 aptum
690 1254 805 1293 esset
845 1251 1006 1292 animal
1049 1251 1270 1294 sacrificio.
1333 1250 1558 1306 obliquum
1597 1252 1727 1294 etiam
1767 1252 1952 1294 cultrum
1991 1268 2017 1295 a

309 1322 450 1364 fronte
490 1337 626 1378 usque
672 1322 725 1364 ad
763 1322 943 1364 caudam
982 1324 1081 1364 ante
1120 1322 1450 1365 inmolationem
1490 1322 1643 1365 ducere
1682 1325 2014 1366 consueverant:

309 1408 411 1436 nam
441 1393 524 1436 hoc
556 1397 622 1437 est
654 1395 768 1450 quod
801 1394 904 1437 dicit
936 1394 995 1436 ‘et
1026 1396 1224 1449 tempora
1256 1393 1370 1436 ferro
1404 1408 1572 1436 summa
1599 1397 1754 1437 notant
1777 1395 2018 1450 pecudum'.

432 1466 528 1508 174.
578 1483 820 1514 PATERISQVE
849 1482 1017 1508 ALTARJA
1050 1482 1196 1508 LJBANT
1224 1464 1383 1507 Probus
1409 1463 1596 1507 ‘altaria'
1615 1466 1662 1508 id
1684 1470 1742 1509 est
1761 1466 1821 1509 ‘in
1846 1467 2016 1510 altaria’

309 1538 418 1592 dieii,
449 1540 488 1580 et
516 1536 700 1591 ‘pateris'
726 1551 805 1592 pro
839 1536 903 1580 ‘ex
927 1535 1115 1591 pateris’.
1158 1540 1233 1579 aut
1255 1537 1398 1578 vinum
1425 1535 1611 1579 ‘altaria'
1637 1538 1939 1593 intelleyamuss
1970 1553 2018 1581 ea

310 1610 419 1652 enim
463 1623 566 1663 quae
610 1610 657 1651 in
699 1610 857 1651 altaria
897 1609 1132 1662 funduntur
1177 1607 1363 1651 ‘altaria'
1401 1608 1483 1650 dici
1521 1609 1655 1651 voluit.
1716 1610 1794 1652 alii
1831 1609 2016 1652 ‘altaria'

309 1682 456 1737 speeies
486 1695 661 1724 ararum
693 1682 874 1724 tradunt.
1538 1680 1541 1682 “

433 1752 530 1796 175.
582 1770 664 1796 TVM
689 1769 779 1796 PIVS
801 1770 956 1796 AENEAS
980 1769 1135 1796 srmoro
1160 1769 1220 1795 ,310
1243 1768 1343 1795 ENSE
1366 1769 1566 1795 PRECATVR
1590 1752 1656 1794 hie
1676 1753 1794 1806 prior
1810 1756 2018 1807 precatur,

310 1824 411 1878 quia
442 1824 507 1866 hic
532 1825 691 1866 mavult
712 1824 806 1878 fieri
828 1824 982 1877 foedus.
1026 1822 1194 1867 ‘siricio’
1221 1826 1357 1866 autem
1383 1822 1502 1866 ‘ense'
1529 1824 1649 1866 iuxta
1679 1825 1882 1878 quendam
1913 1825 2019 1867 iuris

310 1896 484 1938 iurandi
515 1910 668 1938 morem
698 1892 771 1938 ait.

435 1967 530 2011 176.
582 1978 698 2010 ESTO
730 1979 855 2010 NVNC
882 1978 967 2010 SOL
995 1978 1156 2010 TESTIS
1188 1967 1297 2009 bene
1330 1981 1426 2008 eum
1458 1967 1646 2022 primum
1679 1967 1851 2010 invocat
1883 1968 2019 2025 deum,

313 2054 439 2095 quem
478 2039 688 2082 orientem
725 2038 901 2081 intuens
939 2038 1067 2081 vidit:
1104 2053 1206 2081 nam
1245 2038 1307 2081 ait
1339 2038 1484 2094 <172>
1516 2039 1600 2081 illi
1634 2039 1693 2081 ad
1725 2042 2017 2096 surgentem

312 2110 551 2154 conversi
590 2110 799 2155 lumina.
820 2111 993 2153 solem.
1037 2109 1163 2153 ‘esto'
1196 2112 1339 2152 autem
1373 2110 1498 2152 multi
1531 2110 1682 2152 volunt
1713 2111 1890 2153 tertiam
1923 2126 2019 2154 esse

311 2197 553 2238 personam,
586 2182 629 2224 id
662 2184 728 2224 est
761 2181 835 2224 ‘sit
867 2182 975 2224 mihi
1002 2181 1075 2224 Sol
1100 2180 1255 2237 testis'‚
1287 2182 1388 2237 quia
1413 2181 1608 2237 sequitur
1641 2181 1698 2224 ‘et
1722 2182 1829 2225 haec
1857 2182 2018 2239 Term',

311 2257 360 2296 ut
391 2254 674 2296 elocutionem
709 2268 785 2309 per
815 2253 1134 2296 nominativum
1164 2252 1326 2294 factam
1358 2252 1674 2308 intellegamus.
1720 2253 1792 2295 sed
1824 2253 1905 2296 hoc
1930 2269 2017 2296 non

313 2326 517 2381 procedit,
550 2325 651 2381 quia
685 2325 908 2381 sequentia
939 2325 1182 2367 vocativum
1214 2324 1389 2375 habent,
1420 2326 1470 2366 ut
1501 2323 1560 2366 eet
1590 2327 1638 2366 tu
1665 2323 1869 2366 Saturnia
1894 2324 2016 2367 Iuno'

312 2397 418 2440 item
451 2396 597 2452 etuque
630 2397 776 2438 inclite
803 2395 1010 2439 Mavors’:
1043 2396 1153 2438 unde
1185 2410 1263 2450 per
1294 2395 1538 2438 vocativum
1564 2411 1660 2438 eum
1688 2396 1833 2438 omnia
1859 2396 2018 2438 dixisse

313 2468 592 2523 accipiamus,
630 2468 674 2510 in
711 2468 793 2510 hoc
833 2482 933 2510 vero
969 2469 1138 2509 tantum
1172 2467 1224 2509 ad
1255 2467 1569 2509 nominativum
1600 2467 1753 2510 fecisse
1786 2467 2017 2510 transitum

407 2601 428 2632 2
456 2595 613 2632 celerius
638 2607 704 2632 om.
726 2595 799 2631 AS
815 2596 828 2641 ΙΙ
848 2596 995 2630 senibus
1021 2595 1061 2629 F
1076 2595 1089 2640 ΙΙ
1107 2599 1130 2630 4
1156 2595 1422 2649 crescentibus]
1450 2595 1673 2631 animalibus
1700 2596 1784 2631 add.
1811 2595 1926 2631 ASR
1936 2597 1984 2631 M
2008 2597 2019 2642 Η

311 2644 558 2690 inmolabant]
593 2643 855 2679 sacrificabant
880 2643 952 2678 AS
960 2642 996 2678 R
1026 2645 1038 2687 ΙΙ
1076 2646 1096 2678 5
1121 2641 1269 2678 foedere
1296 2642 1480 2678 adhibunt
1505 2643 1560 2686 F,
1586 2654 1678 2679 corr.
1706 2643 1843 2678 Daniel
1873 2645 1884 2689 ΙΙ
1922 2647 1943 2680 6
1969 2646 2018 2681 ad

312 2705 461 2728 A'l'l'VLlT
484 2703 511 2727 s.
538 2702 569 2726 v.
598 2691 687 2727 ordo
715 2719 722 2726 .
749 2691 869 2736 primo
901 2689 1000 2726 enim
1035 2689 1165 2726 attulit
1196 2692 1327 2735 postea
1352 2690 1521 2726 admouit
1549 2671 1583 2725 'T
1617 2691 1630 2736 ΙΙ
1666 2703 1920 2731 ADMONVJTQVE
1945 2691 2017 2726 F

313 2740 507 2775 admonuit
533 2739 573 2773 F
594 2740 607 2785 ΙΙ
639 2744 657 2774 7
684 2737 825 2774 hostias
850 2749 928 2784 eye.
955 2736 1075 2773 hostis
1102 2737 1143 2773 F
1176 2737 1341 2773 hostiam
1366 2737 1505 2773 Daniel
1524 2739 1535 2784 ΙΙ
1568 2743 1588 2774 8
1614 2750 1640 2774 s.
1661 2750 1692 2774 v.
1719 2742 1781 2773 172
1810 2740 1948 2775 contra.
1982 2727 2019 2774 et

313 2787 552 2833 disciplinam
578 2785 863 2822 cerimoniarum
894 2786 964 2821 hoc
997 2785 1078 2821 loco
1105 2785 1299 2830 exequitur
1323 2787 1366 2821 ut
1391 2785 1571 2821 orientem
1600 2788 1787 2831 spectaret
1811 2786 1928 2821 solem
1954 2787 2019 2832 qui

313 2837 530 2881 precaturus
556 2836 646 2870 erat.
686 2845 771 2870 nam
796 2833 1001 2868 iandudum
1027 2833 1105 2868 dies
1132 2835 1213 2868 etat
1242 2833 1273 2867 Τ
1289 2834 1301 2878 ΙΙ
1333 2837 1374 2868 11
1401 2833 1459 2868 far
1484 2836 1521 2868 et
1547 2833 1619 2880 sal]
1646 2834 1702 2868 sal
1727 2835 1765 2868 et
1789 2832 1846 2868 far
1869 2833 1907 2868 R
1942 2833 2016 2868 fru-

314 2893 380 2928 ges
406 2881 522 2917 salsas
549 2883 587 2917 et
611 2882 709 2917 ferro
735 2881 775 2916 F
807 2882 820 2927 ΙΙ
860 2884 902 2916 13
930 2879 1080 2925 oblique
1105 2880 1177 2916 AS
1215 2881 1378 2916 oblicum
1404 2880 1444 2915 F
1478 2881 1491 2926 ΙΙ
1529 2884 1573 2916 15
1598 2881 1760 2925 timpora
1784 2880 1830 2915 R.
1867 2882 2018 2926 tergora

314 2929 481 2965 Servium
506 2929 607 2974 apud
639 2929 840 2974 Veryizium
866 2929 989 2973 leyisse
1013 2929 1223 2973 suspicatur
1248 2928 1456 2964 Dorvillius
1464 2930 1486 2982 ΙΙ
1510 2927 1692 2974 pecodum
1719 2927 1842 2963 ΑΒΗ
1854 2928 1867 2973 ΙΙ
1901 2933 1942 2963 16
1969 2929 2018 2964 ad

313 2988 466 3012 AmAnm
490 2989 523 3012 1..
554 2987 581 3012 3.
613 2988 646 3012 v.
680 2988 724 3011 ea
756 2987 851 3021 quae
881 2975 922 3010 in
955 2975 1089 3011 altaria
1122 2975 1329 3010 funduntur
1363 2978 1405 3011 ut
1437 2975 1564 3011 uinum
1598 2975 1733 3011 altaria
1769 2975 2016 3020 appellantur.

314 3025 464 3070 quidam
491 3023 651 3069 speciem
679 3035 825 3059 ararum
851 3022 1076 3068 intellegunt
1103 3023 1136 3057 Τ
1152 3024 1164 3069 ΙΙ
1202 3027 1243 3058 17
1269 3025 1336 3059 aut
1360 3023 1578 3059 Ribbeckius
1596 3023 1692 3068 ΡΜ
1714 3033 1753 3068 p.
1782 3026 1849 3057 145
1875 3023 2017 3058 adnot.-

314 3075 357 3106 ut
382 3072 421 3106 F
437 3073 449 3118 ΙΙ
469 3075 512 3106 19
539 3071 660 3107 noluit
685 3071 733 3114 F
759 3071 879 3107 voluit
903 3035 1050 3105 Daniel
1090 3082 1140 3105 an
1164 3071 1296 3107 volunt
1315 3075 1331 3106 ⁸?
1349 3072 1362 3117 ss
1381 3070 1456 3106 alia
1481 3070 1522 3105 F
1536 3072 1549 3116 ΙΙ
1578 3075 1622 3105 20
1647 3071 1697 3105 ad
1720 3082 1790 3105 rrvn
1815 3083 1845 3104 P.
1872 3082 1905 3105 A.
1931 3081 1958 3106 s.
1985 3081 2017 3105 v.

313 3119 374 3155 hic
399 3119 501 3165 prior
527 3146 534 3154 .
556 3146 563 3153 .
585 3119 699 3154 .fieri
723 3099 872 3163 'foedus‚
898 3119 948 3154 ad
973 3129 1118 3152 srmcro
1143 3131 1171 3154 s.
1191 3132 1222 3152 E.
1243 3132 1274 3153 P.
1300 3129 1326 3154 3.
1347 3130 1378 3154 υ.
1406 3117 1511 3153 iuxta
1536 3145 1544 3153 .
1565 3145 1573 3153 .
1597 3145 1604 3152 .
1630 3127 1771 3152 morem
1796 3116 1855 3163 ΤΙΙ
1873 3121 1918 3152 23
1944 3117 2017 3163 pri-

314 3177 374 3202 mo
400 3166 467 3213 Ru
497 3170 543 3202 24
569 3169 825 3212 assurgentem
851 3165 888 3201 R
924 3165 1178 3218 insurgentem
1204 3165 1244 3200 F
1259 3167 1271 3210 ΙΙ
1303 3169 1348 3201 25
1374 3165 1506 3201 limina
1531 3164 1571 3200 F
1592 3166 1604 3211 ΙΙ
1635 3168 1680 3200 26
1706 3158 1745 3199 id
1771 3167 1827 3199 est
1851 3175 1918 3201 om
1945 3164 1985 3199 F
2006 3165 2018 3211 ΙΙ
2071 3193 2074 3196 .

315 3217 359 3250 27
385 3214 512 3249 fictam
536 3213 573 3249 R
608 3215 621 3259 ΙΙ
658 3218 704 3249 28
729 3216 771 3250 tu
796 3225 861 3250 om.
888 3212 968 3249 AR
1004 3213 1016 3258 ΙΙ
1053 3217 1097 3248 29
1124 3212 1214 3248 item
1240 3213 1373 3260 tuque]
1401 3213 1566 3258 itemque
1593 3211 1633 3247 F
1665 3213 1677 3258 ΙΙ
1715 3211 1816 3258 eum]
1842 3223 1907 3248 om.
1934 3211 2018 3255 AS,

316 3261 413 3297 enim
439 3261 490 3297 M
521 3273 602 3297 cum
630 3261 671 3296 F
