<?xml version="1.0" encoding="UTF-8"?>
<!DOCTYPE html PUBLIC "-//W3C//DTD XHTML 1.0 Transitional//EN"
    "http://www.w3.org/TR/xhtml1/DTD/xhtml1-transitional.dtd">
<html xmlns="http://www.w3.org/1999/xhtml" xml:lang="en" lang="en">
 <head>
  <title>
</title>
<meta http-equiv="Content-Type" content="text/html;charset=utf-8" />
  <meta name='ocr-system' content='tesseract 3.04.00' />
  <meta name='ocr-capabilities' content='ocr_page ocr_carea ocr_par ocr_line ocrx_word'/>
</head>
<body>
  <div class='ocr_page' id='page_1' title='image "./invergiliicarmin02servuoft_0244.png"; bbox 0 0 2092 3614; ppageno 0'>
   <div class='ocr_carea' id='block_1_1' title="bbox 255 1012 297 1043">
    <p class='ocr_par' dir='ltr' id='par_1_1' title="bbox 255 1012 297 1043">
     <span class='ocr_line' id='line_1_1' title="bbox 255 1012 297 1043; baseline 0.024 -1"><span class='ocrx_word' id='word_1_1' title='bbox 255 1012 297 1043; x_wconf 93' lang='lat'><em>10</em></span> 
     </span>
    </p>
   </div>
   <div class='ocr_carea' id='block_1_2' title="bbox 258 1368 300 1400">
    <p class='ocr_par' dir='ltr' id='par_1_2' title="bbox 258 1368 300 1400">
     <span class='ocr_line' id='line_1_2' title="bbox 258 1368 300 1400; baseline 0.024 -1"><span class='ocrx_word' id='word_1_2' title='bbox 258 1368 300 1400; x_wconf 86' lang='lat'><em>15</em></span> 
     </span>
    </p>
   </div>
   <div class='ocr_carea' id='block_1_3' title="bbox 258 1725 304 1756">
    <p class='ocr_par' dir='ltr' id='par_1_3' title="bbox 258 1725 304 1756">
     <span class='ocr_line' id='line_1_3' title="bbox 258 1725 304 1756; baseline 0 0"><span class='ocrx_word' id='word_1_3' title='bbox 258 1725 304 1756; x_wconf 84' lang='lat'><em>20</em></span> 
     </span>
    </p>
   </div>
   <div class='ocr_carea' id='block_1_4' title="bbox 322 222 1252 294">
    <p class='ocr_par' dir='ltr' id='par_1_4' title="bbox 322 222 1252 294">
     <span class='ocr_line' id='line_1_4' title="bbox 322 222 1252 294; baseline -0.004 0"><span class='ocrx_word' id='word_1_4' title='bbox 322 252 410 294; x_wconf 81' lang='lat'><em>230</em></span> <span class='ocrx_word' id='word_1_5' title='bbox 800 222 805 224; x_wconf 7' lang='grc' dir='ltr'>μ</span> <span class='ocrx_word' id='word_1_6' title='bbox 1093 255 1252 291; x_wconf 67' lang='lat' dir='ltr'><em>snssvn</em></span> 
     </span>
    </p>
   </div>
   <div class='ocr_carea' id='block_1_5' title="bbox 322 360 2038 1904">
    <p class='ocr_par' dir='ltr' id='par_1_5' title="bbox 322 360 2028 638">
     <span class='ocr_line' id='line_1_5' title="bbox 323 360 2028 423; baseline 0.004 -20"><span class='ocrx_word' id='word_1_7' title='bbox 323 360 464 404; x_wconf 76' lang='lat' dir='ltr'><em>‘nodis</em></span> <span class='ocrx_word' id='word_1_8' title='bbox 497 363 629 404; x_wconf 89' lang='lat' dir='ltr'><em>robur</em></span> <span class='ocrx_word' id='word_1_9' title='bbox 661 363 918 419; x_wconf 75' lang='lat' dir='ltr'><em>gravatum&#39;,</em></span> <span class='ocrx_word' id='word_1_10' title='bbox 952 366 1077 406; x_wconf 75' lang='lat' dir='ltr'><strong>vacat</strong></span> <span class='ocrx_word' id='word_1_11' title='bbox 1107 364 1233 420; x_wconf 64' lang='lat' dir='ltr'><em>‘que’.</em></span> <span class='ocrx_word' id='word_1_12' title='bbox 1284 365 1545 422; x_wconf 74' lang='lat' dir='ltr'><em>‘gravatum&#39;</em></span> <span class='ocrx_word' id='word_1_13' title='bbox 1578 368 1723 408; x_wconf 76' lang='lat' dir='ltr'><em>autem</em></span> <span class='ocrx_word' id='word_1_14' title='bbox 1756 381 1833 422; x_wconf 84' lang='lat' dir='ltr'><em>pro</em></span> <span class='ocrx_word' id='word_1_15' title='bbox 1866 366 2028 423; x_wconf 71' lang='lat' dir='ltr'><em>‘grave&#39;</em></span> 
     </span>
     <span class='ocr_line' id='line_1_6' title="bbox 322 433 2028 494; baseline 0.004 -20"><span class='ocrx_word' id='word_1_16' title='bbox 322 433 485 488; x_wconf 76' lang='lat' dir='ltr'><em>posuit:</em></span> <span class='ocrx_word' id='word_1_17' title='bbox 528 448 630 475; x_wconf 85' lang='lat' dir='ltr'><em>nam</em></span> <span class='ocrx_word' id='word_1_18' title='bbox 669 447 799 489; x_wconf 86' lang='lat' dir='ltr'><em>grave</em></span> <span class='ocrx_word' id='word_1_19' title='bbox 836 437 903 477; x_wconf 72' lang='lat' dir='ltr'><em>est</em></span> <span class='ocrx_word' id='word_1_20' title='bbox 941 450 1018 490; x_wconf 92' lang='lat' dir='ltr'><em>per</em></span> <span class='ocrx_word' id='word_1_21' title='bbox 1054 438 1256 478; x_wconf 76' lang='lat' dir='ltr'><em>naturam</em></span> <span class='ocrx_word' id='word_1_22' title='bbox 1293 437 1599 493; x_wconf 85' lang='lat' dir='ltr'><em>ponderosum,</em></span> <span class='ocrx_word' id='word_1_23' title='bbox 1642 440 1873 492; x_wconf 74' lang='lat' dir='ltr'><em>gravatum</em></span> <span class='ocrx_word' id='word_1_24' title='bbox 1917 439 2028 494; x_wconf 89' lang='lat' dir='ltr'><em>quod</em></span> 
     </span>
     <span class='ocr_line' id='line_1_7' title="bbox 323 495 2028 565; baseline 0.004 -19"><span class='ocrx_word' id='word_1_25' title='bbox 323 506 529 547; x_wconf 71' lang='lat' dir='ltr'><em>oneratur</em></span> <span class='ocrx_word' id='word_1_26' title='bbox 565 495 841 548; x_wconf 65' lang='lat' dir='ltr'><em>exbrinseeus.</em></span> <span class='ocrx_word' id='word_1_27' title='bbox 902 507 972 548; x_wconf 85' lang='lat' dir='ltr'><em>sed</em></span> <span class='ocrx_word' id='word_1_28' title='bbox 1005 507 1175 560; x_wconf 76' lang='lat' dir='ltr'><em>qnidam</em></span> <span class='ocrx_word' id='word_1_29' title='bbox 1212 508 1357 551; x_wconf 75' lang='lat' dir='ltr'><em>melias</em></span> <span class='ocrx_word' id='word_1_30' title='bbox 1397 508 1668 563; x_wconf 51' lang='lat' dir='ltr'><em>‘yravatumz</em></span> <span class='ocrx_word' id='word_1_31' title='bbox 1704 523 1830 563; x_wconf 78' lang='lat' dir='ltr'><em>quarn</em></span> <span class='ocrx_word' id='word_1_32' title='bbox 1867 509 2028 565; x_wconf 69' lang='lat' dir='ltr'><em>‘yrave&#39;</em></span> 
     </span>
     <span class='ocr_line' id='line_1_8' title="bbox 322 576 1510 638; baseline 0.004 -21"><span class='ocrx_word' id='word_1_33' title='bbox 322 576 475 618; x_wconf 80' lang='lat' dir='ltr'><em>dietam</em></span> <span class='ocrx_word' id='word_1_34' title='bbox 505 577 662 638; x_wconf 79' lang='lat' dir='ltr'><em>volant,</em></span> <span class='ocrx_word' id='word_1_35' title='bbox 693 578 814 631; x_wconf 80' lang='lat' dir='ltr'><em>qnasi</em></span> <span class='ocrx_word' id='word_1_36' title='bbox 845 579 1093 620; x_wconf 73' lang='lat' dir='ltr'><em>eaetrinseeas</em></span> <span class='ocrx_word' id='word_1_37' title='bbox 1122 579 1222 621; x_wconf 87' lang='lat' dir='ltr'><em>nodi</em></span> <span class='ocrx_word' id='word_1_38' title='bbox 1251 580 1338 622; x_wconf 87' lang='lat' dir='ltr'><em>sint</em></span> <span class='ocrx_word' id='word_1_39' title='bbox 1366 580 1510 622; x_wconf 89' lang='lat' dir='ltr'><em>additi.</em></span> 
     </span>
    </p>

    <p class='ocr_par' dir='ltr' id='par_1_6' title="bbox 441 647 1640 706">
     <span class='ocr_line' id='line_1_9' title="bbox 441 647 1640 706; baseline 0.004 -17"><span class='ocrx_word' id='word_1_40' title='bbox 441 647 541 690; x_wconf 88' lang='lat'><strong>222.</strong></span> <span class='ocrx_word' id='word_1_41' title='bbox 592 666 676 691; x_wconf 73' lang='lat' dir='ltr'><em>rm</em></span> <span class='ocrx_word' id='word_1_42' title='bbox 703 666 860 692; x_wconf 62' lang='lat' dir='ltr'><em>pamm!</em></span> <span class='ocrx_word' id='word_1_43' title='bbox 887 649 934 691; x_wconf 90' lang='lat' dir='ltr'><em>id</em></span> <span class='ocrx_word' id='word_1_44' title='bbox 962 653 1020 692; x_wconf 84' lang='lat' dir='ltr'><em>est</em></span> <span class='ocrx_word' id='word_1_45' title='bbox 1041 650 1183 703; x_wconf 85' lang='lat' dir='ltr'><em>primo</em></span> <span class='ocrx_word' id='word_1_46' title='bbox 1213 650 1410 694; x_wconf 74' lang='lat' dir='ltr'><em>Herculis</em></span> <span class='ocrx_word' id='word_1_47' title='bbox 1441 651 1640 706; x_wconf 73' lang='lat' dir='ltr'><em>beneficio.</em></span> 
     </span>
    </p>

    <p class='ocr_par' dir='ltr' id='par_1_7' title="bbox 323 718 2031 920">
     <span class='ocr_line' id='line_1_10' title="bbox 442 718 2030 780; baseline 0.004 -21"><span class='ocrx_word' id='word_1_48' title='bbox 442 718 540 761; x_wconf 89' lang='lat'><strong>223.</strong></span> <span class='ocrx_word' id='word_1_49' title='bbox 590 730 940 770; x_wconf 80' lang='lat' dir='ltr'><strong>TVRBATVMQVE</strong></span> <span class='ocrx_word' id='word_1_50' title='bbox 968 732 1136 764; x_wconf 80' lang='lat' dir='ltr'>OCVLIS</span> <span class='ocrx_word' id='word_1_51' title='bbox 1168 736 1219 764; x_wconf 85' lang='lat' dir='ltr'><em>ea</em></span> <span class='ocrx_word' id='word_1_52' title='bbox 1250 724 1372 777; x_wconf 75' lang='lat' dir='ltr'><em>parte</em></span> <span class='ocrx_word' id='word_1_53' title='bbox 1403 723 1644 775; x_wconf 78' lang='lat' dir='ltr'>turbatum,</span> <span class='ocrx_word' id='word_1_54' title='bbox 1677 739 1786 779; x_wconf 90' lang='lat' dir='ltr'><em>quae</em></span> <span class='ocrx_word' id='word_1_55' title='bbox 1817 723 2030 780; x_wconf 59' lang='lat' dir='ltr'><em>proditrix</em></span> 
     </span>
     <span class='ocr_line' id='line_1_11' title="bbox 323 789 2031 849; baseline 0.004 -19"><span class='ocrx_word' id='word_1_56' title='bbox 323 789 478 832; x_wconf 78' lang='lat' dir='ltr'><em>mentis</em></span> <span class='ocrx_word' id='word_1_57' title='bbox 518 793 596 832; x_wconf 75' lang='lat' dir='ltr'><em>est.</em></span> <span class='ocrx_word' id='word_1_58' title='bbox 657 790 734 832; x_wconf 85' lang='lat' dir='ltr'><strong>alii</strong></span> <span class='ocrx_word' id='word_1_59' title='bbox 766 789 921 832; x_wconf 74' lang='lat' dir='ltr'><em>‘oculi&#39;</em></span> <span class='ocrx_word' id='word_1_60' title='bbox 955 791 1105 848; x_wconf 70' lang='lat' dir='ltr'><em>legunt</em></span> <span class='ocrx_word' id='word_1_61' title='bbox 1145 795 1188 834; x_wconf 76' lang='lat' dir='ltr'><em>et</em></span> <span class='ocrx_word' id='word_1_62' title='bbox 1227 793 1446 848; x_wconf 73' lang='lat' dir='ltr'><em>accipiunt</em></span> <span class='ocrx_word' id='word_1_63' title='bbox 1478 809 1503 835; x_wconf 86' lang='lat' dir='ltr'>a</span> <span class='ocrx_word' id='word_1_64' title='bbox 1536 794 1828 849; x_wconf 85' lang='lat' dir='ltr'><em>superioribus</em></span> <span class='ocrx_word' id='word_1_65' title='bbox 1867 794 2031 837; x_wconf 78' lang='lat' dir='ltr'><em>‘videre</em></span> 
     </span>
     <span class='ocr_line' id='line_1_12' title="bbox 323 860 2031 920; baseline 0.005 -19"><span class='ocrx_word' id='word_1_66' title='bbox 323 860 545 902; x_wconf 70' lang='lat' dir='ltr'><em>turbatum</em></span> <span class='ocrx_word' id='word_1_67' title='bbox 572 860 714 903; x_wconf 88' lang='lat' dir='ltr'><em>oeuli’.</em></span> <span class='ocrx_word' id='word_1_68' title='bbox 805 879 936 906; x_wconf 68' lang='lat' dir='ltr'><em>amm</em></span> <span class='ocrx_word' id='word_1_69' title='bbox 948 866 1083 916; x_wconf 83' lang='lat' dir='ltr'><em>potest</em></span> <span class='ocrx_word' id='word_1_70' title='bbox 1106 862 1243 906; x_wconf 75' lang='lat' dir='ltr'><em>‘ilicet&#39;</em></span> <span class='ocrx_word' id='word_1_71' title='bbox 1270 865 1401 918; x_wconf 82' lang='lat' dir='ltr'><em>aeeipi</em></span> <span class='ocrx_word' id='word_1_72' title='bbox 1416 879 1498 919; x_wconf 93' lang='lat' dir='ltr'><em>pro</em></span> <span class='ocrx_word' id='word_1_73' title='bbox 1518 865 1674 920; x_wconf 72' lang='lat' dir='ltr'><em>‘iyitnr&#39;</em></span> <span class='ocrx_word' id='word_1_74' title='bbox 1698 869 1774 908; x_wconf 79' lang='lat' dir='ltr'><em>ant</em></span> <span class='ocrx_word' id='word_1_75' title='bbox 1798 866 2031 909; x_wconf 70' lang='lat' dir='ltr'><em>‘eontinuo’.</em></span> 
     </span>
    </p>

    <p class='ocr_par' dir='ltr' id='par_1_8' title="bbox 324 932 2033 1046">
     <span class='ocr_line' id='line_1_13' title="bbox 443 932 2033 993; baseline 0.004 -20"><span class='ocrx_word' id='word_1_76' title='bbox 443 932 541 974; x_wconf 93' lang='lat'><strong>226.</strong></span> <span class='ocrx_word' id='word_1_77' title='bbox 590 944 712 974; x_wconf 79' lang='lat' dir='ltr'><strong>ARTE</strong></span> <span class='ocrx_word' id='word_1_78' title='bbox 757 944 977 975; x_wconf 79' lang='lat' dir='ltr'>PATERNA</span> <span class='ocrx_word' id='word_1_79' title='bbox 1020 937 1268 989; x_wconf 70' lang='lat' dir='ltr'><em>perseverat</em></span> <span class='ocrx_word' id='word_1_80' title='bbox 1311 935 1354 977; x_wconf 89' lang='lat' dir='ltr'><em>in</em></span> <span class='ocrx_word' id='word_1_81' title='bbox 1398 936 1559 980; x_wconf 85' lang='lat' dir='ltr'><strong>fabula.</strong></span> <span class='ocrx_word' id='word_1_82' title='bbox 1618 951 1719 979; x_wconf 84' lang='lat' dir='ltr'><em>sane</em></span> <span class='ocrx_word' id='word_1_83' title='bbox 1753 938 1876 980; x_wconf 82' lang='lat' dir='ltr'><em>aliter</em></span> <span class='ocrx_word' id='word_1_84' title='bbox 1909 938 2033 993; x_wconf 81' lang='lat' dir='ltr'><em>ferro,</em></span> 
     </span>
     <span class='ocr_line' id='line_1_14' title="bbox 324 1003 573 1046; baseline 0.004 -2"><span class='ocrx_word' id='word_1_85' title='bbox 324 1003 445 1045; x_wconf 84' lang='lat' dir='ltr'><em>aliter</em></span> <span class='ocrx_word' id='word_1_86' title='bbox 476 1007 573 1046; x_wconf 88' lang='lat' dir='ltr'><em>arte.</em></span> 
     </span>
    </p>

    <p class='ocr_par' dir='ltr' id='par_1_9' title="bbox 324 1076 2033 1348">
     <span class='ocr_line' id='line_1_15' title="bbox 381 1076 2033 1132; baseline 0.005 -16"><span class='ocrx_word' id='word_1_87' title='bbox 381 1091 384 1095; x_wconf 93' lang='lat'>·</span> <span class='ocrx_word' id='word_1_88' title='bbox 443 1076 541 1118; x_wconf 84' lang='lat'><strong>227.</strong></span> <span class='ocrx_word' id='word_1_89' title='bbox 592 1093 761 1124; x_wconf 71' lang='lat' dir='ltr'><em>FnrosQ</em></span> <span class='ocrx_word' id='word_1_90' title='bbox 770 1093 817 1119; x_wconf 81' lang='lat' dir='ltr'><em>VE</em></span> <span class='ocrx_word' id='word_1_91' title='bbox 846 1088 1042 1119; x_wconf 81' lang='lat' dir='ltr'>EMVNIIT</span> <span class='ocrx_word' id='word_1_92' title='bbox 1072 1077 1442 1132; x_wconf 76' lang='lat' dir='ltr'><em>hysteroproteron:</em></span> <span class='ocrx_word' id='word_1_93' title='bbox 1473 1079 1596 1132; x_wconf 79' lang='lat' dir='ltr'><em>fulsit</em></span> <span class='ocrx_word' id='word_1_94' title='bbox 1630 1083 1678 1122; x_wconf 80' lang='lat' dir='ltr'><em>nt</em></span> <span class='ocrx_word' id='word_1_95' title='bbox 1706 1081 1859 1123; x_wconf 77' lang='lat' dir='ltr'><em>muniti</em></span> <span class='ocrx_word' id='word_1_96' title='bbox 1894 1085 2033 1124; x_wconf 83' lang='lat' dir='ltr'><em>essent.</em></span> 
     </span>
     <span class='ocr_line' id='line_1_16' title="bbox 324 1146 2032 1204; baseline 0.004 -16"><span class='ocrx_word' id='word_1_97' title='bbox 324 1150 362 1188; x_wconf 81' lang='lat' dir='ltr'><em>et</em></span> <span class='ocrx_word' id='word_1_98' title='bbox 392 1146 599 1189; x_wconf 78' lang='lat' dir='ltr'><em>‘emuniit&#39;</em></span> <span class='ocrx_word' id='word_1_99' title='bbox 632 1148 743 1190; x_wconf 74' lang='lat' dir='ltr'><em>sieut</em></span> <span class='ocrx_word' id='word_1_100' title='bbox 775 1146 974 1203; x_wconf 70' lang='lat' dir='ltr'><em>‘mugiit&#39;</em></span> <span class='ocrx_word' id='word_1_101' title='bbox 1015 1150 1058 1190; x_wconf 72' lang='lat' dir='ltr'><em>et</em></span> <span class='ocrx_word' id='word_1_102' title='bbox 1090 1147 1300 1190; x_wconf 72' lang='lat' dir='ltr'><em>‘emuniit’</em></span> <span class='ocrx_word' id='word_1_103' title='bbox 1332 1165 1410 1204; x_wconf 90' lang='lat' dir='ltr'><em>pro</em></span> <span class='ocrx_word' id='word_1_104' title='bbox 1442 1151 1663 1194; x_wconf 75' lang='lat' dir='ltr'><em>emunivit.</em></span> <span class='ocrx_word' id='word_1_105' title='bbox 1785 1162 1923 1194; x_wconf 80' lang='lat' dir='ltr'><strong>OBIGE</strong></span> <span class='ocrx_word' id='word_1_106' title='bbox 1955 1163 2032 1195; x_wconf 48' lang='lat' dir='ltr'><em>Por</em></span> 
     </span>
     <span class='ocr_line' id='line_1_17' title="bbox 325 1214 2032 1278; baseline 0.002 -17"><span class='ocrx_word' id='word_1_107' title='bbox 325 1230 433 1261; x_wconf 84' lang='lat' dir='ltr'>STES</span> <span class='ocrx_word' id='word_1_108' title='bbox 465 1218 577 1261; x_wconf 86' lang='lat' dir='ltr'><em>hanc</em></span> <span class='ocrx_word' id='word_1_109' title='bbox 609 1219 776 1262; x_wconf 83' lang='lat' dir='ltr'>obicem</span> <span class='ocrx_word' id='word_1_110' title='bbox 809 1218 1007 1273; x_wconf 81' lang='lat' dir='ltr'>dicimus,</span> <span class='ocrx_word' id='word_1_111' title='bbox 1039 1221 1088 1261; x_wconf 73' lang='lat' dir='ltr'><em>ut</em></span> <span class='ocrx_word' id='word_1_112' title='bbox 1113 1219 1182 1274; x_wconf 87' lang='lat' dir='ltr'><em>&lt;X</em></span> <span class='ocrx_word' id='word_1_113' title='bbox 1202 1214 1316 1275; x_wconf 83' lang='lat'>377&gt;</span> <span class='ocrx_word' id='word_1_114' title='bbox 1348 1235 1462 1263; x_wconf 83' lang='lat' dir='ltr'><em>ecee</em></span> <span class='ocrx_word' id='word_1_115' title='bbox 1493 1221 1647 1263; x_wconf 85' lang='lat' dir='ltr'><em>maris</em></span> <span class='ocrx_word' id='word_1_116' title='bbox 1681 1236 1865 1278; x_wconf 85' lang='lat' dir='ltr'><em>magna</em></span> <span class='ocrx_word' id='word_1_117' title='bbox 1897 1223 2032 1265; x_wconf 84' lang='lat' dir='ltr'><em>elau-</em></span> 
     </span>
     <span class='ocr_line' id='line_1_18' title="bbox 325 1289 2033 1348; baseline 0.003 -17"><span class='ocrx_word' id='word_1_118' title='bbox 325 1289 401 1331; x_wconf 77' lang='lat' dir='ltr'><em>dit</em></span> <span class='ocrx_word' id='word_1_119' title='bbox 425 1304 516 1332; x_wconf 86' lang='lat' dir='ltr'><em>nos</em></span> <span class='ocrx_word' id='word_1_120' title='bbox 543 1290 687 1332; x_wconf 81' lang='lat' dir='ltr'><em>obice</em></span> <span class='ocrx_word' id='word_1_121' title='bbox 712 1292 911 1344; x_wconf 64' lang='lat' dir='ltr'><em>pontus.</em></span> <span class='ocrx_word' id='word_1_122' title='bbox 956 1290 1158 1333; x_wconf 70' lang='lat' dir='ltr'><em>dubitant</em></span> <span class='ocrx_word' id='word_1_123' title='bbox 1179 1291 1290 1333; x_wconf 87' lang='lat' dir='ltr'><em>enim</em></span> <span class='ocrx_word' id='word_1_124' title='bbox 1312 1292 1455 1348; x_wconf 72' lang='lat' dir='ltr'>mulbi,</span> <span class='ocrx_word' id='word_1_125' title='bbox 1480 1295 1626 1335; x_wconf 73' lang='lat' dir='ltr'><em>utrum</em></span> <span class='ocrx_word' id='word_1_126' title='bbox 1652 1293 1938 1336; x_wconf 77' lang='lat' dir='ltr'><em>masculinum</em></span> <span class='ocrx_word' id='word_1_127' title='bbox 1965 1294 2033 1337; x_wconf 77' lang='lat' dir='ltr'><strong>sit.</strong></span> 
     </span>
    </p>

    <p class='ocr_par' dir='ltr' id='par_1_10' title="bbox 326 1361 2035 1489">
     <span class='ocr_line' id='line_1_19' title="bbox 445 1361 2035 1420; baseline 0.003 -17"><span class='ocrx_word' id='word_1_128' title='bbox 445 1361 544 1403; x_wconf 88' lang='lat'><strong>228.</strong></span> <span class='ocrx_word' id='word_1_129' title='bbox 594 1373 881 1404; x_wconf 81' lang='lat' dir='ltr'>TIRYNTHIVS</span> <span class='ocrx_word' id='word_1_130' title='bbox 915 1377 940 1404; x_wconf 86' lang='lat' dir='ltr'>a</span> <span class='ocrx_word' id='word_1_131' title='bbox 971 1362 1205 1418; x_wconf 75' lang='lat' dir='ltr'><strong>Tiryntha,</strong></span> <span class='ocrx_word' id='word_1_132' title='bbox 1242 1363 1287 1404; x_wconf 90' lang='lat' dir='ltr'><em>in</em></span> <span class='ocrx_word' id='word_1_133' title='bbox 1318 1378 1402 1418; x_wconf 82' lang='lat' dir='ltr'><em>qua</em></span> <span class='ocrx_word' id='word_1_134' title='bbox 1434 1365 1623 1406; x_wconf 63' lang='lat' dir='ltr'><em>nussrissus</em></span> <span class='ocrx_word' id='word_1_135' title='bbox 1656 1366 1720 1406; x_wconf 72' lang='lat' dir='ltr'><em>est</em></span> <span class='ocrx_word' id='word_1_136' title='bbox 1751 1365 1948 1420; x_wconf 73' lang='lat' dir='ltr'><em>civitate,</em></span> <span class='ocrx_word' id='word_1_137' title='bbox 1986 1368 2035 1408; x_wconf 75' lang='lat' dir='ltr'><em>ut</em></span> 
     </span>
     <span class='ocr_line' id='line_1_20' title="bbox 326 1431 1630 1489; baseline 0.003 -16"><span class='ocrx_word' id='word_1_138' title='bbox 326 1431 513 1474; x_wconf 86' lang='lat' dir='ltr'><strong>diximus</strong></span> <span class='ocrx_word' id='word_1_139' title='bbox 545 1447 676 1487; x_wconf 81' lang='lat' dir='ltr'><em>supra</em></span> <span class='ocrx_word' id='word_1_140' title='bbox 708 1432 822 1487; x_wconf 88' lang='lat' dir='ltr'>&lt;VII</span> <span class='ocrx_word' id='word_1_141' title='bbox 848 1433 978 1487; x_wconf 50' lang='lat'><strong>662)</strong></span> <span class='ocrx_word' id='word_1_142' title='bbox 1022 1436 1060 1475; x_wconf 89' lang='lat' dir='ltr'><em>et</em></span> <span class='ocrx_word' id='word_1_143' title='bbox 1088 1437 1147 1476; x_wconf 83' lang='lat' dir='ltr'><em>est</em></span> <span class='ocrx_word' id='word_1_144' title='bbox 1175 1448 1315 1477; x_wconf 75' lang='lat' dir='ltr'><em>versas</em></span> <span class='ocrx_word' id='word_1_145' title='bbox 1344 1435 1630 1489; x_wconf 71' lang='lat' dir='ltr'><em>hypermetrus.</em></span> 
     </span>
    </p>

    <p class='ocr_par' dir='ltr' id='par_1_11' title="bbox 325 1504 2038 1774">
     <span class='ocr_line' id='line_1_21' title="bbox 444 1504 2035 1563; baseline 0.003 -17"><span class='ocrx_word' id='word_1_146' title='bbox 444 1504 543 1546; x_wconf 82' lang='lat'><strong>230.</strong></span> <span class='ocrx_word' id='word_1_147' title='bbox 593 1521 737 1547; x_wconf 81' lang='lat' dir='ltr'><em>DENTIB</em></span> <span class='ocrx_word' id='word_1_148' title='bbox 746 1521 789 1547; x_wconf 77' lang='lat' dir='ltr'><em>vs</em></span> <span class='ocrx_word' id='word_1_149' title='bbox 818 1522 1069 1547; x_wconf 72' lang='lat' dir='ltr'><em>INFRENDENS</em></span> <span class='ocrx_word' id='word_1_150' title='bbox 1090 1506 1260 1559; x_wconf 75' lang='lat' dir='ltr'><em>proprie</em></span> <span class='ocrx_word' id='word_1_151' title='bbox 1291 1505 1558 1559; x_wconf 71' lang='lat' dir='ltr'><em>‘infrendens’</em></span> <span class='ocrx_word' id='word_1_152' title='bbox 1590 1510 1649 1549; x_wconf 83' lang='lat' dir='ltr'><em>est</em></span> <span class='ocrx_word' id='word_1_153' title='bbox 1677 1507 1784 1550; x_wconf 88' lang='lat' dir='ltr'><em>inter</em></span> <span class='ocrx_word' id='word_1_154' title='bbox 1813 1522 1853 1550; x_wconf 88' lang='lat' dir='ltr'><em>se</em></span> <span class='ocrx_word' id='word_1_155' title='bbox 1877 1510 2035 1563; x_wconf 75' lang='lat' dir='ltr'><em>conpri-</em></span> 
     </span>
     <span class='ocr_line' id='line_1_22' title="bbox 325 1576 2035 1634; baseline 0.003 -17"><span class='ocrx_word' id='word_1_156' title='bbox 325 1588 438 1618; x_wconf 82' lang='lat' dir='ltr'><em>mens</em></span> <span class='ocrx_word' id='word_1_157' title='bbox 468 1576 626 1618; x_wconf 82' lang='lat' dir='ltr'><em>dentes:</em></span> <span class='ocrx_word' id='word_1_158' title='bbox 657 1589 758 1617; x_wconf 82' lang='lat' dir='ltr'><em>nam</em></span> <span class='ocrx_word' id='word_1_159' title='bbox 783 1579 821 1618; x_wconf 87' lang='lat' dir='ltr'><em>et</em></span> <span class='ocrx_word' id='word_1_160' title='bbox 846 1576 1033 1629; x_wconf 77' lang='lat' dir='ltr'><em>frendere</em></span> <span class='ocrx_word' id='word_1_161' title='bbox 1056 1577 1262 1631; x_wconf 69' lang='lat' dir='ltr'><em>siqnifi‘eat</em></span> <span class='ocrx_word' id='word_1_162' title='bbox 1291 1578 1475 1634; x_wconf 79' lang='lat' dir='ltr'><em>dentibus</em></span> <span class='ocrx_word' id='word_1_163' title='bbox 1502 1578 1709 1632; x_wconf 75' lang='lat' dir='ltr'><em>franyere,</em></span> <span class='ocrx_word' id='word_1_164' title='bbox 1741 1580 1848 1621; x_wconf 81' lang='lat' dir='ltr'><em>‘ande</em></span> <span class='ocrx_word' id='word_1_165' title='bbox 1878 1580 2035 1632; x_wconf 79' lang='lat' dir='ltr'><em>nefren-</em></span> 
     </span>
     <span class='ocr_line' id='line_1_23' title="bbox 325 1646 2038 1704; baseline 0.002 -16"><span class='ocrx_word' id='word_1_166' title='bbox 325 1647 394 1688; x_wconf 86' lang='lat' dir='ltr'><em>des</em></span> <span class='ocrx_word' id='word_1_167' title='bbox 429 1646 628 1701; x_wconf 82' lang='lat' dir='ltr'><em>infantes,</em></span> <span class='ocrx_word' id='word_1_168' title='bbox 667 1648 768 1700; x_wconf 69' lang='lat' dir='ltr'><em>quia</em></span> <span class='ocrx_word' id='word_1_169' title='bbox 797 1648 980 1689; x_wconf 80' lang='lat' dir='ltr'><em>nondum</em></span> <span class='ocrx_word' id='word_1_170' title='bbox 1010 1647 1157 1690; x_wconf 77' lang='lat' dir='ltr'><em>habent</em></span> <span class='ocrx_word' id='word_1_171' title='bbox 1186 1649 1330 1690; x_wconf 82' lang='lat' dir='ltr'><em>dentes.</em></span> <span class='ocrx_word' id='word_1_172' title='bbox 1374 1652 1411 1690; x_wconf 90' lang='lat' dir='ltr'><em>et</em></span> <span class='ocrx_word' id='word_1_173' title='bbox 1448 1649 1580 1691; x_wconf 88' lang='lat' dir='ltr'><em>Varro</em></span> <span class='ocrx_word' id='word_1_174' title='bbox 1614 1649 1753 1702; x_wconf 82' lang='lat' dir='ltr'><em>frenos</em></span> <span class='ocrx_word' id='word_1_175' title='bbox 1788 1650 1884 1692; x_wconf 79' lang='lat' dir='ltr'><em>hine</em></span> <span class='ocrx_word' id='word_1_176' title='bbox 1911 1654 2038 1704; x_wconf 79' lang='lat' dir='ltr'><em>putat</em></span> 
     </span>
     <span class='ocr_line' id='line_1_24' title="bbox 329 1718 1945 1774; baseline 0.002 -15"><span class='ocrx_word' id='word_1_177' title='bbox 329 1718 466 1760; x_wconf 78' lang='lat' dir='ltr'><em>dictos.</em></span> <span class='ocrx_word' id='word_1_178' title='bbox 505 1718 691 1770; x_wconf 79' lang='lat' dir='ltr'><em>frendere</em></span> <span class='ocrx_word' id='word_1_179' title='bbox 722 1732 814 1772; x_wconf 73' lang='lat' dir='ltr'><em>eryo</em></span> <span class='ocrx_word' id='word_1_180' title='bbox 844 1722 1001 1772; x_wconf 74' lang='lat' dir='ltr'><em>queqno</em></span> <span class='ocrx_word' id='word_1_181' title='bbox 1032 1720 1149 1761; x_wconf 83' lang='lat' dir='ltr'><em>modo</em></span> <span class='ocrx_word' id='word_1_182' title='bbox 1178 1719 1386 1774; x_wconf 73' lang='lat' dir='ltr'><em>franyere,</em></span> <span class='ocrx_word' id='word_1_183' title='bbox 1417 1723 1464 1762; x_wconf 81' lang='lat' dir='ltr'><em>at</em></span> <span class='ocrx_word' id='word_1_184' title='bbox 1494 1720 1619 1773; x_wconf 77' lang='lat' dir='ltr'><em>‘fresa</em></span> <span class='ocrx_word' id='word_1_185' title='bbox 1647 1719 1768 1774; x_wconf 84' lang='lat' dir='ltr'><em>faba&#39;</em></span> <span class='ocrx_word' id='word_1_186' title='bbox 1797 1721 1945 1774; x_wconf 83' lang='lat' dir='ltr'><em>fracta.</em></span> 
     </span>
    </p>

    <p class='ocr_par' dir='ltr' id='par_1_12' title="bbox 328 1789 2035 1904">
     <span class='ocr_line' id='line_1_25' title="bbox 446 1789 2035 1849; baseline 0.003 -18"><span class='ocrx_word' id='word_1_187' title='bbox 446 1790 546 1832; x_wconf 86' lang='lat'><strong>231.</strong></span> <span class='ocrx_word' id='word_1_188' title='bbox 595 1801 822 1832; x_wconf 82' lang='lat' dir='ltr'>AVENTINI</span> <span class='ocrx_word' id='word_1_189' title='bbox 847 1801 1045 1832; x_wconf 68' lang='lat' dir='ltr'><strong>MORTEM</strong></span> <span class='ocrx_word' id='word_1_190' title='bbox 1071 1792 1120 1832; x_wconf 69' lang='lat' dir='ltr'><em>ut</em></span> <span class='ocrx_word' id='word_1_191' title='bbox 1140 1789 1190 1845; x_wconf 87' lang='lat'><em>&lt;1</em></span> <span class='ocrx_word' id='word_1_192' title='bbox 1210 1790 1325 1845; x_wconf 83' lang='lat'><em>244&gt;</em></span> <span class='ocrx_word' id='word_1_193' title='bbox 1351 1791 1546 1833; x_wconf 76' lang='lat' dir='ltr'><em>fontem</em></span> <span class='ocrx_word' id='word_1_194' title='bbox 1566 1791 1779 1848; x_wconf 86' lang='lat' dir='ltr'><em>Timavi,</em></span> <span class='ocrx_word' id='word_1_195' title='bbox 1806 1792 2035 1849; x_wconf 84' lang='lat'>&lt;111293&gt;</span> 
     </span>
     <span class='ocr_line' id='line_1_26' title="bbox 328 1860 794 1904; baseline 0.004 -2"><span class='ocrx_word' id='word_1_196' title='bbox 328 1860 578 1903; x_wconf 61' lang='lat' dir='ltr'><em>Busshroti</em></span> <span class='ocrx_word' id='word_1_197' title='bbox 607 1861 794 1904; x_wconf 86' lang='lat' dir='ltr'><em>urbem.</em></span> 
     </span>
    </p>
   </div>
   <div class='ocr_carea' id='block_1_6' title="bbox 447 1933 2035 1989">
    <p class='ocr_par' dir='ltr' id='par_1_13' title="bbox 447 1933 2035 1989">
     <span class='ocr_line' id='line_1_27' title="bbox 447 1933 2035 1989; baseline 0.003 -15"><span class='ocrx_word' id='word_1_198' title='bbox 447 1933 546 1975; x_wconf 86' lang='lat'><strong>232.</strong></span> <span class='ocrx_word' id='word_1_199' title='bbox 596 1944 688 1974; x_wconf 80' lang='lat' dir='ltr'><em>TER</em></span> <span class='ocrx_word' id='word_1_200' title='bbox 731 1943 897 1976; x_wconf 78' lang='lat' dir='ltr'><strong>FEssvs</strong></span> <span class='ocrx_word' id='word_1_201' title='bbox 941 1944 1096 1975; x_wconf 81' lang='lat' dir='ltr'>VALLE</span> <span class='ocrx_word' id='word_1_202' title='bbox 1141 1944 1334 1976; x_wconf 77' lang='lat' dir='ltr'><em>RESEDrr</em></span> <span class='ocrx_word' id='word_1_203' title='bbox 1379 1948 1510 1989; x_wconf 80' lang='lat' dir='ltr'><em>egens</em></span> <span class='ocrx_word' id='word_1_204' title='bbox 1555 1934 1743 1978; x_wconf 83' lang='lat' dir='ltr'><em>consilii:</em></span> <span class='ocrx_word' id='word_1_205' title='bbox 1803 1934 2035 1979; x_wconf 68' lang='lat' dir='ltr'><strong>Sallustius</strong></span> 
     </span>
    </p>
   </div>
   <div class='ocr_carea' id='block_1_7' title="bbox 329 2029 613 2034">
    <p class='ocr_par' dir='ltr' id='par_1_14' title="bbox 329 2029 613 2034">
     <span class='ocr_line' id='line_1_28' title="bbox 329 2029 613 2034; baseline 0 0"><span class='ocrx_word' id='word_1_206' title='bbox 329 2029 613 2034; x_wconf 95' lang='lat' dir='ltr'><em> </em></span> 
     </span>
    </p>
   </div>
   <div class='ocr_carea' id='block_1_8' title="bbox 329 2085 2035 2275">
    <p class='ocr_par' dir='ltr' id='par_1_15' title="bbox 329 2085 2035 2275">
     <span class='ocr_line' id='line_1_29' title="bbox 425 2085 2035 2135; baseline 0.001 -14"><span class='ocrx_word' id='word_1_207' title='bbox 425 2091 446 2121; x_wconf 98' lang='grc'><strong>2</strong></span> <span class='ocrx_word' id='word_1_208' title='bbox 473 2097 586 2132; x_wconf 78' lang='lat' dir='ltr'><em>grave</em></span> <span class='ocrx_word' id='word_1_209' title='bbox 613 2116 620 2123; x_wconf 94' lang='lat'><strong>.</strong></span> <span class='ocrx_word' id='word_1_210' title='bbox 643 2114 649 2121; x_wconf 94' lang='lat'><strong>.</strong></span> <span class='ocrx_word' id='word_1_211' title='bbox 673 2114 679 2120; x_wconf 96' lang='lat'><strong>.</strong></span> <span class='ocrx_word' id='word_1_212' title='bbox 708 2085 953 2132; x_wconf 75' lang='lat' dir='ltr'><em>extrinsecus]</em></span> <span class='ocrx_word' id='word_1_213' title='bbox 981 2086 1026 2121; x_wconf 86' lang='lat' dir='ltr'><em>cf.</em></span> <span class='ocrx_word' id='word_1_214' title='bbox 1054 2085 1138 2122; x_wconf 87' lang='lat' dir='ltr'><em>Isid.</em></span> <span class='ocrx_word' id='word_1_215' title='bbox 1165 2086 1240 2123; x_wconf 86' lang='lat' dir='ltr'><em>diff.</em></span> <span class='ocrx_word' id='word_1_216' title='bbox 1266 2087 1368 2123; x_wconf 87' lang='lat' dir='ltr'><em>verb.</em></span> <span class='ocrx_word' id='word_1_217' title='bbox 1395 2090 1463 2123; x_wconf 82' lang='lat'><em>266</em></span> <span class='ocrx_word' id='word_1_218' title='bbox 1501 2088 1513 2133; x_wconf 77' lang='grc' dir='ltr'><em>ΙΙ</em></span> <span class='ocrx_word' id='word_1_219' title='bbox 1553 2091 1594 2122; x_wconf 83' lang='grc'><em>17</em></span> <span class='ocrx_word' id='word_1_220' title='bbox 1621 2087 1769 2133; x_wconf 81' lang='lat' dir='ltr'><em>proprie</em></span> <span class='ocrx_word' id='word_1_221' title='bbox 1795 2099 1826 2123; x_wconf 91' lang='lat' dir='ltr'><em>e.</em></span> <span class='ocrx_word' id='word_1_222' title='bbox 1853 2099 1888 2132; x_wconf 88' lang='lat' dir='ltr'><em>q.</em></span> <span class='ocrx_word' id='word_1_223' title='bbox 1915 2088 1962 2135; x_wconf 81' lang='lat' dir='ltr'><strong>s.]</strong></span> <span class='ocrx_word' id='word_1_224' title='bbox 1989 2088 2035 2124; x_wconf 86' lang='lat' dir='ltr'><em>ef.</em></span> 
     </span>
     <span class='ocr_line' id='line_1_30' title="bbox 329 2133 2035 2180; baseline 0.001 -11"><span class='ocrx_word' id='word_1_225' title='bbox 329 2135 432 2170; x_wconf 74' lang='lat' dir='ltr'><strong>Luct.</strong></span> <span class='ocrx_word' id='word_1_226' title='bbox 459 2133 559 2169; x_wconf 84' lang='lat' dir='ltr'><em>Plae.</em></span> <span class='ocrx_word' id='word_1_227' title='bbox 587 2134 634 2169; x_wconf 83' lang='lat' dir='ltr'><em>ad</em></span> <span class='ocrx_word' id='word_1_228' title='bbox 661 2133 754 2169; x_wconf 76' lang='lat' dir='ltr'><strong>Stat.</strong></span> <span class='ocrx_word' id='word_1_229' title='bbox 782 2133 898 2168; x_wconf 86' lang='lat' dir='ltr'><em>Theb.</em></span> <span class='ocrx_word' id='word_1_230' title='bbox 925 2133 957 2168; x_wconf 95' lang='lat' dir='ltr'><strong>V</strong></span> <span class='ocrx_word' id='word_1_231' title='bbox 985 2137 1052 2169; x_wconf 88' lang='grc'><em>663</em></span> <span class='ocrx_word' id='word_1_232' title='bbox 1079 2136 1117 2170; x_wconf 75' lang='lat' dir='ltr'><em>et</em></span> <span class='ocrx_word' id='word_1_233' title='bbox 1142 2134 1192 2169; x_wconf 92' lang='lat' dir='ltr'><em>IX</em></span> <span class='ocrx_word' id='word_1_234' title='bbox 1212 2137 1292 2171; x_wconf 89' lang='lat'><strong>446.</strong></span> <span class='ocrx_word' id='word_1_235' title='bbox 1331 2134 1416 2170; x_wconf 82' lang='lat' dir='ltr'><em>Isid.</em></span> <span class='ocrx_word' id='word_1_236' title='bbox 1444 2146 1496 2170; x_wconf 93' lang='lat' dir='ltr'><em>or.</em></span> <span class='ocrx_word' id='word_1_237' title='bbox 1523 2134 1556 2169; x_wconf 92' lang='lat' dir='ltr'>X</span> <span class='ocrx_word' id='word_1_238' title='bbox 1578 2139 1644 2171; x_wconf 88' lang='lat'><em>105</em></span> <span class='ocrx_word' id='word_1_239' title='bbox 1665 2139 1704 2170; x_wconf 78' lang='lat' dir='ltr'><em>et</em></span> <span class='ocrx_word' id='word_1_240' title='bbox 1725 2139 1808 2178; x_wconf 77' lang='lat'><strong>1373</strong></span> <span class='ocrx_word' id='word_1_241' title='bbox 1835 2135 1939 2171; x_wconf 85' lang='lat' dir='ltr'>XVII</span> <span class='ocrx_word' id='word_1_242' title='bbox 1958 2139 1991 2180; x_wconf 89' lang='lat'><em>4,</em></span> <span class='ocrx_word' id='word_1_243' title='bbox 2013 2140 2035 2171; x_wconf 88' lang='lat'>4</span> 
     </span>
     <span class='ocr_line' id='line_1_31' title="bbox 331 2180 2034 2229; baseline 0.001 -12"><span class='ocrx_word' id='word_1_244' title='bbox 331 2183 369 2217; x_wconf 74' lang='lat' dir='ltr'><em>et</em></span> <span class='ocrx_word' id='word_1_245' title='bbox 400 2181 468 2216; x_wconf 90' lang='lat' dir='ltr'><em>XX</em></span> <span class='ocrx_word' id='word_1_246' title='bbox 502 2185 562 2225; x_wconf 89' lang='lat'><em>16,</em></span> <span class='ocrx_word' id='word_1_247' title='bbox 592 2185 622 2216; x_wconf 86' lang='lat'><strong>1.</strong></span> <span class='ocrx_word' id='word_1_248' title='bbox 654 2180 758 2216; x_wconf 59' lang='lat' dir='ltr'><em>isid.</em></span> <span class='ocrx_word' id='word_1_249' title='bbox 792 2180 869 2216; x_wconf 85' lang='lat' dir='ltr'><em>diff.</em></span> <span class='ocrx_word' id='word_1_250' title='bbox 902 2180 1002 2217; x_wconf 86' lang='lat' dir='ltr'><em>verb.</em></span> <span class='ocrx_word' id='word_1_251' title='bbox 1035 2185 1113 2217; x_wconf 84' lang='lat'><strong>226.</strong></span> <span class='ocrx_word' id='word_1_252' title='bbox 1162 2181 1259 2217; x_wconf 74' lang='lat' dir='ltr'><em>Fest.</em></span> <span class='ocrx_word' id='word_1_253' title='bbox 1293 2182 1396 2218; x_wconf 83' lang='lat' dir='ltr'><strong>Paul.</strong></span> <span class='ocrx_word' id='word_1_254' title='bbox 1430 2194 1457 2217; x_wconf 85' lang='lat' dir='ltr'><strong>s.</strong></span> <span class='ocrx_word' id='word_1_255' title='bbox 1489 2194 1522 2217; x_wconf 89' lang='lat' dir='ltr'><strong>v.</strong></span> <span class='ocrx_word' id='word_1_256' title='bbox 1553 2182 1734 2218; x_wconf 83' lang='lat' dir='ltr'><em>frendere.</em></span> <span class='ocrx_word' id='word_1_257' title='bbox 1783 2182 1884 2219; x_wconf 86' lang='lat' dir='ltr'><em>Plae.</em></span> <span class='ocrx_word' id='word_1_258' title='bbox 1920 2183 2034 2229; x_wconf 82' lang='lat' dir='ltr'><strong>gloss.</strong></span> 
     </span>
     <span class='ocr_line' id='line_1_32' title="bbox 330 2227 1974 2275; baseline 0.001 -11"><span class='ocrx_word' id='word_1_259' title='bbox 330 2241 366 2275; x_wconf 87' lang='lat' dir='ltr'><em>p.</em></span> <span class='ocrx_word' id='word_1_260' title='bbox 394 2233 451 2275; x_wconf 91' lang='lat'><em>31,</em></span> <span class='ocrx_word' id='word_1_261' title='bbox 480 2232 523 2265; x_wconf 90' lang='lat'><strong>16</strong></span> <span class='ocrx_word' id='word_1_262' title='bbox 550 2228 696 2265; x_wconf 85' lang='lat' dir='ltr'><em>Deuerl.</em></span> <span class='ocrx_word' id='word_1_263' title='bbox 728 2229 740 2275; x_wconf 77' lang='lat' dir='ltr'>ss</span> <span class='ocrx_word' id='word_1_264' title='bbox 772 2231 816 2264; x_wconf 86' lang='grc'><strong>23</strong></span> <span class='ocrx_word' id='word_1_265' title='bbox 844 2227 1057 2275; x_wconf 77' lang='lat' dir='ltr'><strong>Sallustius]</strong></span> <span class='ocrx_word' id='word_1_266' title='bbox 1084 2228 1170 2266; x_wconf 73' lang='lat' dir='ltr'><em>hist.</em></span> <span class='ocrx_word' id='word_1_267' title='bbox 1196 2229 1268 2265; x_wconf 85' lang='lat' dir='ltr'><em>ine.</em></span> <span class='ocrx_word' id='word_1_268' title='bbox 1298 2233 1340 2265; x_wconf 94' lang='grc'><em>10</em></span> <span class='ocrx_word' id='word_1_269' title='bbox 1366 2229 1530 2266; x_wconf 79' lang='lat' dir='ltr'><em>Dietsch.</em></span> <span class='ocrx_word' id='word_1_270' title='bbox 1556 2229 1592 2265; x_wconf 92' lang='lat' dir='ltr'><em>II</em></span> <span class='ocrx_word' id='word_1_271' title='bbox 1617 2234 1661 2266; x_wconf 85' lang='lat'><em>39</em></span> <span class='ocrx_word' id='word_1_272' title='bbox 1687 2229 1803 2265; x_wconf 74' lang='lat' dir='ltr'><em>Kritz.</em></span> <span class='ocrx_word' id='word_1_273' title='bbox 1970 2238 1974 2243; x_wconf 83' lang='grc'><strong>’</strong></span> 
     </span>
    </p>
   </div>
   <div class='ocr_carea' id='block_1_9' title="bbox 329 2315 615 2320">
    <p class='ocr_par' dir='ltr' id='par_1_16' title="bbox 329 2315 615 2320">
     <span class='ocr_line' id='line_1_33' title="bbox 329 2315 615 2320; baseline 0 0"><span class='ocrx_word' id='word_1_274' title='bbox 329 2315 615 2320; x_wconf 95' lang='lat' dir='ltr'><em> </em></span> 
     </span>
    </p>
   </div>
   <div class='ocr_carea' id='block_1_10' title="bbox 330 2370 2041 3175">
    <p class='ocr_par' dir='ltr' id='par_1_17' title="bbox 330 2370 2041 3175">
     <span class='ocr_line' id='line_1_34' title="bbox 429 2370 2035 2419; baseline 0.001 -13"><span class='ocrx_word' id='word_1_275' title='bbox 429 2376 446 2406; x_wconf 98' lang='grc'><em>1</em></span> <span class='ocrx_word' id='word_1_276' title='bbox 474 2371 587 2407; x_wconf 88' lang='lat' dir='ltr'><em>robur</em></span> <span class='ocrx_word' id='word_1_277' title='bbox 606 2382 672 2406; x_wconf 89' lang='lat' dir='ltr'><em>om.</em></span> <span class='ocrx_word' id='word_1_278' title='bbox 686 2370 723 2406; x_wconf 82' lang='lat' dir='ltr'><em>R</em></span> <span class='ocrx_word' id='word_1_279' title='bbox 741 2372 754 2415; x_wconf 79' lang='grc' dir='ltr'><em>ΙΙ</em></span> <span class='ocrx_word' id='word_1_280' title='bbox 773 2371 899 2407; x_wconf 75' lang='lat' dir='ltr'><em>autem</em></span> <span class='ocrx_word' id='word_1_281' title='bbox 918 2383 982 2407; x_wconf 85' lang='lat' dir='ltr'><em>om.</em></span> <span class='ocrx_word' id='word_1_282' title='bbox 998 2372 1035 2407; x_wconf 82' lang='lat' dir='ltr'><strong><em>R</em></strong></span> <span class='ocrx_word' id='word_1_283' title='bbox 1053 2373 1066 2417; x_wconf 91' lang='grc' dir='ltr'><em>ΙΙ</em></span> <span class='ocrx_word' id='word_1_284' title='bbox 1084 2376 1105 2407; x_wconf 90' lang='grc'><strong>3</strong></span> <span class='ocrx_word' id='word_1_285' title='bbox 1132 2372 1321 2419; x_wconf 66' lang='lat' dir='ltr'><em>oneratur]</em></span> <span class='ocrx_word' id='word_1_286' title='bbox 1347 2373 1511 2408; x_wconf 68' lang='lat' dir='ltr'><em>meretur</em></span> <span class='ocrx_word' id='word_1_287' title='bbox 1530 2371 1572 2408; x_wconf 93' lang='lat' dir='ltr'><em>F</em></span> <span class='ocrx_word' id='word_1_288' title='bbox 1586 2374 1599 2419; x_wconf 88' lang='grc' dir='ltr'><em>ΙΙ</em></span> <span class='ocrx_word' id='word_1_289' title='bbox 1617 2373 1667 2409; x_wconf 85' lang='lat' dir='ltr'><em>ad</em></span> <span class='ocrx_word' id='word_1_290' title='bbox 1685 2385 1859 2413; x_wconf 71' lang='lat' dir='ltr'><em>nomsqvn</em></span> <span class='ocrx_word' id='word_1_291' title='bbox 1880 2386 1914 2408; x_wconf 76' lang='lat' dir='ltr'><strong>o.</strong></span> <span class='ocrx_word' id='word_1_292' title='bbox 1935 2384 2035 2419; x_wconf 78' lang='lat' dir='ltr'><em>supr.</em></span> 
     </span>
     <span class='ocr_line' id='line_1_35' title="bbox 330 2417 2037 2467; baseline 0.001 -13"><span class='ocrx_word' id='word_1_293' title='bbox 330 2430 419 2454; x_wconf 82' lang='lat' dir='ltr'><em>vers.</em></span> <span class='ocrx_word' id='word_1_294' title='bbox 446 2419 532 2463; x_wconf 84' lang='lat' dir='ltr'><strong>quia</strong></span> <span class='ocrx_word' id='word_1_295' title='bbox 558 2417 786 2454; x_wconf 62' lang='lat' dir='ltr'><em>extrinsecus</em></span> <span class='ocrx_word' id='word_1_296' title='bbox 812 2417 962 2454; x_wconf 71' lang='lat' dir='ltr'><em>fuerunt</em></span> <span class='ocrx_word' id='word_1_297' title='bbox 986 2420 1075 2455; x_wconf 89' lang='lat' dir='ltr'><em>nodi</em></span> <span class='ocrx_word' id='word_1_298' title='bbox 1100 2419 1219 2455; x_wconf 78' lang='lat' dir='ltr'><em>additi</em></span> <span class='ocrx_word' id='word_1_299' title='bbox 1242 2420 1275 2454; x_wconf 99' lang='lat' dir='ltr'><em>T</em></span> <span class='ocrx_word' id='word_1_300' title='bbox 1291 2422 1303 2465; x_wconf 85' lang='grc' dir='ltr'><em>ΙΙ</em></span> <span class='ocrx_word' id='word_1_301' title='bbox 1329 2424 1349 2455; x_wconf 83' lang='grc'>5</span> <span class='ocrx_word' id='word_1_302' title='bbox 1375 2421 1425 2456; x_wconf 88' lang='lat' dir='ltr'><em>ad</em></span> <span class='ocrx_word' id='word_1_303' title='bbox 1443 2432 1578 2456; x_wconf 70' lang='lat' dir='ltr'><strong>mmavu</strong></span> <span class='ocrx_word' id='word_1_304' title='bbox 1602 2431 1702 2465; x_wconf 76' lang='lat' dir='ltr'><em>supr.</em></span> <span class='ocrx_word' id='word_1_305' title='bbox 1722 2431 1811 2456; x_wconf 83' lang='lat' dir='ltr'><em>vers.</em></span> <span class='ocrx_word' id='word_1_306' title='bbox 1831 2420 1953 2466; x_wconf 86' lang='lat' dir='ltr'><em>primo</em></span> <span class='ocrx_word' id='word_1_307' title='bbox 1977 2421 2011 2455; x_wconf 87' lang='lat' dir='ltr'><em>T</em></span> <span class='ocrx_word' id='word_1_308' title='bbox 2024 2419 2037 2467; x_wconf 77' lang='grc' dir='ltr'>Η</span> 
     </span>
     <span class='ocr_line' id='line_1_36' title="bbox 333 2465 2036 2514; baseline 0.001 -12"><span class='ocrx_word' id='word_1_309' title='bbox 333 2471 352 2502; x_wconf 80' lang='lat'><strong>7</strong></span> <span class='ocrx_word' id='word_1_310' title='bbox 379 2467 418 2501; x_wconf 73' lang='lat' dir='ltr'><em>eh</em></span> <span class='ocrx_word' id='word_1_311' title='bbox 443 2465 633 2511; x_wconf 74' lang='lat' dir='ltr'><em>accipiunt</em></span> <span class='ocrx_word' id='word_1_312' title='bbox 657 2493 665 2500; x_wconf 93' lang='lat'><strong>.</strong></span> <span class='ocrx_word' id='word_1_313' title='bbox 688 2494 695 2501; x_wconf 91' lang='lat'><strong>.</strong></span> <span class='ocrx_word' id='word_1_314' title='bbox 717 2494 725 2501; x_wconf 93' lang='lat'><strong>.</strong></span> <span class='ocrx_word' id='word_1_315' title='bbox 753 2466 852 2502; x_wconf 84' lang='lat' dir='ltr'><em>oculi</em></span> <span class='ocrx_word' id='word_1_316' title='bbox 876 2478 941 2502; x_wconf 88' lang='lat' dir='ltr'><em>om.</em></span> <span class='ocrx_word' id='word_1_317' title='bbox 963 2467 999 2502; x_wconf 83' lang='lat' dir='ltr'><strong><em>R</em></strong></span> <span class='ocrx_word' id='word_1_318' title='bbox 1018 2468 1029 2513; x_wconf 86' lang='grc' dir='ltr'><em>ΙΙ</em></span> <span class='ocrx_word' id='word_1_319' title='bbox 1049 2479 1071 2502; x_wconf 87' lang='lat' dir='ltr'>a</span> <span class='ocrx_word' id='word_1_320' title='bbox 1097 2467 1363 2512; x_wconf 83' lang='lat' dir='ltr'><em>superioribus]</em></span> <span class='ocrx_word' id='word_1_321' title='bbox 1389 2468 1507 2503; x_wconf 73' lang='lat' dir='ltr'><em>nostri</em></span> <span class='ocrx_word' id='word_1_322' title='bbox 1531 2468 1615 2503; x_wconf 88' lang='lat' dir='ltr'><em>add.</em></span> <span class='ocrx_word' id='word_1_323' title='bbox 1644 2468 1693 2502; x_wconf 89' lang='lat' dir='ltr'><em>M</em></span> <span class='ocrx_word' id='word_1_324' title='bbox 1710 2469 1721 2514; x_wconf 83' lang='grc' dir='ltr'><em>ΙΙ</em></span> <span class='ocrx_word' id='word_1_325' title='bbox 1750 2472 1771 2503; x_wconf 87' lang='grc'>8</span> <span class='ocrx_word' id='word_1_326' title='bbox 1798 2467 1914 2503; x_wconf 80' lang='lat' dir='ltr'><em>oeulis</em></span> <span class='ocrx_word' id='word_1_327' title='bbox 1939 2468 2001 2503; x_wconf 82' lang='lat' dir='ltr'><em>As</em></span> <span class='ocrx_word' id='word_1_328' title='bbox 2025 2471 2036 2512; x_wconf 70' lang='lat' dir='ltr'><em>lt</em></span> 
     </span>
     <span class='ocr_line' id='line_1_37' title="bbox 332 2514 2038 2562; baseline 0.001 -13"><span class='ocrx_word' id='word_1_329' title='bbox 332 2515 382 2549; x_wconf 91' lang='lat' dir='ltr'><em>ad</em></span> <span class='ocrx_word' id='word_1_330' title='bbox 412 2526 530 2548; x_wconf 68' lang='lat' dir='ltr'><em>mmm</em></span> <span class='ocrx_word' id='word_1_331' title='bbox 561 2524 662 2558; x_wconf 77' lang='lat' dir='ltr'><em>supr.</em></span> <span class='ocrx_word' id='word_1_332' title='bbox 695 2524 783 2549; x_wconf 78' lang='lat' dir='ltr'><em>vers.</em></span> <span class='ocrx_word' id='word_1_333' title='bbox 815 2514 931 2559; x_wconf 59' lang='lat' dir='ltr'><em>igitur</em></span> <span class='ocrx_word' id='word_1_334' title='bbox 963 2517 1030 2549; x_wconf 75' lang='lat' dir='ltr'><em>aut</em></span> <span class='ocrx_word' id='word_1_335' title='bbox 1064 2514 1238 2550; x_wconf 69' lang='lat' dir='ltr'><em>continuo</em></span> <span class='ocrx_word' id='word_1_336' title='bbox 1272 2514 1377 2550; x_wconf 81' lang='lat' dir='ltr'><em>ilicet·</em></span> <span class='ocrx_word' id='word_1_337' title='bbox 1410 2515 1448 2550; x_wconf 90' lang='lat' dir='ltr'><em>in</em></span> <span class='ocrx_word' id='word_1_338' title='bbox 1482 2515 1554 2550; x_wconf 87' lang='lat' dir='ltr'><em>hoc</em></span> <span class='ocrx_word' id='word_1_339' title='bbox 1585 2515 1666 2551; x_wconf 86' lang='lat' dir='ltr'><em>loeo</em></span> <span class='ocrx_word' id='word_1_340' title='bbox 1698 2514 1930 2561; x_wconf 71' lang='lat' dir='ltr'><em>intellegitur</em></span> <span class='ocrx_word' id='word_1_341' title='bbox 1966 2515 2000 2550; x_wconf 96' lang='lat' dir='ltr'><em>T</em></span> <span class='ocrx_word' id='word_1_342' title='bbox 2025 2514 2038 2562; x_wconf 83' lang='grc' dir='ltr'><em>ΙΙ</em></span> 
     </span>
     <span class='ocr_line' id='line_1_38' title="bbox 333 2560 2036 2609; baseline 0.001 -13"><span class='ocrx_word' id='word_1_343' title='bbox 333 2565 354 2596; x_wconf 84' lang='grc'><strong>9</strong></span> <span class='ocrx_word' id='word_1_344' title='bbox 380 2571 468 2596; x_wconf 82' lang='lat' dir='ltr'><em>sane</em></span> <span class='ocrx_word' id='word_1_345' title='bbox 494 2561 533 2596; x_wconf 71' lang='lat' dir='ltr'><em>et</em></span> <span class='ocrx_word' id='word_1_346' title='bbox 556 2561 670 2596; x_wconf 75' lang='lat' dir='ltr'><em>alitur</em></span> <span class='ocrx_word' id='word_1_347' title='bbox 695 2562 776 2606; x_wconf 86' lang='lat' dir='ltr'><em>(sie)</em></span> <span class='ocrx_word' id='word_1_348' title='bbox 801 2560 899 2597; x_wconf 88' lang='lat' dir='ltr'><em>ferro</em></span> <span class='ocrx_word' id='word_1_349' title='bbox 926 2563 964 2597; x_wconf 72' lang='lat' dir='ltr'><em>et,</em></span> <span class='ocrx_word' id='word_1_350' title='bbox 988 2561 1103 2597; x_wconf 77' lang='lat' dir='ltr'><em>alitur</em></span> <span class='ocrx_word' id='word_1_351' title='bbox 1127 2563 1206 2607; x_wconf 79' lang='lat' dir='ltr'><em>(sie)</em></span> <span class='ocrx_word' id='word_1_352' title='bbox 1230 2564 1311 2598; x_wconf 78' lang='lat' dir='ltr'><em>arte</em></span> <span class='ocrx_word' id='word_1_353' title='bbox 1337 2563 1451 2598; x_wconf 80' lang='lat' dir='ltr'><em>edidit</em></span> <span class='ocrx_word' id='word_1_354' title='bbox 1475 2562 1713 2609; x_wconf 67' lang='lat' dir='ltr'><em>Stephanus„</em></span> <span class='ocrx_word' id='word_1_355' title='bbox 1744 2566 1786 2597; x_wconf 92' lang='grc'><em>11</em></span> <span class='ocrx_word' id='word_1_356' title='bbox 1814 2563 1863 2598; x_wconf 90' lang='lat' dir='ltr'><em>ad</em></span> <span class='ocrx_word' id='word_1_357' title='bbox 1888 2575 2036 2599; x_wconf 70' lang='lat' dir='ltr'><em>rvvros—</em></span> 
     </span>
     <span class='ocr_line' id='line_1_39' title="bbox 334 2607 2038 2657; baseline 0.001 -14"><span class='ocrx_word' id='word_1_358' title='bbox 334 2621 404 2648; x_wconf 62' lang='lat' dir='ltr'><em>Qvi:</em></span> <span class='ocrx_word' id='word_1_359' title='bbox 429 2621 461 2643; x_wconf 82' lang='lat' dir='ltr'><strong>E.</strong></span> <span class='ocrx_word' id='word_1_360' title='bbox 487 2608 610 2652; x_wconf 73' lang='lat' dir='ltr'><em>idest</em></span> <span class='ocrx_word' id='word_1_361' title='bbox 634 2607 742 2643; x_wconf 73' lang='lat' dir='ltr'><strong>fulsit</strong></span> <span class='ocrx_word' id='word_1_362' title='bbox 767 2610 809 2643; x_wconf 74' lang='lat' dir='ltr'><em>ut</em></span> <span class='ocrx_word' id='word_1_363' title='bbox 833 2609 969 2644; x_wconf 75' lang='lat' dir='ltr'><em>muniti</em></span> <span class='ocrx_word' id='word_1_364' title='bbox 994 2610 1127 2646; x_wconf 75' lang='lat' dir='ltr'><em>essent.</em></span> <span class='ocrx_word' id='word_1_365' title='bbox 1171 2610 1210 2645; x_wconf 69' lang='lat' dir='ltr'><em>eb</em></span> <span class='ocrx_word' id='word_1_366' title='bbox 1234 2611 1291 2645; x_wconf 69' lang='lat' dir='ltr'><em>est,</em></span> <span class='ocrx_word' id='word_1_367' title='bbox 1315 2610 1633 2655; x_wconf 72' lang='lat' dir='ltr'><em>histeroproteron</em></span> <span class='ocrx_word' id='word_1_368' title='bbox 1657 2610 1719 2646; x_wconf 88' lang='lat' dir='ltr'><em>uel</em></span> <span class='ocrx_word' id='word_1_369' title='bbox 1743 2609 1947 2656; x_wconf 82' lang='lat' dir='ltr'><em>hypallage</em></span> <span class='ocrx_word' id='word_1_370' title='bbox 1970 2610 2003 2644; x_wconf 87' lang='lat' dir='ltr'><em>T</em></span> <span class='ocrx_word' id='word_1_371' title='bbox 2025 2610 2038 2657; x_wconf 80' lang='grc' dir='ltr'>Η</span> 
     </span>
     <span class='ocr_line' id='line_1_40' title="bbox 333 2655 2038 2703; baseline 0.001 -12"><span class='ocrx_word' id='word_1_372' title='bbox 333 2668 457 2691; x_wconf 74' lang='grc' dir='ltr'><strong>ΜνΝιιτ</strong></span> <span class='ocrx_word' id='word_1_373' title='bbox 481 2655 568 2690; x_wconf 85' lang='lat' dir='ltr'><em>LH</em></span> <span class='ocrx_word' id='word_1_374' title='bbox 572 2656 620 2690; x_wconf 86' lang='lat' dir='ltr'><em>M</em></span> <span class='ocrx_word' id='word_1_375' title='bbox 655 2656 667 2701; x_wconf 88' lang='grc' dir='ltr'><em>ΙΙ</em></span> <span class='ocrx_word' id='word_1_376' title='bbox 706 2658 748 2690; x_wconf 88' lang='grc'><em>12</em></span> <span class='ocrx_word' id='word_1_377' title='bbox 775 2655 872 2690; x_wconf 74' lang='lat' dir='ltr'><em>sicut</em></span> <span class='ocrx_word' id='word_1_378' title='bbox 898 2684 905 2692; x_wconf 90' lang='lat'><strong>.</strong></span> <span class='ocrx_word' id='word_1_379' title='bbox 927 2684 934 2691; x_wconf 96' lang='lat'><strong>.</strong></span> <span class='ocrx_word' id='word_1_380' title='bbox 957 2685 964 2693; x_wconf 92' lang='lat'><strong>.</strong></span> <span class='ocrx_word' id='word_1_381' title='bbox 992 2656 1188 2703; x_wconf 77' lang='lat' dir='ltr'><em>emunivit]</em></span> <span class='ocrx_word' id='word_1_382' title='bbox 1226 2656 1323 2693; x_wconf 75' lang='lat' dir='ltr'><em>siout</em></span> <span class='ocrx_word' id='word_1_383' title='bbox 1354 2657 1489 2693; x_wconf 67' lang='lat' dir='ltr'><em>muniit.</em></span> <span class='ocrx_word' id='word_1_384' title='bbox 1520 2662 1558 2692; x_wconf 75' lang='lat' dir='ltr'><em>et</em></span> <span class='ocrx_word' id='word_1_385' title='bbox 1588 2657 1726 2703; x_wconf 72' lang='lat' dir='ltr'><strong>mugiit</strong></span> <span class='ocrx_word' id='word_1_386' title='bbox 1755 2668 1823 2703; x_wconf 87' lang='lat' dir='ltr'><em>pro</em></span> <span class='ocrx_word' id='word_1_387' title='bbox 1856 2657 2038 2693; x_wconf 55' lang='lat' dir='ltr'><em>emuniuit</em></span> 
     </span>
     <span class='ocr_line' id='line_1_41' title="bbox 333 2702 2038 2751; baseline 0.001 -13"><span class='ocrx_word' id='word_1_388' title='bbox 333 2702 459 2738; x_wconf 66' lang='grc' dir='ltr'><em>ΑΒΗ</em></span> <span class='ocrx_word' id='word_1_389' title='bbox 479 2704 584 2748; x_wconf 84' lang='lat' dir='ltr'><em>(corr.</em></span> <span class='ocrx_word' id='word_1_390' title='bbox 612 2703 651 2747; x_wconf 92' lang='lat' dir='ltr'><em>a)</em></span> <span class='ocrx_word' id='word_1_391' title='bbox 687 2713 755 2747; x_wconf 86' lang='lat' dir='ltr'><em>pro</em></span> <span class='ocrx_word' id='word_1_392' title='bbox 788 2703 971 2738; x_wconf 72' lang='lat' dir='ltr'><em>emuniuit</em></span> <span class='ocrx_word' id='word_1_393' title='bbox 995 2703 1031 2738; x_wconf 84' lang='lat' dir='ltr'><em>R</em></span> <span class='ocrx_word' id='word_1_394' title='bbox 1069 2704 1164 2740; x_wconf 74' lang='lat' dir='ltr'><strong>sicut</strong></span> <span class='ocrx_word' id='word_1_395' title='bbox 1195 2705 1331 2751; x_wconf 68' lang='lat' dir='ltr'><strong>mugiit</strong></span> <span class='ocrx_word' id='word_1_396' title='bbox 1361 2707 1399 2740; x_wconf 74' lang='lat' dir='ltr'><em>eb</em></span> <span class='ocrx_word' id='word_1_397' title='bbox 1429 2704 1565 2740; x_wconf 73' lang='lat' dir='ltr'><em>muniit</em></span> <span class='ocrx_word' id='word_1_398' title='bbox 1588 2716 1656 2750; x_wconf 85' lang='lat' dir='ltr'><em>pro</em></span> <span class='ocrx_word' id='word_1_399' title='bbox 1682 2705 1844 2740; x_wconf 64' lang='lat' dir='ltr'><em>muniuit,</em></span> <span class='ocrx_word' id='word_1_400' title='bbox 1868 2705 1903 2740; x_wconf 89' lang='lat' dir='ltr'><strong><em>L</em></strong></span> <span class='ocrx_word' id='word_1_401' title='bbox 1941 2705 2038 2740; x_wconf 58' lang='lat' dir='ltr'><em>sicui</em></span> 
     </span>
     <span class='ocr_line' id='line_1_42' title="bbox 335 2749 2038 2798; baseline 0.002 -13"><span class='ocrx_word' id='word_1_402' title='bbox 335 2749 457 2797; x_wconf 68' lang='lat' dir='ltr'><em>mugit</em></span> <span class='ocrx_word' id='word_1_403' title='bbox 481 2751 520 2786; x_wconf 71' lang='lat' dir='ltr'><em>et</em></span> <span class='ocrx_word' id='word_1_404' title='bbox 542 2750 664 2785; x_wconf 69' lang='lat' dir='ltr'><em>munit</em></span> <span class='ocrx_word' id='word_1_405' title='bbox 688 2760 754 2795; x_wconf 88' lang='lat' dir='ltr'><em>pro</em></span> <span class='ocrx_word' id='word_1_406' title='bbox 779 2749 941 2785; x_wconf 76' lang='lat' dir='ltr'><em>muniuit</em></span> <span class='ocrx_word' id='word_1_407' title='bbox 966 2751 1015 2785; x_wconf 85' lang='lat' dir='ltr'><em>M</em></span> <span class='ocrx_word' id='word_1_408' title='bbox 1049 2752 1145 2786; x_wconf 68' lang='lat' dir='ltr'><em>sieut</em></span> <span class='ocrx_word' id='word_1_409' title='bbox 1170 2751 1327 2787; x_wconf 72' lang='lat' dir='ltr'><em>emuniit</em></span> <span class='ocrx_word' id='word_1_410' title='bbox 1351 2754 1389 2788; x_wconf 71' lang='lat' dir='ltr'><em>ef,</em></span> <span class='ocrx_word' id='word_1_411' title='bbox 1414 2752 1548 2798; x_wconf 78' lang='lat' dir='ltr'><strong>mugiit</strong></span> <span class='ocrx_word' id='word_1_412' title='bbox 1573 2764 1639 2797; x_wconf 89' lang='lat' dir='ltr'><em>pro</em></span> <span class='ocrx_word' id='word_1_413' title='bbox 1666 2751 1850 2788; x_wconf 64' lang='lat' dir='ltr'><em>emuniuit,</em></span> <span class='ocrx_word' id='word_1_414' title='bbox 1873 2751 1920 2787; x_wconf 89' lang='lat' dir='ltr'><em>F.</em></span> <span class='ocrx_word' id='word_1_415' title='bbox 1954 2756 2038 2797; x_wconf 84' lang='lat' dir='ltr'><em>post</em></span> 
     </span>
     <span class='ocr_line' id='line_1_43' title="bbox 335 2797 2036 2846; baseline 0 -13"><span class='ocrx_word' id='word_1_416' title='bbox 335 2798 472 2843; x_wconf 68' lang='lat' dir='ltr'><em>mugiit</em></span> <span class='ocrx_word' id='word_1_417' title='bbox 494 2799 602 2843; x_wconf 75' lang='lat' dir='ltr'><em>vulyo</em></span> <span class='ocrx_word' id='word_1_418' title='bbox 628 2798 781 2833; x_wconf 83' lang='lat' dir='ltr'><em>additur</em></span> <span class='ocrx_word' id='word_1_419' title='bbox 804 2808 873 2842; x_wconf 89' lang='lat' dir='ltr'><em>pro</em></span> <span class='ocrx_word' id='word_1_420' title='bbox 899 2797 1060 2843; x_wconf 60' lang='lat' dir='ltr'><em>mugiuit</em></span> <span class='ocrx_word' id='word_1_421' title='bbox 1086 2800 1097 2845; x_wconf 88' lang='grc' dir='ltr'><em>ΙΙ</em></span> <span class='ocrx_word' id='word_1_422' title='bbox 1130 2803 1175 2835; x_wconf 84' lang='grc'><em>14</em></span> <span class='ocrx_word' id='word_1_423' title='bbox 1199 2799 1324 2846; x_wconf 82' lang='lat' dir='ltr'><strong>multi]</strong></span> <span class='ocrx_word' id='word_1_424' title='bbox 1350 2811 1425 2835; x_wconf 89' lang='lat' dir='ltr'><em>non</em></span> <span class='ocrx_word' id='word_1_425' title='bbox 1449 2800 1543 2835; x_wconf 89' lang='lat' dir='ltr'><em>nulli</em></span> <span class='ocrx_word' id='word_1_426' title='bbox 1568 2800 1608 2834; x_wconf 98' lang='lat' dir='ltr'><em>F</em></span> <span class='ocrx_word' id='word_1_427' title='bbox 1623 2801 1635 2846; x_wconf 77' lang='grc' dir='ltr'><em>ΙΙ</em></span> <span class='ocrx_word' id='word_1_428' title='bbox 1663 2798 1714 2834; x_wconf 69' lang='lat' dir='ltr'><em>sib</em></span> <span class='ocrx_word' id='word_1_429' title='bbox 1737 2810 1803 2835; x_wconf 87' lang='lat' dir='ltr'><em>om.</em></span> <span class='ocrx_word' id='word_1_430' title='bbox 1829 2798 1917 2833; x_wconf 84' lang='lat' dir='ltr'><em>LH</em></span> <span class='ocrx_word' id='word_1_431' title='bbox 1931 2800 1943 2844; x_wconf 84' lang='grc' dir='ltr'><em>ΙΙ</em></span> <span class='ocrx_word' id='word_1_432' title='bbox 1971 2797 2036 2844; x_wconf 74' lang='lat' dir='ltr'><em>sit]</em></span> 
     </span>
     <span class='ocr_line' id='line_1_44' title="bbox 335 2845 2041 2892; baseline 0.001 -13"><span class='ocrx_word' id='word_1_433' title='bbox 335 2857 383 2880; x_wconf 90' lang='lat' dir='ltr'><em>an</em></span> <span class='ocrx_word' id='word_1_434' title='bbox 407 2845 628 2880; x_wconf 86' lang='lat' dir='ltr'><em>femininum</em></span> <span class='ocrx_word' id='word_1_435' title='bbox 653 2845 738 2881; x_wconf 85' lang='lat' dir='ltr'><em>add.</em></span> <span class='ocrx_word' id='word_1_436' title='bbox 763 2845 803 2879; x_wconf 89' lang='lat' dir='ltr'><em>D</em></span> <span class='ocrx_word' id='word_1_437' title='bbox 822 2846 833 2891; x_wconf 92' lang='grc' dir='ltr'><em>ΙΙ</em></span> <span class='ocrx_word' id='word_1_438' title='bbox 855 2848 897 2880; x_wconf 83' lang='grc'><em>15</em></span> <span class='ocrx_word' id='word_1_439' title='bbox 923 2845 1099 2880; x_wconf 70' lang='lat' dir='ltr'><em>birrintha.</em></span> <span class='ocrx_word' id='word_1_440' title='bbox 1122 2846 1159 2881; x_wconf 81' lang='lat' dir='ltr'><strong><em>A</em></strong></span> <span class='ocrx_word' id='word_1_441' title='bbox 1196 2847 1382 2892; x_wconf 77' lang='lat' dir='ltr'><em>tyrrintha.</em></span> <span class='ocrx_word' id='word_1_442' title='bbox 1407 2847 1436 2883; x_wconf 82' lang='lat' dir='ltr'><strong><em>S</em></strong></span> <span class='ocrx_word' id='word_1_443' title='bbox 1471 2847 1638 2892; x_wconf 73' lang='lat' dir='ltr'><em>tyrintha</em></span> <span class='ocrx_word' id='word_1_444' title='bbox 1663 2846 1741 2882; x_wconf 81' lang='lat' dir='ltr'><em>RL</em></span> <span class='ocrx_word' id='word_1_445' title='bbox 1776 2845 1970 2890; x_wconf 55' lang='lat' dir='ltr'><em>{hyrintha</em></span> <span class='ocrx_word' id='word_1_446' title='bbox 1995 2846 2041 2881; x_wconf 82' lang='lat' dir='ltr'><em>H</em></span> 
     </span>
     <span class='ocr_line' id='line_1_45' title="bbox 334 2891 2035 2940; baseline 0.001 -13"><span class='ocrx_word' id='word_1_447' title='bbox 334 2891 494 2928; x_wconf 72' lang='lat' dir='ltr'><em>tirintha</em></span> <span class='ocrx_word' id='word_1_448' title='bbox 514 2893 560 2927; x_wconf 90' lang='lat' dir='ltr'><em>M</em></span> <span class='ocrx_word' id='word_1_449' title='bbox 597 2891 764 2937; x_wconf 74' lang='lat' dir='ltr'><em>tyrhinta</em></span> <span class='ocrx_word' id='word_1_450' title='bbox 783 2891 824 2927; x_wconf 87' lang='lat' dir='ltr'><em>F</em></span> <span class='ocrx_word' id='word_1_451' title='bbox 839 2893 850 2939; x_wconf 90' lang='grc' dir='ltr'><em>ΙΙ</em></span> <span class='ocrx_word' id='word_1_452' title='bbox 869 2892 908 2927; x_wconf 84' lang='grc'><em>111</em></span> <span class='ocrx_word' id='word_1_453' title='bbox 933 2903 1007 2936; x_wconf 87' lang='lat' dir='ltr'><em>qua</em></span> <span class='ocrx_word' id='word_1_454' title='bbox 1030 2893 1192 2930; x_wconf 76' lang='lat' dir='ltr'><em>nutritus</em></span> <span class='ocrx_word' id='word_1_455' title='bbox 1213 2894 1284 2940; x_wconf 68' lang='lat' dir='ltr'><em>est]</em></span> <span class='ocrx_word' id='word_1_456' title='bbox 1312 2895 1377 2930; x_wconf 90' lang='lat' dir='ltr'><em>ubi</em></span> <span class='ocrx_word' id='word_1_457' title='bbox 1396 2896 1505 2930; x_wconf 78' lang='lat' dir='ltr'><em>natus</em></span> <span class='ocrx_word' id='word_1_458' title='bbox 1525 2895 1580 2930; x_wconf 69' lang='lat' dir='ltr'><em>est</em></span> <span class='ocrx_word' id='word_1_459' title='bbox 1599 2894 1639 2929; x_wconf 91' lang='lat' dir='ltr'><em>F</em></span> <span class='ocrx_word' id='word_1_460' title='bbox 1655 2895 1666 2940; x_wconf 92' lang='grc' dir='ltr'><em>ΙΙ</em></span> <span class='ocrx_word' id='word_1_461' title='bbox 1687 2898 1729 2929; x_wconf 80' lang='grc'><em>17</em></span> <span class='ocrx_word' id='word_1_462' title='bbox 1750 2894 1800 2928; x_wconf 88' lang='lat' dir='ltr'><em>ad</em></span> <span class='ocrx_word' id='word_1_463' title='bbox 1818 2905 1990 2928; x_wconf 67' lang='lat' dir='ltr'><em>mermvs</em></span> <span class='ocrx_word' id='word_1_464' title='bbox 2011 2908 2035 2928; x_wconf 93' lang='lat'><strong>1.</strong></span> 
     </span>
     <span class='ocr_line' id='line_1_46' title="bbox 334 2939 2038 2986; baseline 0 -11"><span class='ocrx_word' id='word_1_465' title='bbox 334 2940 377 2975; x_wconf 88' lang='lat' dir='ltr'><em>in</em></span> <span class='ocrx_word' id='word_1_466' title='bbox 395 2951 509 2986; x_wconf 75' lang='lat' dir='ltr'><em>marq.</em></span> <span class='ocrx_word' id='word_1_467' title='bbox 537 2940 665 2976; x_wconf 75' lang='lat' dir='ltr'><em>dentes</em></span> <span class='ocrx_word' id='word_1_468' title='bbox 689 2940 787 2975; x_wconf 78' lang='lat' dir='ltr'><em>inter</em></span> <span class='ocrx_word' id='word_1_469' title='bbox 805 2951 844 2975; x_wconf 85' lang='lat' dir='ltr'><em>se</em></span> <span class='ocrx_word' id='word_1_470' title='bbox 865 2940 1112 2985; x_wconf 82' lang='lat' dir='ltr'><em>comprimens</em></span> <span class='ocrx_word' id='word_1_471' title='bbox 1137 2941 1296 2986; x_wconf 84' lang='lat' dir='ltr'><em>proprie.</em></span> <span class='ocrx_word' id='word_1_472' title='bbox 1336 2944 1375 2977; x_wconf 68' lang='lat' dir='ltr'><em>et</em></span> <span class='ocrx_word' id='word_1_473' title='bbox 1399 2941 1566 2977; x_wconf 85' lang='lat' dir='ltr'><em>frendere</em></span> <span class='ocrx_word' id='word_1_474' title='bbox 1587 2944 1644 2977; x_wconf 72' lang='lat' dir='ltr'><em>est</em></span> <span class='ocrx_word' id='word_1_475' title='bbox 1669 2939 1841 2976; x_wconf 73' lang='lat' dir='ltr'><em>dentibus</em></span> <span class='ocrx_word' id='word_1_476' title='bbox 1866 2940 2038 2986; x_wconf 85' lang='lat' dir='ltr'><em>frangere</em></span> 
     </span>
     <span class='ocr_line' id='line_1_47' title="bbox 334 2986 2037 3032; baseline 0.001 -10"><span class='ocrx_word' id='word_1_477' title='bbox 334 2987 432 3023; x_wconf 85' lang='lat' dir='ltr'><em>unde</em></span> <span class='ocrx_word' id='word_1_478' title='bbox 458 2990 497 3022; x_wconf 77' lang='lat' dir='ltr'><em>et</em></span> <span class='ocrx_word' id='word_1_479' title='bbox 521 2986 709 3023; x_wconf 84' lang='lat' dir='ltr'><em>infrendes</em></span> <span class='ocrx_word' id='word_1_480' title='bbox 735 2987 908 3022; x_wconf 71' lang='lat' dir='ltr'><em>dicuntur</em></span> <span class='ocrx_word' id='word_1_481' title='bbox 932 2986 1094 3022; x_wconf 79' lang='lat' dir='ltr'><em>infantes</em></span> <span class='ocrx_word' id='word_1_482' title='bbox 1121 2989 1183 3032; x_wconf 89' lang='lat' dir='ltr'><em>qui</em></span> <span class='ocrx_word' id='word_1_483' title='bbox 1208 3000 1285 3024; x_wconf 89' lang='lat' dir='ltr'><em>non</em></span> <span class='ocrx_word' id='word_1_484' title='bbox 1310 2989 1450 3024; x_wconf 71' lang='lat' dir='ltr'><em>habent</em></span> <span class='ocrx_word' id='word_1_485' title='bbox 1480 2989 1621 3024; x_wconf 74' lang='lat' dir='ltr'><em>dentes.</em></span> <span class='ocrx_word' id='word_1_486' title='bbox 1670 2987 1758 3023; x_wconf 86' lang='lat' dir='ltr'><em>hine</em></span> <span class='ocrx_word' id='word_1_487' title='bbox 1788 2987 1940 3031; x_wconf 75' lang='lat' dir='ltr'><em>quidam</em></span> <span class='ocrx_word' id='word_1_488' title='bbox 1964 2987 2037 3023; x_wconf 87' lang='lat' dir='ltr'><em>fre-</em></span> 
     </span>
     <span class='ocr_line' id='line_1_48' title="bbox 334 3034 2038 3081; baseline 0 -11"><span class='ocrx_word' id='word_1_489' title='bbox 334 3045 402 3070; x_wconf 85' lang='lat' dir='ltr'><em>nos</em></span> <span class='ocrx_word' id='word_1_490' title='bbox 427 3034 549 3070; x_wconf 79' lang='lat' dir='ltr'><em>dictos</em></span> <span class='ocrx_word' id='word_1_491' title='bbox 574 3035 776 3070; x_wconf 73' lang='lat' dir='ltr'><em>aestimant</em></span> <span class='ocrx_word' id='word_1_492' title='bbox 800 3034 887 3070; x_wconf 88' lang='lat' dir='ltr'><em>hine</em></span> <span class='ocrx_word' id='word_1_493' title='bbox 912 3035 951 3070; x_wconf 67' lang='lat' dir='ltr'><em>ef.</em></span> <span class='ocrx_word' id='word_1_494' title='bbox 975 3034 1064 3070; x_wconf 79' lang='lat' dir='ltr'><em>faba</em></span> <span class='ocrx_word' id='word_1_495' title='bbox 1087 3035 1186 3070; x_wconf 81' lang='lat' dir='ltr'><em>fresa</em></span> <span class='ocrx_word' id='word_1_496' title='bbox 1215 3036 1248 3070; x_wconf 95' lang='lat' dir='ltr'><em>T</em></span> <span class='ocrx_word' id='word_1_497' title='bbox 1269 3037 1281 3081; x_wconf 79' lang='lat' dir='ltr'>fl</span> <span class='ocrx_word' id='word_1_498' title='bbox 1311 3035 1502 3071; x_wconf 86' lang='lat' dir='ltr'><em>infrendus</em></span> <span class='ocrx_word' id='word_1_499' title='bbox 1526 3036 1575 3078; x_wconf 88' lang='lat' dir='ltr'><em>F,</em></span> <span class='ocrx_word' id='word_1_500' title='bbox 1600 3046 1691 3071; x_wconf 84' lang='lat' dir='ltr'><em>corr.</em></span> <span class='ocrx_word' id='word_1_501' title='bbox 1718 3034 1857 3069; x_wconf 81' lang='lat' dir='ltr'><em>Daniel</em></span> <span class='ocrx_word' id='word_1_502' title='bbox 1884 3036 1895 3080; x_wconf 86' lang='grc' dir='ltr'><em>ΙΙ</em></span> <span class='ocrx_word' id='word_1_503' title='bbox 1931 3038 1973 3070; x_wconf 82' lang='grc'><em>18</em></span> <span class='ocrx_word' id='word_1_504' title='bbox 1999 3037 2038 3070; x_wconf 69' lang='lat' dir='ltr'><em>et.</em></span> 
     </span>
     <span class='ocr_line' id='line_1_49' title="bbox 336 3080 2037 3128; baseline 0 -11"><span class='ocrx_word' id='word_1_505' title='bbox 336 3085 421 3117; x_wconf 85' lang='lat' dir='ltr'><em>ante</em></span> <span class='ocrx_word' id='word_1_506' title='bbox 444 3081 613 3123; x_wconf 78' lang='lat' dir='ltr'><em>frendere</em></span> <span class='ocrx_word' id='word_1_507' title='bbox 637 3083 828 3118; x_wconf 81' lang='lat' dir='ltr'><em>delendum</em></span> <span class='ocrx_word' id='word_1_508' title='bbox 852 3083 996 3118; x_wconf 79' lang='lat' dir='ltr'><em>videtur</em></span> <span class='ocrx_word' id='word_1_509' title='bbox 1020 3080 1032 3128; x_wconf 81' lang='grc' dir='ltr'><em>ΙΙ</em></span> <span class='ocrx_word' id='word_1_510' title='bbox 1060 3082 1157 3117; x_wconf 87' lang='lat' dir='ltr'><em>unde</em></span> <span class='ocrx_word' id='word_1_511' title='bbox 1184 3084 1222 3118; x_wconf 74' lang='lat' dir='ltr'><em>et</em></span> <span class='ocrx_word' id='word_1_512' title='bbox 1246 3083 1441 3118; x_wconf 83' lang='lat' dir='ltr'><em>nefrendes</em></span> <span class='ocrx_word' id='word_1_513' title='bbox 1466 3083 1605 3118; x_wconf 86' lang='lat' dir='ltr'><em>Daniel</em></span> <span class='ocrx_word' id='word_1_514' title='bbox 1634 3084 1646 3128; x_wconf 78' lang='grc' dir='ltr'><em>ΙΙ</em></span> <span class='ocrx_word' id='word_1_515' title='bbox 1682 3085 1727 3117; x_wconf 89' lang='grc'><strong>20</strong></span> <span class='ocrx_word' id='word_1_516' title='bbox 1753 3092 1900 3126; x_wconf 88' lang='lat' dir='ltr'><em>quoquo</em></span> <span class='ocrx_word' id='word_1_517' title='bbox 1926 3082 2037 3118; x_wconf 88' lang='lat' dir='ltr'><em>modo</em></span> 
     </span>
     <span class='ocr_line' id='line_1_50' title="bbox 337 3129 2038 3175; baseline 0 -11"><span class='ocrx_word' id='word_1_518' title='bbox 337 3130 382 3165; x_wconf 77' lang='lat' dir='ltr'><strong>G.</strong></span> <span class='ocrx_word' id='word_1_519' title='bbox 406 3129 543 3165; x_wconf 81' lang='lat' dir='ltr'><em>Becker</em></span> <span class='ocrx_word' id='word_1_520' title='bbox 567 3140 657 3164; x_wconf 81' lang='lat' dir='ltr'><strong>mus.</strong></span> <span class='ocrx_word' id='word_1_521' title='bbox 684 3131 782 3165; x_wconf 83' lang='lat' dir='ltr'><em>rhen.</em></span> <span class='ocrx_word' id='word_1_522' title='bbox 808 3130 930 3165; x_wconf 92' lang='lat' dir='ltr'>XXIX</span> <span class='ocrx_word' id='word_1_523' title='bbox 954 3141 995 3175; x_wconf 89' lang='lat' dir='ltr'><em>p.</em></span> <span class='ocrx_word' id='word_1_524' title='bbox 1021 3132 1108 3165; x_wconf 83' lang='lat'>495:</span> <span class='ocrx_word' id='word_1_525' title='bbox 1144 3141 1217 3175; x_wconf 90' lang='lat' dir='ltr'><em>quo</em></span> <span class='ocrx_word' id='word_1_526' title='bbox 1250 3130 1360 3165; x_wconf 89' lang='lat' dir='ltr'><em>modo</em></span> <span class='ocrx_word' id='word_1_527' title='bbox 1386 3130 1426 3164; x_wconf 87' lang='lat' dir='ltr'><em>F</em></span> <span class='ocrx_word' id='word_1_528' title='bbox 1460 3130 1471 3175; x_wconf 90' lang='grc' dir='ltr'><em>ΙΙ</em></span> <span class='ocrx_word' id='word_1_529' title='bbox 1508 3133 1552 3165; x_wconf 87' lang='grc'><em>22</em></span> <span class='ocrx_word' id='word_1_530' title='bbox 1578 3129 1718 3164; x_wconf 75' lang='lat' dir='ltr'><em>botroti</em></span> <span class='ocrx_word' id='word_1_531' title='bbox 1742 3129 1778 3163; x_wconf 82' lang='lat' dir='ltr'><em>R</em></span> <span class='ocrx_word' id='word_1_532' title='bbox 1822 3129 1979 3165; x_wconf 75' lang='lat' dir='ltr'><em>bithroti</em></span> <span class='ocrx_word' id='word_1_533' title='bbox 2003 3129 2038 3164; x_wconf 88' lang='lat' dir='ltr'><em>L</em></span> 
     </span>
    </p>
   </div>
   <div class='ocr_carea' id='block_1_11' title="bbox 335 3176 2035 3270">
    <p class='ocr_par' dir='ltr' id='par_1_18' title="bbox 335 3176 2035 3270">
     <span class='ocr_line' id='line_1_51' title="bbox 335 3176 2035 3259; baseline 0 -47"><span class='ocrx_word' id='word_1_534' title='bbox 335 3176 466 3259; x_wconf 45' lang='lat' dir='ltr'><em>{itmffi</em></span> <span class='ocrx_word' id='word_1_535' title='bbox 491 3176 541 3211; x_wconf 85' lang='lat' dir='ltr'><strong><em>M</em></strong></span> <span class='ocrx_word' id='word_1_536' title='bbox 571 3176 715 3259; x_wconf 62' lang='grc' dir='ltr'>’1111Ξο111</span> <span class='ocrx_word' id='word_1_537' title='bbox 740 3177 781 3212; x_wconf 93' lang='lat' dir='ltr'><em>F</em></span> <span class='ocrx_word' id='word_1_538' title='bbox 804 3179 816 3224; x_wconf 88' lang='grc' dir='ltr'><em>ΙΙ</em></span> <span class='ocrx_word' id='word_1_539' title='bbox 853 3177 998 3224; x_wconf 90' lang='lat' dir='ltr'><em>urbem]</em></span> <span class='ocrx_word' id='word_1_540' title='bbox 1023 3177 1063 3213; x_wconf 90' lang='lat' dir='ltr'><em>id</em></span> <span class='ocrx_word' id='word_1_541' title='bbox 1089 3178 1147 3212; x_wconf 73' lang='lat' dir='ltr'><em>est</em></span> <span class='ocrx_word' id='word_1_542' title='bbox 1170 3177 1387 3213; x_wconf 72' lang='lat' dir='ltr'><em>auentinum</em></span> <span class='ocrx_word' id='word_1_543' title='bbox 1412 3178 1576 3212; x_wconf 70' lang='lat' dir='ltr'><em>montem</em></span> <span class='ocrx_word' id='word_1_544' title='bbox 1600 3177 1685 3212; x_wconf 90' lang='lat' dir='ltr'><em>add.</em></span> <span class='ocrx_word' id='word_1_545' title='bbox 1712 3176 1751 3211; x_wconf 91' lang='lat' dir='ltr'><em>D</em></span> <span class='ocrx_word' id='word_1_546' title='bbox 1787 3178 1799 3222; x_wconf 88' lang='grc'><em>11</em></span> <span class='ocrx_word' id='word_1_547' title='bbox 1836 3180 1881 3212; x_wconf 89' lang='grc'><strong>23</strong></span> <span class='ocrx_word' id='word_1_548' title='bbox 1907 3177 2035 3223; x_wconf 82' lang='lat' dir='ltr'><em>egens]</em></span> 
     </span>
     <span class='ocr_line' id='line_1_52' title="bbox 352 3235 592 3270; baseline 0 -10"><span class='ocrx_word' id='word_1_549' title='bbox 352 3235 453 3260; x_wconf 79' lang='lat' dir='ltr'><em>essus</em></span> <span class='ocrx_word' id='word_1_550' title='bbox 479 3235 592 3270; x_wconf 80' lang='lat' dir='ltr'><em>egens</em></span> 
     </span>
    </p>
   </div>
  </div>
 </body>
</html>
