2092 3614
346 267 433 307 324
1120 268 1277 303 SERVII

343 390 431 418 non
463 376 556 418 ausi
588 379 691 418 sunt
722 376 885 432 egredi:
915 390 1016 418 nam
1046 377 1153 419 nihil
1183 380 1358 431 eyerant.
1406 391 1497 431 eryo
1527 377 1733 420 hortativa
1757 381 1815 420 est
1837 379 1968 420 oratio
1994 379 2051 420 ad

342 447 487 502 socios,
517 450 566 489 ut
593 448 833 490 audaciores
862 461 943 491 esse
973 448 1154 499 debeant,
1187 461 1279 489 eum
1310 448 1476 489 videant
1504 462 1545 491 se
1576 449 1721 490 timeri.

465 518 561 560 156.
610 536 834 562 Pnoovfflff
873 519 1036 561 verbum
1079 519 1347 573 conpositum,
1390 519 1436 561 id
1477 523 1535 561 est
1576 523 1723 562 curate.
1857 532 2049 562 PVGNAM

343 602 553 633 SPERATE
592 602 764 633 PARARI
803 591 966 633 scilicet
1003 592 1155 632 contra
1193 589 1424 645 Troianos,
1461 605 1549 633 non
1589 607 1614 633 a
1644 591 1861 646 Troianis,
1898 606 1951 633 ne
1988 592 2048 634 vi-

294 670 315 699 5
342 661 493 704 deatur
523 664 674 704 contra
706 677 837 718 supra
868 662 982 704 dicta
1013 661 1160 704 omnia
1189 675 1305 703 nunc
1336 661 1464 703 sociis
1497 661 1655 704 inferre
1686 664 1905 705 terrorem.
1954 676 2046 717 eryo

272 1027 314 1058 10

271 1385 312 1415 15

266 1743 312 1774 20

265 2100 310 2132 25

341 747 369 775 a
399 747 464 775 me
491 734 647 787 parari
676 737 851 788 sperate,
889 733 935 775 id
968 736 1027 776 est
1054 735 1314 787 puynaturos
1350 746 1420 775 vos
1449 734 1602 788 scitote,
1641 734 1729 776 licet
1758 726 1888 776 hostes
1917 734 2051 776 muris

339 817 381 846 se
412 808 590 860 teneant,
626 808 674 847 ut
704 805 793 859 <XI
829 805 910 859 18>
947 818 1088 846 arma
1117 807 1299 858 parate
1336 805 1522 848 animis
1557 809 1601 847 et
1634 819 1717 859 spe
1745 805 2050 859 praesumite

340 875 530 919 bellum.

461 947 558 990 157.
600 959 799 990 VIGILVM
817 959 1032 990 EXCVBHS
1055 948 1258 990 excubiae
1279 948 1455 990 diurnae
1477 950 1588 999 sunt,
1608 948 1783 1003 vigiliae
1801 950 2048 991 nocturnae.

462 1018 560 1060 160.
609 1030 812 1061 GENTENI
845 1030 1067 1069 QVEMQVE
1101 1030 1265 1061 SECVTI
1297 1019 1596 1062 centurionum
1629 1019 1806 1071 scilicet,
1846 1034 1896 1061 ex
1929 1034 2047 1061 more

344 1089 563 1131 Romanae
589 1090 787 1131 militiae:
819 1104 922 1131 nam
949 1104 1000 1132 ex
1026 1104 1204 1138 numero
1237 1090 1423 1133 militum
1456 1091 1528 1146 qui
1561 1105 1634 1133 eos
1667 1093 1921 1146 sequuntur,
1952 1105 2047 1147 gra-

340 1160 419 1202 dus
452 1160 679 1219 dignitatis
712 1162 904 1217 apparet.

461 1233 556 1275 161.
606 1249 827 1275 PVRPVREIS
850 1249 997 1276 cmsrts
1020 1250 1194 1277 zvrfflvrs
1222 1233 1289 1277 hic
1312 1247 1450 1277 versus
1467 1247 1545 1288 per
1569 1234 1797 1288 filyuratuin
1821 1233 2048 1275 ablativum

334 1303 527 1358 prolatus
556 1306 626 1345 est.

462 1374 558 1417 162.
614 1391 806 1423 VARIANTQ
814 1392 862 1419 VE
896 1392 1003 1419 erns
1031 1379 1079 1417 ut
1106 1376 1280 1418 invicem
1302 1379 1454 1430 potent.

463 1446 558 1488 163.
607 1463 837 1491 nvnncfflvr
871 1464 959 1490 mro
989 1447 1193 1490 ablativus
1223 1462 1342 1491 casus
1372 1452 1445 1500 est,
1483 1452 1520 1490 et
1554 1449 1662 1491 deest
1691 1446 1824 1502 ‘sibi’,
1864 1448 1912 1490 ni
1946 1447 2047 1502 βρα-

337 1521 476 1560 ratum
507 1521 575 1560 est.
690 1535 760 1562 nvo
769 1535 920 1562 namu·
954 1519 1058 1571 vnvo]
1091 1532 1139 1560 ex
1168 1519 1323 1573 fiducia
1353 1520 1525 1562 scilieet:
1557 1520 1739 1574 sequitur
1770 1519 1915 1574 <186>
1947 1532 2059 1561 cer--

336 1590 417 1632 nis
446 1603 569 1644 quae
598 1589 813 1633 Rutulos
842 1590 1019 1632 habeat
1046 1590 1256 1643 fiducia.
1375 1603 1594 1634 VERTVNT
1626 1602 1863 1634 CRATERAS
1896 1602 2046 1641 Annos

337 1663 534 1717 potantes
564 1661 824 1704 exhauriunt.
887 1663 930 1703 et
962 1664 1028 1704 est
1058 1661 1381 1704 hemistichium
1411 1662 1671 1705 Ennianum.

460 1733 556 1775 164.
606 1747 790 1776 evsroom
819 1746 965 1775 nomen
996 1733 1252 1789 ambiyuurn,
1283 1735 1353 1776 sed
1380 1735 1498 1776 niodo
1531 1733 1655 1788 equae
1684 1732 1889 1776 custodit'.

459 1805 555 1848 166.
605 1822 632 1847 E
665 1822 786 1847 VALLo
810 1818 888 1861 pro
918 1818 1048 1847 muro.
1159 1820 1290 1848 ‘ARMIS
1318 1823 1417 1848 ALTA
1449 1822 1603 1849 TENENT
1635 1805 1741 1847 bona
1778 1805 1962 1861 elocutio,
2003 1806 2048 1848 id

337 1879 396 1918 est
424 1877 580 1918 armati
611 1879 746 1919 tenent
774 1877 880 1931 alta,
910 1876 984 1918 hoc
1014 1880 1073 1918 est
1102 1890 1253 1919 muros.
1315 1876 1489 1919 ‘tenent'
1521 1880 1657 1919 autem
1687 1877 1929 1919 custodiunt.

458 1948 555 1990 167.
604 1960 795 1990 TREPIDI
826 1959 1086 1990 FORMIDINE
1117 1948 1264 1990 festini
1296 1963 1372 2004 per
1402 1948 1697 1990 formidinem:
1727 1962 1826 1990 nam
1859 1962 1947 1990 non
1979 1949 2046 1991 est

336 2020 521 2062 iteratio.

459 2091 555 2133 168.
604 2108 836 2135 EXPLORANT
867 2091 1125 2145 confirmant.
1259 2102 1531 2142 PONTESQVE
1572 2091 1645 2146 qui
1683 2091 1792 2133 fiunt
1828 2090 1873 2132 in
1911 2090 2044 2132 muris

337 2162 680 2219 angustioribus,
722 2166 771 2205 ut
811 2163 865 2205 sit
901 2163 1070 2216 facilior
1110 2163 1311 2205 transitus
1347 2163 1404 2205 ad
1439 2163 1594 2205 divisas
1630 2162 1743 2204 muri
1772 2165 1924 2215 partes.

337 2245 711 2277 PROPVGNACVLA
742 2234 855 2289 pilas
886 2248 1112 2277 murorum.

398 2369 466 2447 56³2
484 2363 661 2447 ‘³53⁰ffiae
695 2393 702 2400 .
730 2392 738 2400 .
765 2392 773 2399 .
805 2363 1027 2409 nocturnae]
1061 2362 1108 2400 cf.
1140 2362 1227 2400 Isid.
1260 2374 1312 2399 or.
1339 2362 1390 2397 IX
1415 2367 1453 2407 3,
1480 2366 1525 2398 42
1569 2364 1580 2408 ΙΙ
1625 2366 1667 2397 19
1702 2361 1926 2409 Ennianum]
1959 2373 2042 2398 ann.

336 2424 371 2450 v.
528 2423 551 2447 a
595 2439 603 2448 .

433 2534 451 2565 1
479 2529 623 2576 egredi]
651 2529 805 2565 Homeri
831 2530 886 2565 est
913 2530 979 2575 (Il.
1004 2530 1039 2564 Π
1064 2531 1147 2575 381)
1172 2529 1243 2565 νῦν
1268 2525 1304 2565 δ’
1336 2525 1487 2574 ἔρχεσθ’
1518 2526 1579 2564 ἐπὶ
1605 2530 1761 2564 δεῖπνον
1787 2529 1849 2564 ἵνα
1876 2526 2043 2574 ξυνάγω-

336 2590 405 2623 μεν
425 2574 526 2622 ἄρηα
547 2578 634 2613 add.
648 2577 687 2612 D
706 2578 718 2623 ΙΙ
737 2578 890 2622 egerent
907 2577 948 2612 F
964 2578 976 2623 ΙΙ
995 2577 1158 2612 ortatiua
1177 2576 1218 2611 F
1233 2578 1245 2624 ΙΙ
1264 2581 1284 2612 2
1305 2576 1420 2612 sotios
1440 2577 1474 2612 G
1492 2578 1504 2623 ΙΙ
1523 2576 1735 2612 audatior-es
1749 2576 1790 2610 F
1805 2577 1816 2623 ss
1835 2576 1965 2612 timere
1979 2576 2014 2611 G
2032 2575 2044 2623 Η

336 2630 359 2660 4
383 2637 511 2660 mmm-1
535 2624 648 2660 ASL
674 2625 686 2671 ΙΙ
717 2630 738 2660 ὃ
765 2624 890 2659 omina
916 2625 1123 2660 Masvicius
1150 2626 1162 2671 ΙΙ
1193 2625 1303 2660 sociis
1329 2624 1450 2668 (sotiis
1479 2625 1542 2670 M)
1567 2623 1702 2659 inferre
1727 2625 1906 2659 terrorem
1933 2624 1981 2658 M
1987 2623 2042 2659 F:

337 2672 455 2708 socios
480 2671 857 2708 inferuorem.ASH
889 2672 1004 2707 sotios
1038 2673 1171 2717 putare
1202 2671 1394 2707 inferiores
1420 2672 1457 2706 R
1495 2671 1609 2707 sotios
1633 2670 1768 2706 inferre
1794 2672 1971 2706 terrorem
1996 2670 2042 2714 L,

337 2721 398 2756 sed
416 2731 457 2755 re
475 2720 656 2755 terrorem
675 2719 717 2754 in
735 2729 808 2753 ras.
830 2719 843 2753 l
861 2719 872 2764 ΙΙ
891 2719 1087 2765 terrorem]
1116 2720 1264 2764 sperate
1284 2720 1410 2754 autem
1430 2719 1525 2754 dixit
1550 2718 1639 2762 quia
1664 2718 1818 2763 cupidos
1838 2729 1901 2753 eos
1921 2719 2042 2754 osten-

339 2767 397 2803 dit
420 2778 569 2813 pugnae
596 2768 635 2802 et
659 2765 857 2810 uictoriae,
882 2767 925 2800 ut
949 2765 1048 2802 uiros
1073 2767 1189 2802 fortes
1214 2767 1352 2803 add.D
1371 2768 1383 2813 ΙΙ
1402 2771 1422 2802 6
1449 2778 1471 2802 a
1490 2778 1550 2801 me
1576 2765 1719 2811 pararis
1744 2767 1855 2811 parat
1875 2765 1924 2808 F,
1948 2775 2040 2801 corr.

337 2815 475 2850 Daniel
494 2816 506 2861 ΙΙ
533 2819 553 2849 9
579 2814 783 2850 nocturnae
809 2814 895 2847 sunt
922 2814 970 2847 M
986 2814 998 2858 ΙΙ
1025 2817 1069 2848 10
1094 2824 1196 2849 more
1221 2824 1287 2850 om.
1314 2813 1445 2848 RLH
1465 2815 1519 2857 (in
1544 2825 1615 2849 ras.
1642 2824 1709 2848 scr.
1736 2813 1763 2858 l)
1782 2814 1794 2859 Η
1820 2816 1862 2847 11
1888 2822 2043 2848 romana

338 2861 476 2897 militia
499 2861 536 2897 R
566 2863 578 2907 ΙΙ
618 2861 660 2896 1'2
687 2860 859 2906 apparet]
889 2860 986 2896 unde
1013 2863 1052 2896 et
1075 2860 1215 2896 milites
1241 2860 1333 2896 dicti
1359 2873 1381 2896 a
1405 2860 1509 2896 mille
1535 2862 1573 2895 et
1596 2860 1737 2895 tribuni
1762 2858 1924 2894 militum
1950 2859 2042 2894 dicti

339 2910 427 2944 sunt
451 2910 634 2954 χιλίαρχοι
658 2909 742 2945 add.
763 2908 803 2943 D
820 2909 833 2953 11
853 2911 897 2942 13
922 2920 1094 2943 Pvnvvnm
1118 2908 1258 2944 Daniel
1275 2910 1288 2954 ΙΙ
1309 2912 1351 2944 15
1377 2910 1419 2944 ut
1445 2935 1452 2943 .
1475 2936 1482 2943 .
1504 2936 1512 2944 .
1538 2908 1686 2953 potent]
1713 2906 1811 2942 vices
1837 2905 2039 2941 stationum

340 2956 597 2999 Oommelinus,
623 2967 725 3001 quem
745 2955 953 2991 Masvieius
972 2958 1005 2990 ct
1023 2955 1268 2991 Burmannus
1291 2957 1405 2991 secuti
1428 2959 1523 2991 sunt.
1545 2956 1556 3001 ΙΙ
1577 2959 1619 2990 17
1646 2953 1780 3000 cernis]
1810 2964 1875 2989 om.
1890 2954 2042 2996 Daniel,

338 3003 434 3039 enim
463 3004 673 3039 Masvicius
691 3006 703 3049 n
733 3006 775 3038 19
803 3002 1017 3038 emisthium
1043 3002 1077 3036 L
1115 3003 1365 3038 emisthicium
1390 3003 1437 3038 H
1469 3001 1717 3038 emistichium
1742 3001 1874 3046 reliqui
1891 3002 1904 3046 ΙΙ
1923 3005 1968 3036 20
1992 3002 2042 3036 ad

338 3063 511 3087 CVSTODIA
535 3061 563 3086 s.
588 3062 621 3086 v.
648 3061 743 3095 quae
770 3049 1005 3086 custodiebat
1034 3049 1068 3083 Τ
1088 3050 1100 3095 ΙΙ
1128 3053 1171 3084 21
1198 3052 1248 3086 ad
1273 3064 1293 3085 Ε
1319 3063 1433 3086 ωηο
1459 3061 1488 3085 s.
1513 3061 1545 3085 v.
1572 3049 1617 3084 de
1642 3059 1765 3091 muro,
1792 3049 1841 3083 ad
1866 3062 1909 3083 m
1934 3060 2040 3083 ARM18

335 3110 363 3134 s.
383 3109 415 3134 v.
442 3098 541 3133 bona
566 3099 623 3133 est
649 3098 811 3134 elocutio
835 3097 876 3132 id
900 3099 956 3133 est
980 3097 1115 3132 armati
1142 3098 1403 3133 custodiebant
1427 3097 1506 3132 alta
1530 3096 1566 3130 id
1595 3097 1652 3130 est
1673 3107 1810 3137 muros,
1837 3097 1886 3131 ad
1905 3109 2039 3131 runem·

336 3157 364 3183 s.
390 3157 422 3182 v.
449 3145 662 3181 custodiunt
691 3145 724 3180 T
749 3146 762 3192 ΙΙ
797 3145 883 3192 pro]
911 3154 931 3179 e
956 3144 1095 3179 Daniel
1125 3145 1137 3190 11
1174 3144 1270 3180 bone
1295 3143 1435 3180 locutio
1467 3142 1622 3189 (lucutio
1649 3143 1697 3187 G)
1726 3142 1766 3177 F
1793 3144 1804 3189 11
1842 3146 1886 3178 22
1912 3143 2041 3178 tenent

337 3204 404 3229 om.
433 3192 468 3228 G
485 3194 498 3239 ΙΙ
517 3194 584 3227 aut
608 3192 642 3227 G
660 3193 672 3239 ΙΙ
701 3196 745 3227 25
772 3194 822 3228 ad
846 3203 1049 3228 nxPLonAwr
1073 3201 1101 3226 8.
1127 3202 1158 3227 v.
1186 3192 1366 3227 attentius
1392 3192 1593 3227 obseruant
1622 3190 1655 3224 Τ
1669 3191 1680 3236 ΙΙ
1709 3194 1752 3225 27
1779 3190 1892 3236 pilas]
1918 3200 1984 3226 om.
2005 3190 2040 3224 L

338 3241 435 3286 (add.
463 3241 507 3286 l),
532 3239 667 3285 pinnas
692 3240 733 3275 F
