2092 3614
270 695 290 726 5

246 1053 289 1084 10

245 1411 287 1442 15

243 1770 288 1800 20

320 288 408 330 220
880 289 882 291 ’
1094 291 1252 328 SERVII

442 399 536 441 136.
586 416 639 442 Ao
648 416 817 442 vum-VR
849 417 1016 443 serenos
1050 404 1089 443 et
1124 401 1306 444 homines
1343 405 1380 444 et
1414 402 1617 456 reqionem
1653 403 1869 458 siqnifieat.
1929 418 2029 447 sane

308 470 513 524 prolepsis
543 473 622 513 est:
653 484 754 513 nam
778 475 873 525 post
901 471 1157 533 Dardanum
1191 473 1338 515 Teucri
1368 474 1565 528 appellati
1593 477 1701 517 sunt.

439 542 534 584 138.
584 559 808 586 menorans
837 560 961 586 PATER
991 560 1065 586 ΕΒΓ
1092 543 1331 601 Mercurius
1352 544 1470 587 Iovis>
1490 548 1528 587 et
1545 545 1708 601 Maiae,
1733 560 1837 600 quac
1860 549 1920 589 est
1942 561 2029 588 una

316 614 364 655 de
394 614 648 670 pleiadibus,
684 615 815 670 filius,
854 617 996 657 auctor
1026 613 1274 669 eloquentiae
1303 618 1342 657 et
1372 616 1502 671 lyrae,
1540 617 1820 660 internuntius
1850 617 2026 660 deorum.

317 684 390 726 iste
419 685 544 727 etiam
575 686 810 740 palaestrae
840 687 1027 728 inventor
1059 685 1132 728 hoc
1161 687 1279 729 modo
1309 700 1391 729 esse
1421 690 1632 729 narratur.
1689 687 1904 741 Oboricus,
1941 690 2029 743 qui-

315 756 413 797 dam
449 769 523 798 rex
552 755 780 809 Arcadiae,
816 758 925 811 filios
961 756 1105 799 habuit
1133 757 1385 812 Plexippum
1421 761 1459 800 et
1487 758 1668 801 Enetum
1699 763 1738 802 et
1765 760 2029 803 Palaestram

314 827 462 880 filiam.
486 829 575 882 sed
604 828 765 871 iuvenes
795 842 887 870 eum
918 842 1017 871 casu
1047 829 1154 871 inter
1178 842 1220 871 se
1243 828 1435 871 haberent
1465 832 1683 885 certamen,
1716 831 1965 885 inpressione
1991 835 2030 874 et

314 900 412 942 nisu
436 913 651 953 corporum
677 900 862 942 invenere
887 900 1126 942 luctamina.
1170 900 1242 953 qui
1267 899 1367 942 eum‘
1383 900 1456 942 hoc
1472 903 1597 954 patre
1613 905 1828 956 praesente
1849 902 2031 956 facerent

314 974 353 1012 et
382 971 451 1014 ille
480 986 524 1013 re
553 985 660 1014 nova
691 972 971 1026 delectaretur,
1010 985 1059 1012 ex
1089 984 1136 1012 ea
1167 984 1211 1012 re
1243 971 1363 1013 ludus
1392 972 1529 1024 factus
1559 975 1633 1027 est,
1669 987 1794 1028 quam
1825 988 1912 1016 rem
1943 974 2028 1017 Pa-

316 1043 484 1094 laestra,
524 1056 640 1084 soror
677 1043 887 1097 iuvenum,
925 1042 1135 1084 Mercurio
1173 1043 1336 1083 amanti
1371 1056 1413 1084 se
1440 1044 1638 1097 prodidit.
1699 1046 1772 1099 qui
1810 1059 1903 1088 eum
1940 1060 2027 1089 rem

314 1128 463 1156 novam
493 1114 671 1169 vidisset,
696 1114 925 1167 pleniorem
956 1114 1003 1156 de
1033 1114 1242 1155 industria
1272 1116 1402 1155 artem
1432 1113 1616 1157 homines
1646 1116 1791 1159 docuit.
1839 1116 1912 1159 hoc
1941 1117 2031 1159 seni

314 1186 477 1228 iuvenes
508 1200 536 1227 a
565 1199 702 1228 sorore
725 1186 938 1240 proditum
970 1186 1179 1227 nuntiant.
1241 1186 1311 1227 ille
1341 1186 1476 1228 iratus
1506 1190 1564 1229 est
1584 1187 1738 1241 potius·
1762 1188 1881 1241 filiis,
1922 1189 2030 1242 quod

313 1271 398 1300 non
429 1261 641 1312 tamquam
669 1258 808 1311 furem
826 1257 1086 1300 Mercurium
1110 1258 1429 1311 insequerentur.
1474 1272 1592 1312 quem
1616 1273 1709 1301 eum
1734 1259 1801 1301 illi
1824 1259 1871 1301 in
1895 1264 2029 1302 monte

313 1330 579 1372 dormientem
609 1331 872 1384 invenissent,
903 1343 1056 1372 manus
1085 1329 1122 1371 ei
1153 1332 1493 1383 amputaverunt:
1524 1331 1631 1372 unde
1655 1333 1694 1372 et
1717 1331 1801 1384 ipse
1819 1329 2029 1386 Cyllenius

312 1405 351 1443 et
379 1416 497 1444 mons
526 1402 741 1453 dicuntur;
780 1415 958 1455 namque
990 1414 1132 1455 qraeee
1160 1399 1351 1451 κυλλούς
1381 1401 1527 1455 aliqua
1557 1402 1768 1445 mutilatos
1791 1406 1915 1456 parte
1945 1417 2028 1446 cor—

241 1521 245 1525 ,
305 1474 424 1527 poris
454 1474 618 1516 dicunt:
649 1474 757 1515 unde
787 1474 911 1514 etiam
941 1471 1104 1514 hermas
1134 1485 1324 1514 vocamus
1353 1474 1551 1526 quosdam
1579 1474 1767 1516 stimulos
1791 1474 1838 1516 in
1862 1476 2027 1518 modum

312 1546 524 1599 siqnorum
567 1545 655 1587 sine
696 1544 899 1587 manibus.
961 1544 1199 1586 Mercurius
1240 1558 1331 1586 vero
1376 1544 1469 1586 Iovi
1510 1548 1764 1601 conquestus,
1808 1544 2027 1589 Choricum

313 1618 577 1659 evisceratum
607 1617 654 1658 in
681 1616 914 1669 folliculum
951 1616 1081 1669 rediqi
1115 1615 1229 1668 fecit,
1267 1619 1453 1658 amatam
1489 1630 1581 1659 vero
1611 1630 1732 1659 suam
1764 1617 2025 1660 Palaestram

311 1691 596 1731 remuneratus
626 1702 744 1730 omne
775 1688 993 1741 luctamen,
1025 1688 1133 1740 quod
1156 1701 1325 1740 corpore
1345 1688 1574 1742 conficitur,
1602 1688 1857 1742 palaestram
1888 1690 2026 1731 vocari

311 1760 417 1812 feeit.
460 1760 539 1801 alii
558 1759 817 1801 silei-curium
842 1759 963 1812 quasi
981 1759 1282 1800 Medicurrium
1308 1773 1336 1800 a
1354 1759 1522 1801 Latinis
1546 1759 1700 1801 dictum
1731 1760 1888 1816 volunt,
1918 1762 2028 1814 quod

311 1831 420 1873 inter
450 1831 606 1873 caelum
637 1835 675 1872 et
703 1831 858 1884 inferos
888 1844 1043 1884 semper
1073 1830 1331 1871 intercurrat.
1393 1830 1458 1871 liic
1491 1831 1613 1872 etiam
1645 1832 1899 1874 mercimonii
1928 1833 2025 1875 deus

311 1906 379 1945 est.
428 1903 598 1956 quidam
627 1902 736 1945 hune
767 1903 813 1944 in
837 1906 979 1956 petaso
1011 1905 1049 1944 et
1078 1902 1124 1944 in
1147 1902 1320 1955 pedibus
1346 1902 1502 1955 pinnas
1526 1902 1670 1944 habere
1693 1903 1834 1945 volunt
1855 1907 2026 1958 propter

313 1975 530 2030 orationis,
561 1974 678 2016 euius
707 1977 850 2031 auctor
879 1977 953 2028 est,
991 1973 1248 2015 velocitatem.
1305 1974 1523 2015 caduceum
1554 1973 1619 2015 illi
1649 1974 1736 2015 ideo
1768 1974 2025 2029 adsiqnatur,

311 2047 420 2100 quod
446 2047 527 2101 fide
557 2046 693 2088 media
722 2045 852 2089 hostes
882 2047 928 2087 in
959 2045 1188 2087 amicitiam
1219 2044 1437 2087 conducat:
1468 2058 1572 2098 quae
1602 2045 1719 2099 virqa
1750 2045 1837 2088 ideo
1865 2059 2025 2100 serpen-

315 2118 420 2160 tibus
451 2118 630 2172 inliqata
661 2120 734 2172 est,
765 2121 813 2159 ut
841 2117 947 2159 sieut
976 2116 1042 2158 illi
1073 2116 1188 2158 obliti
1216 2117 1359 2157 veneni
1388 2116 1456 2158 sui
1480 2116 1526 2157 in
1550 2129 1591 2158 se
1615 2119 1771 2168 coeunt,
1803 2117 1864 2158 ita
1894 2116 2022 2159 hostes

313 2189 550 2243 contemptis
579 2192 617 2230 et
646 2189 837 2242 depositis
866 2188 1099 2231 inimicitiis
1123 2188 1170 2229 in
1194 2187 1424 2228 amicitiam
1448 2190 1712 2229 revertantur.
1814 2200 2024 2231 CANDIDA

312 2272 426 2302 ΜΑΙΑ
472 2260 738 2314 splendidior
784 2259 899 2301 enim
945 2262 1010 2301 est
1047 2257 1165 2300 Maia
1201 2258 1318 2299 inter
1356 2257 1543 2312 pliadas,
1587 2273 1694 2313 quae
1737 2260 1804 2300 est
1844 2274 1929 2300 una
1971 2259 2023 2301 de

315 2331 632 2385 Atlantidibus,
670 2331 753 2373 hoc
777 2334 851 2373 ,est
882 2330 1109 2386 pliadibus.
1165 2343 1249 2371 non
1279 2343 1371 2383 erqo
1403 2328 1622 2371 ‘candida'
1647 2329 1844 2384 pulchra,
1878 2332 1927 2371 ut
1956 2329 2024 2383 <V

314 2402 430 2457 571>
471 2402 688 2445 candida
724 2402 865 2444 Dido,
928 2401 1116 2443 meminit
1156 2403 1293 2442 autem
1333 2400 1500 2442 Maiam
1537 2401 1795 2443 Atlantidem
1837 2414 1936 2456 esse,
1978 2404 2025 2443 ut

410 2594 428 2624 1
456 2590 630 2624 seholium
656 2591 704 2625 ad
728 2602 760 2625 v.
784 2594 850 2625 136
876 2591 957 2625 hab.
979 2590 1010 2623 Τ
1027 2591 1038 2636 ΙΙ
1057 2602 1127 2624 Am*
1132 2602 1236 2624 servu
1256 2589 1295 2623 F
1311 2590 1323 2633 ΙΙ
1341 2589 1389 2623 ad
1414 2574 1584 2624 homines
1604 2589 1644 2623 1«
1660 2590 1672 2634 Η
1691 2589 1795 2634 sane}
1823 2589 1862 2624 et
1886 2590 1942 2623 est
1965 2588 2024 2635 ΤΗ

313 2642 334 2672 2
362 2637 583 2682 prolempsis
605 2637 644 2671 F
674 2638 869 2682 prolemsis
893 2637 998 2682 GTn
1018 2639 1075 2672 est
1093 2649 1158 2672 om.
1180 2637 1210 2670 T
1226 2638 1239 2682 ΙΙ
1257 2636 1361 2682 nam]
1387 2635 1476 2681 qui-i
1502 2637 1532 2670 T
1549 2638 1561 2680 ΙΙ
1580 2636 1730 2670 fuerunt,
1753 2636 1872 2670 teucri
1897 2635 2022 2681 appel·

317 2684 382 2720 nati
410 2684 442 2719 T
458 2686 470 2729 ΙΙ
490 2689 509 2718 3
535 2685 642 2719 schol.
669 2686 719 2719 ad
744 2697 942 2719 mancvmvs
969 2699 998 2721 P.
1026 2699 1056 2719 1·:.
1083 2685 1165 2720 hab.
1194 2684 1226 2718 T
1242 2685 1254 2728 ΙΙ
1275 2689 1294 2718 4
1320 2684 1508 2729 pliadibus
1534 2683 1574 2717 1«
1589 2685 1601 2728 ΙΙ
1622 2682 1712 2718 liiae
1738 2683 1778 2717 F
1793 2684 1844 2728 116
1871 2684 2023 2718 arcadia

315 2733 410 2767 filius
436 2732 476 2766 F
490 2733 503 2777 ΙΙ
534 2731 739 2776 plexiplum
766 2732 807 2766 F
824 2733 836 2777 ΙΙ
866 2732 1043 2778 Enetum]
1071 2734 1222 2767 anteum
1253 2732 1284 2765 Τ
1299 2732 1312 2776 ΙΙ
1342 2731 1593 2776 phalaestram
1621 2730 1661 2765 F
1683 2732 1694 2776 ΙΙ
1725 2734 1746 2765 8
1772 2730 1946 2765 inuenere
1976 2731 2022 2765 Τ·

314 2781 489 2815 inuenera
515 2778 556 2814 F
589 2778 812 2814 invenerunt
838 2779 978 2815 Daniel
1001 2781 1013 2825 ΙΙ
1045 2784 1065 2814 9
1091 2778 1199 2814 ludos
1228 2778 1266 2814 F
1287 2780 1298 2825 ΙΙ
1328 2779 1556 2823 palaestram
1584 2778 1624 2813 F
1651 2780 1663 2823 ΙΙ
1701 2782 1739 2812 10
1765 2778 1924 2813 amantis
1949 2777 1990 2812 F
2011 2777 2023 2825 Η

317 2842 358 2873 12
383 2838 529 2874 iuuenis
559 2839 592 2873 T
608 2839 620 2885 ΙΙ
641 2841 683 2873 15
711 2838 886 2873 dicuntur
909 2838 942 2872 Τ
977 2839 1034 2873 dii·
1058 2838 1098 2872 F
1113 2840 1124 2885 ΙΙ
1145 2838 1259 2883 cyllos
1281 2838 1359 2872 FT
1374 2838 1387 2882 11
1410 2842 1450 2872 16
1478 2837 1651 2872 dicuntur
1674 2837 1706 2871 Τ
1722 2838 1734 2884 ΙΙ
1752 2836 1899 2872 hermas
1921 2836 2022 2871 Com-

313 2886 482 2921 melinus:
508 2887 656 2922 hermos
677 2885 759 2920 FT
775 2886 787 2930 ΙΙ
807 2886 992 2930 stimulos]
1019 2886 1171 2921 mutilos
1193 2885 1240 2920 F.
1262 2886 1470 2927 Schoellius,
1497 2886 1712 2925 στυλίσκους
1736 2896 1797 2930 eqo
1816 2885 1829 2929 ss
1855 2888 1898 2919 17
1924 2883 2019 2931 Iovi]

314 2932 402 2968 noui
425 2933 465 2968 T.
493 2934 586 2968 idem
605 2934 721 2969 edidit
741 2933 891 2976 Daniel,
916 2937 958 2967 ut
983 2933 1142 2968 dubitem
1161 2934 1297 2968 satisne
1323 2936 1491 2969 accurate
1517 2933 1624 2978 leqev
1611 2943 1659 2966 zm
1683 2932 1748 2966 hoc
1773 2933 1848 2966 loco
1868 2930 2021 2966 F·lovia—

314 2991 457 3016 eensem.
503 2985 658 3016 ceterum
683 2980 764 3016 Ioui
792 2960 1031 3016 Cominelinus
1051 2981 1062 3026 ΙΙ
1089 2991 1259 3024 coiycum
1286 2980 1326 3014 F
1343 2981 1354 3026 ΙΙ
1387 2983 1430 3015 19
1456 2980 1644 3025 palaestra
1670 2978 1711 3014 F
1731 2980 1743 3024 ΙΙ
1774 2982 1819 3013 20
1843 2978 1923 3013 ficit
1947 2978 1988 3013 F
2011 2978 2021 3025 fl

313 3040 336 3061 ι.
361 3026 523 3074 Latinis]
559 3028 645 3062 adla
671 3028 711 3062 F
738 3030 750 3069 ΙΙ
782 3031 824 3063 21
852 3027 1017 3062 incmrat
1042 3028 1180 3063 Daniel
1204 3029 1216 3071 ΙΙ
1246 3031 1291 3061 22
1320 3029 1376 3062 est
1400 3039 1466 3063 om.
1494 3027 1534 3061 1«
1554 3028 1567 3072 ΙΙ
1597 3037 1737 3071 pennas
1767 3026 1800 3060 Τ
1822 3027 1834 3069 ΙΙ
1865 3029 1910 3060 23
1936 3025 2020 3061 ideo

316 3075 571 3110 Gommelinus:
606 3075 700 3110 adeo
728 3075 777 3119 F,
804 3087 869 3110 om.
901 3075 939 3110 T.
978 3086 1000 3109 a.
1025 3075 1094 3110 deo
1122 3075 1259 3109 Daniel
1289 3076 1301 3119 ΙΙ
1338 3078 1382 3108 25
1409 3073 1568 3118 inligata
1594 3075 1651 3108 est
1675 3073 1760 3108 ideo
1786 3072 2019 3116 serpentibus

317 3123 350 3158 Τ
364 3125 376 3167 ΙΙ
396 3124 530 3158 coeunt
554 3121 626 3169 ita]
654 3122 825 3158 coeuntia
850 3121 890 3157 F
906 3123 918 3168 ΙΙ
942 3122 1058 3157 hostis
1085 3122 1272 3166 conteptis
1300 3120 1340 3156 F
1356 3123 1367 3167 ΙΙ
1396 3125 1440 3156 27
1467 3116 1565 3156 ehim
1591 3132 1657 3155 om.
1684 3120 1771 3155 LH
1787 3121 1799 3166 ΙΙ
1827 3123 1872 3154 28
1899 3120 2019 3156 ablan—

312 3170 401 3205 tidis
426 3170 464 3205 R
501 3170 706 3205 afflantibus
733 3171 777 3205 H
783 3171 831 3205 M
837 3169 878 3205 F
892 3170 905 3215 ΙΙ
929 3170 1016 3216 hoc]
1043 3169 1080 3204 id
1107 3168 1148 3203 F
1164 3169 1176 3214 Ι,
1205 3170 1260 3203 est
1285 3179 1350 3203 om.
1379 3168 1415 3203 R
1434 3170 1446 3212 ΙΙ
1464 3178 1538 3202 non
1564 3178 1652 3212 ergo
1678 3180 1702 3202 a
1726 3167 1902 3212 plenioris
1927 3178 2017 3203 eom-

312 3218 485 3253 mentarii
519 3221 665 3253 auctore
697 3219 864 3253 additum
896 3229 968 3253 esse
998 3218 1141 3253 videtur
1171 3219 1212 3252 ut
1245 3216 1404 3251 alienum
1433 3216 1607 3250 scholium
1639 3226 1720 3250 cum
1750 3215 1927 3251 Serviano
1958 3225 2017 3250 eo-

313 3269 510 3301 necteretur
535 3266 548 3312 ΙΙ
578 3269 623 3300 29
650 3265 874 3301 utlanffidem
894 3265 935 3300 F
