2124 3600
285 973 328 1004 10

285 1329 328 1360 15

285 1686 331 1717 20

286 2042 332 2073 25

353 217 411 258 94
1127 218 1287 254 SERVII

473 325 572 367 670.
622 337 745 376 QVAE
772 337 916 368 00010
943 337 1195 381 ANCHISEN,
1222 338 1328 376 QVIS
1348 339 1504 368 HABET
1525 328 1702 370 Locvs?
1734 329 1843 371 bene
1870 332 1913 370 et
1939 343 2063 385 gene-

354 397 575 438 ralitatem
601 397 783 451 requirit
808 400 851 438 et
876 397 1081 451 speciem,
1107 413 1190 452 quo
1217 399 1357 452 possit
1382 399 1552 440 facilius
1578 399 1787 442 invenire:
1818 414 1919 442 nam
1944 400 2062 442 100118

354 468 398 509 10
424 467 604 523 regione
631 470 707 509 est.
799 479 950 509 ILLIVS
978 479 1103 510 ERGO
1134 471 1311 523 propter
1343 469 1486 523 illum,
1515 470 1575 512 vel
1600 483 1726 512 causa
1750 470 1877 512 illius.
1929 469 2062 526 ‘ergo’

353 541 499 580 autem
538 538 781 581 coniunctio
820 538 921 592 fuit,
959 539 1032 580 sed
1070 554 1148 594 per
1185 542 1387 581 accentus
1421 541 1704 583 mutationem
1736 541 1780 583 in
1813 541 2062 584 adverbium

352 610 548 652 transiit:
593 612 636 651 et
674 612 740 651 est
779 609 873 651 sola
909 610 1141 665 particula,
1185 625 1294 665 quae
1337 610 1472 653 habet
1513 612 1557 653 in
1602 612 1685 653 fine
1730 612 2062 656 circumflexum.

354 682 481 724 multi
512 681 626 723 male
657 683 812 736 putant
836 695 994 723 nomen
1022 695 1114 723 esse
1140 681 1461 736 indeclinabile,
1494 684 1537 724 et
1568 683 1717 725 dicunt
1747 683 1938 738 positum
1969 698 2063 726 0880

352 767 441 808 pro
464 751 636 795 ε0011803.
699 751 858 794 ‘causa'
892 755 1034 794 autem
1069 767 1223 794 nomen
1257 755 1340 807 est,
1382 754 1494 808 quod
1526 754 1701 809 ponitur
1733 769 1812 809 pro
1845 753 2063 797 ‘ratione':

354 823 427 879 qui
458 837 583 866 casus
617 822 904 865 declinatione
937 826 1065 866 caret.

473 895 571 937 671.
620 905 809 936 MAGNOS
837 905 993 937 AMNES
1020 897 1095 937 aut
1122 909 1281 951 magna
1312 895 1493 938 fluenta:
1525 898 1600 938 aut
1633 897 1734 951 quia
1765 911 1919 939 novem
1953 899 2066 953 sunt,

355 981 466 1021 quae
498 966 694 1008 odiosum
725 965 868 1007 fuerat
899 980 1236 1008 commemorare
1267 981 1345 1020 per
1378 966 1560 1023 singula.

475 1037 572 1079 673.
620 1048 766 1078 NVLLI
792 1047 943 1078 CERTA
969 1048 1127 1079 DOMVS
1160 1037 1203 1078 id
1237 1039 1303 1079 est
1333 1037 1566 1093 habitatio,
1599 1053 1727 1093 quam
1754 1039 1922 1081 animae
1953 1041 2065 1081 tam-

355 1108 428 1150 diu
462 1110 623 1150 certam
655 1108 835 1162 habent,
868 1107 1071 1163 quamdiu
1103 1108 1147 1149 in
1180 1108 1432 1162 corporibus
1465 1111 1586 1151 sunt:
1619 1112 1720 1164 post
1745 1124 1927 1165 quorum
1954 1111 2066 1153 solu-

353 1179 516 1222 tionem
549 1181 763 1234 vagantur
794 1194 872 1234 pro
904 1179 1019 1220 vitae
1051 1179 1207 1221 merito
1239 1179 1285 1220 in
1316 1179 1499 1222 circulis.
1628 1192 1762 1223 LVCIS
1795 1193 2064 1225 HABITAMVS

355 1261 519 1293 OPACIS
564 1249 685 1291 varia
728 1248 850 1304 dicit,
895 1264 1005 1304 quae
1049 1264 1129 1305 pro
1174 1249 1290 1292 vitae
1334 1250 1542 1292 varietate
1584 1252 1853 1307 contingunt.
1914 1253 1959 1294 in
1999 1253 2066 1294 his

355 1324 500 1363 autem
531 1321 638 1363 10018
670 1320 851 1362 1101011111
884 1320 1052 1362 animae
1086 1320 1299 1362 coluntur.

475 1391 572 1434 674.
622 1402 859 1434 RECENTIA
890 1391 1091 1446 virentia,
1123 1392 1314 1434 rivorum
1348 1392 1510 1434 scilicet
1541 1407 1682 1436 causa.

474 1463 574 1505 676.
622 1473 773 1505 IVGVM
799 1462 860 1504 ita
881 1463 994 1504 enim
1020 1462 1269 1505 dividuntur
1289 1465 1477 1506 montes:
1503 1464 1548 1506 in
1573 1465 1750 1520 radices,
1774 1466 1923 1520 latera,
1949 1465 2064 1521 iuga,

355 1534 535 1576 vertices
567 1548 645 1589 pro
676 1533 870 1575 locorum
901 1533 1123 1589 qualitate.
1158 1560 1161 1562 -

474 1605 573 1648 678.
623 1616 780 1648 SVMMA
806 1615 1046 1647 CAcvaA
1070 1615 1315 1655 LINQVVNT
1341 1619 1429 1647 non
1452 1605 1664 1662 ‘linquit'3
1697 1607 1779 1649 hoc
1806 1608 1918 1649 enim
1945 1607 2066 1650 dicit:

356 1676 526 1718 Aeneas
559 1678 602 1717 et
634 1675 801 1731 Sibylla
833 1675 1028 1730 perducti
1059 1675 1112 1717 ad
1145 1691 1377 1731 summum,
1408 1677 1453 1718 in
1484 1677 1615 1731 plana
1646 1677 1921 1719 descendunt.

475 1747 574 1789 679.
624 1758 823 1789 PENITVS
866 1758 1112 1789 CONVALLE
1153 1759 1349 1789 VIRENTI
1393 1748 1517 1790 valde
1561 1748 1735 1803 virenti,
1780 1751 1829 1790 ut
1867 1749 1918 1803 <I
1950 1750 2065 1803 200>

356 1818 671 1874 penitusque
704 1818 938 1860 sonantis
971 1819 1193 1860 accestis
1227 1819 1477 1873 scopulos.

476 1889 574 1932 680.
622 1901 846 1932 INCLVSAS
875 1901 1047 1932 ANIMAS
1078 1904 1166 1931 non
1197 1905 1242 1932 re
1268 1905 1372 1932 vera
1402 1890 1608 1945 inclusas,
1640 1889 1714 1933 sed
1740 1906 1765 1933 a
1791 1891 2064 1933 multitudine

357 1964 598 2017 separataS,
630 1976 713 2016 quo
746 1960 916 2003 facilius
948 1963 1295 2016 agnoscerentur.

478 2033 577 2075 681.
626 2043 899 2074 LVSTRABAT
933 2043 1105 2074 STVDIO
1137 2043 1379 2074 RECOLENS
1418 2033 1672 2075 circumibat
1710 2033 1899 2075 studiose
1930 2036 2062 2076 retra·

358 2107 493 2146 ctans.
555 2102 787 2145 ‘inclusas'
830 2104 974 2144 autem
1015 2105 1089 2144 aut
1130 2106 1398 2158 segregatas,
1443 2106 1516 2145 aut
1561 2104 1793 2146 secundum
1838 2104 2063 2160 antiquum

357 2176 501 2218 ritum.
553 2174 876 2216 multitudinem
903 2173 1017 2215 enim
1044 2174 1079 2215 81
1105 2188 1329 2215 0110101010
1355 2188 1442 2216 000
1474 2177 1687 2229 poterant,
1719 2189 1815 2216 eam
1846 2175 1891 2216 in
1922 2175 2063 2217 locum

455 2355 475 2385 3
502 2363 594 2385 1111110
621 2361 732 2385 causa
756 2350 874 2396 illius]
901 2350 946 2386 cf.
967 2349 1060 2386 Non.
1082 2363 1117 2396 p.
1141 2354 1219 2393 107,
1241 2354 1284 2386 15
1309 2352 1321 2396 ΙΙ
1349 2361 1436 2395 ergo
1463 2352 1588 2386 autem
1614 2361 1644 2385 e.
1666 2362 1701 2395 q.
1722 2350 1767 2396 8.]
1795 2350 1840 2386 cf.
1860 2350 1900 2386 F.
1915 2351 2063 2387 Schoell

358 2398 404 2434 d'e
431 2410 506 2434 acc.
535 2398 624 2443 ling.
650 2398 716 2433 lat.
743 2410 779 2442 p.
810 2402 875 2433 127
897 2410 948 2443 sq.
977 2399 1015 2433 et
1039 2410 1074 2443 p.
1105 2402 1169 2432 132
1191 2410 1268 2443 sqq.

457 2569 474 2599 1
509 2564 555 2600 ad
587 2563 880 2611 generalitatem¹
898 2563 927 2599 S
956 2565 968 2610 ΙΙ
1005 2567 1025 2597 2
1052 2563 1141 2609 quo]
1175 2563 1275 2608 quod
1299 2563 1344 2598 H
1377 2576 1412 2609 q:
1439 2563 1479 2598 F
1506 2565 1518 2609 ΙΙ
1554 2563 1713 2598 inueniri
1741 2564 1790 2598 M
1818 2564 1830 2609 ΙΙ
1867 2567 1888 2598 5
1914 2561 2065 2598 transiit

359 2611 495 2647 AFG:
520 2610 704 2647 transisiit
728 2610 757 2646 S
793 2610 1043 2649 transitRH
1048 2612 1097 2645 M
1119 2612 1131 2655 ΙΙ
1164 2612 1243 2646 sola
1266 2621 1332 2647 om.
1359 2611 1404 2646 H
1423 2613 1436 2656 ΙΙ
1465 2611 1503 2646 10
1529 2611 1600 2646 fine
1626 2622 1693 2646 om.
1720 2611 1752 2646 0
1773 2612 1786 2656 ΙΙ
1819 2615 1839 2646 6
1866 2611 1905 2646 et
1928 2621 2063 2645 nomen

360 2659 401 2694 F
415 2661 428 2705 ΙΙ
448 2661 486 2695 et
509 2670 576 2695 om.
598 2657 638 2693 F
652 2660 665 2704 ΙΙ
680 2661 764 2703 post
788 2668 869 2692 esse
895 2661 972 2693 octo
996 2659 1072 2701 fere
1097 2659 1237 2694 litterae
1260 2659 1423 2694 radendo
1447 2659 1581 2693 deletae
1603 2661 1691 2694 sunt
1715 2659 1757 2693 in
1784 2658 1833 2692 M
1849 2659 1861 2704 ΙΙ
1882 2662 1900 2693 7
1926 2667 2063 2693 nomen

360 2707 434 2754 est]
460 2708 504 2742 ut
527 2716 660 2752 graece
685 2704 822 2740 dicitur
847 2702 995 2740 ἐκείνου
1023 2702 1146 2750 (χάριν
1171 2706 1386 2751 Fabricius)
1414 2704 1525 2740 ἕνεκα
1551 2706 1636 2741 add.
1653 2706 1720 2750 Du
1745 2705 1844 2750 quod
1869 2732 1875 2739 .
1898 2733 1906 2740 .
1928 2731 1935 2739 .
1963 2705 2064 2740 caret

360 2765 427 2791 om.
455 2754 567 2798 MD,
592 2754 635 2788 in
658 2763 772 2798 mary.
798 2753 854 2787 ita
877 2753 995 2796 suppl.
1023 2763 1076 2795 m,
1105 2756 1147 2787 ut
1171 2753 1272 2797 quod
1294 2764 1362 2797 pro
1387 2753 1451 2797 qui
1475 2753 1662 2798 scripserit
1691 2754 1703 2798 ΙΙ
1734 2751 1899 2787 oratione
1926 2753 1959 2786 A
1990 2752 2004 2797 ΙΙ
2040 2755 2061 2786 9

361 2802 497 2836 fluente
517 2801 562 2835 H
593 2799 748 2835 fluentia
766 2798 843 2835 FO
857 2800 870 2844 ΙΙ
889 2801 954 2834 aut
979 2810 1045 2834 om.
1062 2800 1111 2833 M
1128 2800 1138 2845 ΙΙ
1159 2802 1243 2835 octo
1262 2799 1299 2834 R
1335 2799 1429 2836 VIII.
1450 2800 1495 2835 H
1515 2811 1612 2835 noua
1631 2800 1671 2834 F
1686 2801 1699 2845 ΙΙ
1720 2803 1763 2834 10
1788 2810 1883 2843 quae
1909 2798 2064 2834 hodiosa

362 2848 504 2893 (odiosa
531 2847 576 2893 0)
600 2847 749 2883 fuerant
773 2847 849 2882 FO
865 2847 877 2891 ΙΙ
894 2858 962 2892 per
986 2844 1135 2891 singula
1152 2855 1448 2883 'commemorare
1477 2848 1526 2882 M
1541 2849 1554 2892 ΙΙ
1575 2851 1616 2882 11
1643 2859 1767 2882 nvnms
1794 2847 1839 2881 H
1851 2847 1864 2891 ΙΙ
1885 2850 1927 2881 12
1954 2845 2062 2880 abso-

361 2896 543 2930 lutionem
562 2895 798 2939 RHM1114
824 2893 962 2939 onom]
987 2905 1019 2928 n.
1047 2906 1079 2932 Q.
1106 2907 1136 2928 E.
1164 2906 1193 2928 1.
1220 2908 1250 2928 12.
1277 2907 1308 2930 n.
1335 2908 1366 2929 R.
1394 2895 1478 2930 add.
1499 2894 1574 2939 ΜΙΙ
1593 2894 1703 2939 quae]
1729 2893 1817 2938 quia
1841 2893 1878 2928 R
1896 2894 1907 2938 ΙΙ
1929 2896 1971 2927 15
1997 2893 2060 2927 110-

361 2939 2063 3034 11111111121111113310.οἸ1031311111.ὲέ01020101κῑέςῗῑὲ301

363 3038 485 3073 clusas
583 3035 748 3071 studiose
774 3037 980 3071 retractans
1005 3045 1071 3070 om.
1092 3034 1121 3069 S
1138 3036 1150 3079 ΙΙ
1178 3034 1339 3070 inclusas
1364 3047 1430 3071 om.
1452 3036 1483 3070 0
1498 3038 1511 3080 ΙΙ
1538 3036 1601 3070 sed
1627 3035 1820 3079 separatas
1845 3044 1868 3068 a
1892 3033 2062 3069 multitu-

362 3085 447 3119 dine
474 3083 520 3118 M
535 3085 548 3128 ΙΙ
568 3095 590 3118 a
614 3093 680 3118 om.
702 3083 746 3117 H
759 3085 772 3128 ΙΙ
790 3088 836 3118 24
862 3083 1053 3128 separatus
1080 3080 1111 3116 G
1125 3083 1139 3126 ss
1157 3083 1441 3128 agnoscet-emm
1463 3083 1508 3116 H
1521 3084 1535 3127 fl
1553 3085 1597 3117 25
1618 3081 1798 3116 circuibat
1815 3079 1901 3115 AF
1935 3080 2063 3115 cuibat

364 3132 394 3166 Ο
418 3133 431 3176 ΙΙ
462 3131 667 3165 retractans
691 3130 801 3164 RM:
833 3132 999 3165 tractans
1024 3127 1145 3164 AFO'
1185 3129 1399 3164 sedractans
1425 3129 1470 3163 H
1503 3129 1691 3164 tractabat
1716 3128 1749 3162 G
1773 3129 1786 3172 ΙΙ
1816 3132 1861 3162 26
1888 3128 2059 3171 antiquo-

362 3190 444 3213 rum
457 3179 494 3213 R
512 3179 525 3223 ΙΙ
543 3181 587 3212 27
609 3187 690 3212 0001
709 3177 747 3212 in
768 3180 908 3221 certum
928 3178 1051 3212 locum
1069 3187 1136 3222 per
1154 3178 1278 3221 partes
1298 3176 1537 3211 includebant
1557 3177 1595 3210 et
1613 3175 1668 3210 ita
1686 3187 1730 3210 ex
1749 3175 1856 3210 110108
1878 3187 1904 3210 e.
1920 3186 1952 3220 q.
1966 3185 1994 3211 8.
2014 3174 2063 3208 M
