2092 3614
537 266 687 304 COMM.
714 266 767 302 IN
793 265 935 302 VERG.
962 264 1075 302 AEN.
1102 265 1154 300 XI
1180 268 1379 301 208-230.
1725 262 1810 304 501

103 378 150 420 iol
177 380 237 421 est
265 378 417 431 [caros]
436 377 601 431 fratres
631 376 968 432 desiderantium,
1004 378 1052 417 ui
1083 374 1133 430 <1
1166 374 1281 430 646>
1313 374 1422 417 cari
1450 376 1551 417 stat
1580 386 1701 416 eura
1723 387 1815 427 pa-

102 450 284 493 rentis:
315 452 355 492 et
382 452 439 492 est
461 448 731 504 periphrasis.

223 521 322 564 218.
371 537 433 564 ms
442 538 495 564 m
514 537 637 563 ,sams
671 520 766 562 bene
795 519 1010 573 repetitum
1042 516 1219 572 ‘i‘pSiim'.
1340 529 1515 560 IVBENT
1549 517 1713 573 volunt,
1748 530 1816 558 ex-

104 595 303 648 poscunt.
1271 637 1274 649 ,

224 665 322 708 220.
372 675 610 707 INGRAVAT
643 663 850 706 maiorem
881 661 1090 705 invidiam
1120 661 1320 716 concitat,
1351 661 1398 703 icl
1420 664 1478 704 est
1497 661 1695 716 ¹qraviora
1717 660 1822 713 facit
1845 668 1866 700 5

104 739 142 778 ei
171 739 322 779 onerat.
445 751 584 779 Voofflt
605 735 832 789 provocari.
964 721 972 726 ¹
1477 742 1481 746 ’

223 808 322 850 221.
373 817 615 850 TESTATVR
645 806 908 849 testificatur
939 805 1072 848 etiam
1099 805 1343 861 legatorum
1369 804 1511 860 fidem,
1544 804 1618 860 qui
1645 819 1742 846 cum
1769 819 1818 847 eo

105 878 292 921 fuerunt.
407 896 475 922 soz
483 895 539 923 VM
565 882 604 921 et
632 878 698 921 hie
728 878 823 921 bene
853 878 1068 932 repetitum
1100 875 1275 919 ‘solum'.

227 951 326 993 222.
377 967 498 994 smn
524 967 671 994 cozva
703 966 833 993 vasus
862 949 1013 993 seilicet
1040 951 1087 992 ut
1119 948 1183 991 illi
1205 948 1307 1003 paci
1334 948 1531 1004 faverent,
1561 948 1640 991 alii
1667 948 1820 990 Turno.

223 1023 324 1065 223.
374 1033 627 1066 OBVMBRAT
673 1021 881 1063 subaudis
926 1019 1170 1063 ‘Turnum':
1214 1022 1379 1075 tuetur,
1424 1019 1625 1062 defendit.
1686 1022 1725 1062 el
1763 1022 1822 1062 est
1850 1029 1892 1059 10

105 1094 334 1137 translatio
368 1094 422 1136 ab
456 1094 685 1136 arboribus
715 1093 848 1146 faeta,
889 1093 989 1147 quia
1020 1106 1167 1135 nomen
1198 1091 1399 1134 nobilium
1430 1095 1643 1146 tamquam
1673 1091 1821 1134 umbra

105 1169 165 1209 est
184 1180 266 1220 pro
296 1166 405 1209 aliis.
455 1165 537 1208 hoc
569 1167 714 1207 autem
746 1164 868 1207 dicit:
903 1179 1025 1207 amor
1056 1163 1234 1220 reginae
1267 1163 1322 1206 ad
1347 1163 1540 1207 favorem
1566 1163 1821 1219 popularem

106 1237 343 1292 plurimum
374 1236 581 1292 proderat
612 1235 772 1279 Turno.

225 1309 325 1351 224.
374 1319 565 1351 MERms
591 1319 860 1352 svsTsN'rAT
886 1319 1015 1350 FAMA
1041 1318 1271 1350 TROPAms
1302 1307 1364 1350 vel
1395 1308 1498 1363 quia
1525 1308 1684 1350 multos
1711 1307 1821 1350 occi-

107 1381 240 1436 derat,
272 1382 321 1423 ut
351 1380 483 1423 etiam
514 1380 607 1436 ipse
639 1380 834 1422 dicturus
866 1382 951 1422 est:
981 1379 1043 1423 vel
1073 1380 1294 1439 secundum
1325 1379 1433 1422 illud
1456 1378 1568 1434 <XII
1588 1379 1675 1434 22>
1707 1382 1824 1422 sunt
1850 1388 1892 1420 15

108 1453 290 1508 oppida
319 1452 479 1495 mulla
511 1455 655 1506 capla
685 1465 843 1494 manu.

227 1524 327 1567 226.
376 1535 494 1567 ECCE
528 1534 678 1567 SVPER
716 1523 910 1579 insuper,
946 1522 1020 1565 hoc
1056 1526 1115 1565 est
1145 1522 1197 1565 ad
1230 1522 1567 1566 cumulationem
1597 1523 1822 1566 malorum.

197 1606 369 1639 MAESTI
407 1594 489 1638 hoc
529 1609 726 1638 sermone
758 1609 831 1638 eos
863 1594 974 1637 nihil
1007 1595 1149 1650 egisse
1181 1595 1407 1651 significat.
1527 1606 1691 1638 MAGNA
1723 1606 1823 1638 DIO—

108 1678 254 1710 Msms
286 1678 345 1709 AB
377 1678 500 1709 VRBE
538 1667 699 1723 legitur
738 1668 781 1709 et
813 1665 1004 1723 ‘magni'.
1066 1669 1105 1709 et
1141 1669 1255 1709 tanto
1287 1667 1475 1722 asperius
1504 1668 1674 1723 videtur,
1705 1667 1823 1722 quod,

108 1752 201 1782 cum
232 1737 438 1794 ‘maynus'
468 1738 525 1781 sit
555 1737 816 1794 ‘Diomedes'‚
845 1751 931 1781 non
961 1738 1088 1781 audet
1116 1739 1310 1782 adversus
1340 1739 1513 1782 Aenean
1536 1753 1738 1794 paynare.
1850 1749 1895 1781 20

229 1811 328 1853 227.
375 1827 488 1854 ΝΙΗΠ,
516 1814 686 1853 οΜὶνΙΒνε
710 1826 844 1854 ΑσΤνΜ
871 1809 1042 1852 breviter
1078 1813 1117 1853 et
1154 1810 1331 1854 laborem
1367 1814 1406 1854 et
1433 1812 1617 1854 studium
1647 1824 1822 1866 compre-

108 1881 259 1925 liendil.

229 1954 329 1996 228.
378 1964 460 1995 ΝΠ,
492 1964 622 1995 DONA
654 1964 746 1995 NEC
778 1964 942 1996 AVRVM
980 1952 1174 1996 ordinem
1210 1954 1443 2010 legationis
1482 1955 1732 2010 exsequitur
1762 1954 1822 1997 di-

113 2039 225 2081 cens,
255 2024 445 2068 inaniter
475 2024 668 2080 perfecta
694 2038 787 2066 esse
813 2024 971 2080 omnia,
1003 2039 1113 2080 quae
1138 2026 1319 2080 possent
1345 2025 1541 2069 efficaces
1567 2026 1705 2082 legati
1731 2040 1823 2081 per-

109 2096 236 2139 ficere
268 2111 386 2152 auro,
418 2096 630 2152 precibus7
660 2096 959 2152 promissione.
1849 2107 1893 2139 25

230 2167 328 2210 230.
377 2178 534 2211 PAOEM
570 2179 777 2211 'moriano
814 2179 875 2211 AB
911 2179 1037 2211 REGE
1073 2180 1332 2212 PETENDVM
1376 2169 1488 2212 sicut
1528 2168 1660 2212 etiam
1692 2184 1824 2225 supra

113 2238 183 2295 <X
215 2239 332 2294 628>
370 2239 576 2295 diximus,
619 2254 715 2282 cum
752 2253 829 2294 per
870 2239 1050 2295 gerundi
1088 2239 1264 2282 modum
1303 2240 1467 2297 aliquid
1503 2241 1703 2298 dicimus,
1746 2239 1824 2297 per

113 2310 406 2354 accusativum
444 2310 730 2354 elocutionem
762 2310 997 2353 formemus
1029 2326 1202 2354 necesse
1235 2314 1317 2367 est,
1355 2315 1405 2355 ut
1436 2312 1686 2369 ‘petendum
1717 2312 1824 2355 mihi

112 2385 178 2426 est
220 2382 410 2439 equum':
456 2382 680 2426 Lucretius
724 2383 774 2439 <1
807 2383 922 2438 111>
967 2385 1207 2427 aeternas
1251 2383 1493 2440 quoniam
1536 2399 1728 2441 poenas
1772 2385 1824 2428 in

112 2454 611 2511 mortefflimendum,
650 2455 756 2497 item
783 2453 1014 2498 Sallustius
1047 2458 1221 2499 castra
1253 2456 1364 2498 sine
1398 2457 1606 2500 vulnere
1638 2456 1895 2500 introi-so

209 2599 255 2631 30
281 2594 494 2643 Sallustius]
521 2595 607 2632 hist.
634 2595 687 2631 IV
711 2599 757 2632 45
783 2596 846 2640 D.;
872 2601 893 2633 3
918 2596 980 2632 Kr.

211 2729 230 2760 1
258 2736 363 2761 caros
389 2725 518 2760 seclusi
541 2726 554 2771 ΙΙ
580 2725 832 2762 desideratum
857 2726 998 2762 Daniel
1035 2725 1296 2764 desiderarunt
1322 2728 1560 2764 Gommelinus
1578 2730 1591 2773 ΙΙ
1617 2729 1710 2775 stat]
1737 2740 1823 2765 con—

115 2774 192 2809 stat
217 2772 257 2808 F
284 2774 297 2818 ΙΙ
327 2776 348 2808 5
375 2771 524 2808 conficit
549 2773 589 2808 F
616 2774 629 2819 ΙΙ
659 2774 709 2810 ad
734 2785 912 2810 manvu
935 2785 962 2810 s.
988 2785 1021 2810 v.
1048 2775 1222 2820 grauiora
1246 2776 1338 2811 facit
1366 2776 1399 2810 T
1427 2777 1439 2823 ΙΙ
1469 2775 1509 2810 id.
1534 2776 1605 2822 est]
1633 2775 1718 2812 ideo
1745 2777 1779 2812 G
1813 2777 1824 2823 ΙΙ

115 2825 136 2857 6
162 2820 333 2857 onerauit
358 2819 400 2855 F
434 2820 632 2856 honorauit
657 2820 691 2856 G
715 2822 728 2868 ΙΙ
751 2823 801 2858 ad
826 2834 1010 2862 sonvnovs
1034 2834 1069 2858 v.
1094 2834 1121 2859 s.
1148 2834 1180 2859 v.
1206 2824 1357 2859 turnum
1383 2823 1422 2859 in
1449 2823 1548 2859 bella
1576 2823 1642 2877 le
1673 2828 1694 2859 8
1719 2835 1824 2870 repe-

113 2868 226 2904 titum
252 2868 375 2904 soluto
402 2866 453 2912 F,
478 2878 569 2903 corr.
590 2867 729 2904 Daniel
746 2869 759 2915 ΙΙ
778 2873 799 2905 9
825 2870 875 2905 ad
898 2881 1014 2905 MVLTA
1039 2881 1143 2906 smvr.
1169 2883 1200 2906 o.
1227 2883 1261 2907 v.
1287 2882 1315 2907 s.
1334 2882 1365 2907 v.
1397 2872 1436 2906 ut
1460 2871 1528 2906 alii
1553 2870 1697 2907 scihcet
1722 2871 1823 2907 faue-

114 2917 199 2952 rent
222 2917 332 2952 turno
357 2915 425 2951 alii
449 2915 535 2961 paci
556 2915 589 2950 T
605 2916 617 2963 ΙΙ
636 2916 686 2951 ad
704 2928 823 2952 mons
843 2927 871 2952 s.
887 2927 919 2953 v.
939 2915 1092 2953 illorum
1117 2918 1263 2954 scilicet
1287 2919 1352 2964 qui
1371 2919 1526 2955 aderant
1544 2930 1611 2964 pro
1631 2920 1742 2956 turno
1766 2919 1799 2954 Τ
1814 2920 1826 2966 Η

117 2967 161 2998 10
186 2964 236 2999 ad
262 2975 450 3000 onvusnxr
474 2974 502 2999 s.
528 2974 560 2999 v.
586 2963 714 2998 tuetur
739 2965 778 2998 et
801 2966 860 2999 est
882 2964 1079 3001 translatio
1106 2965 1153 3001 ab
1180 2966 1384 3002 arboribus.
1423 2977 1557 3002 nomen
1589 2967 1688 3002 enim
1719 2967 1823 3003 nobi-

114 3009 206 3046 lium
232 3010 338 3056 quasi
362 3011 495 3046 umbra
519 3013 576 3047 est
599 3022 667 3056 pro
694 3010 778 3046 aliis
801 3011 834 3046 T
850 3012 862 3058 ΙΙ
882 3013 920 3047 et
945 3014 1004 3048 est
1027 3023 1093 3049 om.
1115 3013 1156 3048 F
1171 3014 1183 3059 ΙΙ
1211 3017 1253 3048 12
1281 3013 1373 3049 dicit
1397 3024 1463 3050 om.
1484 3014 1524 3049 F
1540 3016 1552 3061 ΙΙ
1582 3018 1626 3050 14
1650 3015 1712 3050 vel
1737 3014 1826 3059 quia

116 3085 124 3093 .
153 3085 161 3093 .
188 3085 196 3093 .
224 3061 335 3104 capta
357 3058 477 3094 multa
502 3069 615 3094 manu
639 3059 720 3094 hab.
751 3058 784 3093 T
818 3059 830 3105 ΙΙ
868 3062 911 3094 17
943 3059 1014 3095 hoc
1048 3061 1106 3097 est
1135 3060 1287 3106 insuper
1317 3061 1389 3097 hoc
1421 3063 1479 3098 est
1504 3066 1552 3097 ad
1577 3073 1603 3097 e.
1630 3074 1662 3107 q.
1688 3073 1715 3098 s.
1743 3062 1785 3097 F

117 3109 161 3140 19
186 3106 294 3141 tanto
321 3105 487 3152 asperius
514 3134 522 3143 .
544 3135 551 3143 .
573 3135 580 3142 .
607 3117 774 3152 pugnare
799 3106 881 3142 hab.
903 3106 966 3154 Tu
990 3108 1222 3145 21‘breviter
1248 3134 1255 3143 .
1343 3109 1628 3155 comprehendit
1651 3110 1734 3144 hab.
1758 3109 1791 3144 T

116 3155 162 3188 25
187 3163 277 3188 auro
302 3152 474 3198 precibus
499 3153 742 3200 promissione
768 3164 834 3189 om.
861 3153 907 3189 H
912 3154 1009 3189 MF
1030 3157 1129 3200 (add.
1155 3157 1205 3201 m)
1224 3156 1236 3203 ΙΙ
1255 3159 1299 3191 27
1326 3157 1482 3201 gerendi
1507 3157 1580 3192 AS
1598 3158 1610 3203 ΙΙ
1636 3160 1681 3191 28
1706 3156 1825 3192 firme—

116 3212 198 3235 mus
204 3199 308 3283 FIJH
321 3201 334 3248 [1
351 3202 395 3236 ut
413 3225 422 3237 .
443 3228 451 3237 .
473 3230 480 3238 .
502 3212 639 3246 equum
663 3212 731 3237 om.
751 3200 851 3236 HM
866 3203 880 3247 ΙΙ
910 3205 956 3237 29
981 3204 1151 3239 aeternas
1172 3233 1179 3239 .
1201 3232 1210 3240 .
1231 3231 1238 3238 .
1261 3202 1459 3239 Sallustius
1485 3215 1551 3240 om.
1572 3204 1618 3239 H
1631 3205 1643 3250 ΙΙ
1662 3207 1708 3239 30
1732 3202 1826 3240 item

116 3258 184 3284 om.

1468 3310 1540 3346 33*
