<?xml version="1.0" encoding="UTF-8"?>
<!DOCTYPE html PUBLIC "-//W3C//DTD XHTML 1.0 Transitional//EN"
    "http://www.w3.org/TR/xhtml1/DTD/xhtml1-transitional.dtd">
<html xmlns="http://www.w3.org/1999/xhtml" xml:lang="en" lang="en">
 <head>
  <title>
</title>
<meta http-equiv="Content-Type" content="text/html;charset=utf-8" />
  <meta name='ocr-system' content='tesseract 3.04.00' />
  <meta name='ocr-capabilities' content='ocr_page ocr_carea ocr_par ocr_line ocrx_word'/>
</head>
<body>
  <div class='ocr_page' id='page_1' title='image "./invergiliicarmin02servuoft_0530.png"; bbox 0 0 2092 3614; ppageno 0'>
   <div class='ocr_carea' id='block_1_1' title="bbox 280 678 301 709">
    <p class='ocr_par' dir='ltr' id='par_1_1' title="bbox 280 678 301 709">
     <span class='ocr_line' id='line_1_1' title="bbox 280 678 301 709; baseline 0 0"><span class='ocrx_word' id='word_1_1' title='bbox 280 678 301 709; x_wconf 87' lang='lat'>5</span> 
     </span>
    </p>
   </div>
   <div class='ocr_carea' id='block_1_2' title="bbox 259 1036 301 1067">
    <p class='ocr_par' dir='ltr' id='par_1_2' title="bbox 259 1036 301 1067">
     <span class='ocr_line' id='line_1_2' title="bbox 259 1036 301 1067; baseline 0 0"><span class='ocrx_word' id='word_1_2' title='bbox 259 1036 301 1067; x_wconf 89' lang='lat'><em>10</em></span> 
     </span>
    </p>
   </div>
   <div class='ocr_carea' id='block_1_3' title="bbox 258 1394 299 1425">
    <p class='ocr_par' dir='ltr' id='par_1_3' title="bbox 258 1394 299 1425">
     <span class='ocr_line' id='line_1_3' title="bbox 258 1394 299 1425; baseline 0 0"><span class='ocrx_word' id='word_1_3' title='bbox 258 1394 299 1425; x_wconf 87' lang='lat'><em>15</em></span> 
     </span>
    </p>
   </div>
   <div class='ocr_carea' id='block_1_4' title="bbox 257 1751 303 1783">
    <p class='ocr_par' dir='ltr' id='par_1_4' title="bbox 257 1751 303 1783">
     <span class='ocr_line' id='line_1_4' title="bbox 257 1751 303 1783; baseline 0 0"><span class='ocrx_word' id='word_1_4' title='bbox 257 1751 303 1783; x_wconf 84' lang='lat'><em>20</em></span> 
     </span>
    </p>
   </div>
   <div class='ocr_carea' id='block_1_5' title="bbox 330 274 1265 316">
    <p class='ocr_par' dir='ltr' id='par_1_5' title="bbox 330 274 1265 316">
     <span class='ocr_line' id='line_1_5' title="bbox 330 274 1265 316; baseline -0.005 0"><span class='ocrx_word' id='word_1_5' title='bbox 330 274 415 316; x_wconf 78' lang='grc'><em>516</em></span> <span class='ocrx_word' id='word_1_6' title='bbox 1104 275 1265 312; x_wconf 83' lang='lat' dir='ltr'><strong>SERVII</strong></span> 
     </span>
    </p>
   </div>
   <div class='ocr_carea' id='block_1_6' title="bbox 318 381 2043 2084">
    <p class='ocr_par' dir='ltr' id='par_1_6' title="bbox 323 381 2035 513">
     <span class='ocr_line' id='line_1_6' title="bbox 323 381 2035 442; baseline 0.002 -16"><span class='ocrx_word' id='word_1_7' title='bbox 323 383 534 438; x_wconf 71' lang='lat' dir='ltr'><em>yerimus’.</em></span> <span class='ocrx_word' id='word_1_8' title='bbox 663 400 775 427; x_wconf 70' lang='lat' dir='ltr'><em>etms</em></span> <span class='ocrx_word' id='word_1_9' title='bbox 811 381 1073 439; x_wconf 78' lang='grc' dir='ltr'><strong><em>ἐκφώνησις.</em></strong></span> <span class='ocrx_word' id='word_1_10' title='bbox 1208 397 1302 428; x_wconf 84' lang='lat' dir='ltr'><em>ovM</em></span> <span class='ocrx_word' id='word_1_11' title='bbox 1340 397 1493 429; x_wconf 80' lang='lat' dir='ltr'>GENTE</span> <span class='ocrx_word' id='word_1_12' title='bbox 1531 397 1726 429; x_wconf 81' lang='lat' dir='ltr'>DEORVM</span> <span class='ocrx_word' id='word_1_13' title='bbox 1772 388 1846 442; x_wconf 88' lang='lat' dir='ltr'><em>qui</em></span> <span class='ocrx_word' id='word_1_14' title='bbox 1888 403 1914 430; x_wconf 87' lang='lat' dir='ltr'><em>a</em></span> <span class='ocrx_word' id='word_1_15' title='bbox 1954 388 2035 430; x_wconf 87' lang='lat' dir='ltr'><em>diis</em></span> 
     </span>
     <span class='ocr_line' id='line_1_7' title="bbox 329 454 744 513; baseline -0.002 -15"><span class='ocrx_word' id='word_1_16' title='bbox 329 456 539 513; x_wconf 81' lang='lat' dir='ltr'>originem</span> <span class='ocrx_word' id='word_1_17' title='bbox 572 454 744 498; x_wconf 79' lang='lat' dir='ltr'><em>ducunt.</em></span> 
     </span>
    </p>

    <p class='ocr_par' dir='ltr' id='par_1_7' title="bbox 326 527 2038 1011">
     <span class='ocr_line' id='line_1_8' title="bbox 448 527 2037 586; baseline 0.003 -17"><span class='ocrx_word' id='word_1_18' title='bbox 448 527 546 569; x_wconf 84' lang='lat'>306.</span> <span class='ocrx_word' id='word_1_19' title='bbox 595 538 894 577; x_wconf 78' lang='lat' dir='ltr'>INVIGTISQVE</span> <span class='ocrx_word' id='word_1_20' title='bbox 919 539 1042 570; x_wconf 74' lang='lat' dir='ltr'><em>vnus</em></span> <span class='ocrx_word' id='word_1_21' title='bbox 1070 539 1272 570; x_wconf 70' lang='lat' dir='ltr'><em>ennmvs</em></span> <span class='ocrx_word' id='word_1_22' title='bbox 1299 528 1420 583; x_wconf 86' lang='lat' dir='ltr'><em>atqui</em></span> <span class='ocrx_word' id='word_1_23' title='bbox 1446 543 1576 584; x_wconf 85' lang='lat' dir='ltr'><em>supra</em></span> <span class='ocrx_word' id='word_1_24' title='bbox 1601 529 1786 585; x_wconf 85' lang='lat' dir='ltr'><em>legimus</em></span> <span class='ocrx_word' id='word_1_25' title='bbox 1813 529 1902 585; x_wconf 91' lang='lat' dir='ltr'><em>&lt;IX</em></span> <span class='ocrx_word' id='word_1_26' title='bbox 1922 530 2037 586; x_wconf 82' lang='lat'>596&gt;</span> 
     </span>
     <span class='ocr_line' id='line_1_9' title="bbox 328 597 2037 657; baseline 0.003 -17"><span class='ocrx_word' id='word_1_27' title='bbox 328 598 405 640; x_wconf 87' lang='lat' dir='ltr'><em>bis</em></span> <span class='ocrx_word' id='word_1_28' title='bbox 447 597 588 653; x_wconf 84' lang='lat' dir='ltr'><em>eapti</em></span> <span class='ocrx_word' id='word_1_29' title='bbox 618 597 865 654; x_wconf 84' lang='lat' dir='ltr'><strong>Phryges.</strong></span> <span class='ocrx_word' id='word_1_30' title='bbox 928 599 1000 642; x_wconf 89' lang='lat' dir='ltr'><em>sed</em></span> <span class='ocrx_word' id='word_1_31' title='bbox 1041 599 1226 642; x_wconf 82' lang='lat' dir='ltr'><em>invictos</em></span> <span class='ocrx_word' id='word_1_32' title='bbox 1264 598 1359 642; x_wconf 89' lang='lat' dir='ltr'><em>ideo</em></span> <span class='ocrx_word' id='word_1_33' title='bbox 1401 599 1524 655; x_wconf 87' lang='lat' dir='ltr'><em>dicit,</em></span> <span class='ocrx_word' id='word_1_34' title='bbox 1565 600 1667 656; x_wconf 85' lang='lat' dir='ltr'><em>quia</em></span> <span class='ocrx_word' id='word_1_35' title='bbox 1705 603 1907 657; x_wconf 86' lang='lat' dir='ltr'><em>sequetur</em></span> <span class='ocrx_word' id='word_1_36' title='bbox 1944 601 2037 645; x_wconf 68' lang='lat' dir='ltr'><em>‘neo</em></span> 
     </span>
     <span class='ocr_line' id='line_1_10' title="bbox 328 669 2038 730; baseline 0.002 -18"><span class='ocrx_word' id='word_1_37' title='bbox 328 670 433 712; x_wconf 84' lang='lat' dir='ltr'><em>vieti</em></span> <span class='ocrx_word' id='word_1_38' title='bbox 464 671 648 725; x_wconf 75' lang='lat' dir='ltr'>possunt</span> <span class='ocrx_word' id='word_1_39' title='bbox 679 670 889 713; x_wconf 87' lang='lat' dir='ltr'><em>absistere</em></span> <span class='ocrx_word' id='word_1_40' title='bbox 920 669 1064 713; x_wconf 87' lang='lat' dir='ltr'><em>ferro&#39;.</em></span> <span class='ocrx_word' id='word_1_41' title='bbox 1129 669 1340 726; x_wconf 71' lang='lat' dir='ltr'><em>‘possunt&#39;</em></span> <span class='ocrx_word' id='word_1_42' title='bbox 1375 673 1519 713; x_wconf 87' lang='lat' dir='ltr'><em>autem</em></span> <span class='ocrx_word' id='word_1_43' title='bbox 1551 670 1792 715; x_wconf 74' lang='lat' dir='ltr'><em>‘absistere’</em></span> <span class='ocrx_word' id='word_1_44' title='bbox 1825 674 1932 715; x_wconf 87' lang='lat' dir='ltr'><em>mire</em></span> <span class='ocrx_word' id='word_1_45' title='bbox 1965 674 2038 730; x_wconf 87' lang='lat' dir='ltr'><em>ait,</em></span> 
     </span>
     <span class='ocr_line' id='line_1_11' title="bbox 328 741 2038 801; baseline 0.003 -18"><span class='ocrx_word' id='word_1_46' title='bbox 328 756 378 783; x_wconf 85' lang='lat' dir='ltr'><em>ao</em></span> <span class='ocrx_word' id='word_1_47' title='bbox 409 741 446 784; x_wconf 90' lang='lat' dir='ltr'><em>si</em></span> <span class='ocrx_word' id='word_1_48' title='bbox 478 741 656 784; x_wconf 84' lang='lat' dir='ltr'><em>diceret:</em></span> <span class='ocrx_word' id='word_1_49' title='bbox 690 741 821 784; x_wconf 90' lang='lat' dir='ltr'><em>etiam</em></span> <span class='ocrx_word' id='word_1_50' title='bbox 854 742 891 784; x_wconf 92' lang='lat' dir='ltr'><em>si</em></span> <span class='ocrx_word' id='word_1_51' title='bbox 922 742 1070 798; x_wconf 80' lang='lat' dir='ltr'><em>velint,</em></span> <span class='ocrx_word' id='word_1_52' title='bbox 1103 756 1175 785; x_wconf 89' lang='lat' dir='ltr'><em>eos</em></span> <span class='ocrx_word' id='word_1_53' title='bbox 1209 758 1234 784; x_wconf 85' lang='lat' dir='ltr'><em>a</em></span> <span class='ocrx_word' id='word_1_54' title='bbox 1264 742 1390 785; x_wconf 88' lang='lat' dir='ltr'><em>bellis</em></span> <span class='ocrx_word' id='word_1_55' title='bbox 1423 741 1639 785; x_wconf 84' lang='lat' dir='ltr'>discedere</span> <span class='ocrx_word' id='word_1_56' title='bbox 1670 746 1828 786; x_wconf 86' lang='lat' dir='ltr'><em>natura</em></span> <span class='ocrx_word' id='word_1_57' title='bbox 1852 759 1941 788; x_wconf 90' lang='lat' dir='ltr'><em>non</em></span> <span class='ocrx_word' id='word_1_58' title='bbox 1965 760 2038 801; x_wconf 85' lang='lat' dir='ltr'><em>pa-</em></span> 
     </span>
     <span class='ocr_line' id='line_1_12' title="bbox 326 812 2038 868; baseline 0.003 -14"><span class='ocrx_word' id='word_1_59' title='bbox 326 812 445 855; x_wconf 88' lang='lat' dir='ltr'><em>titur.</em></span> <span class='ocrx_word' id='word_1_60' title='bbox 506 812 677 857; x_wconf 87' lang='lat' dir='ltr'><em>Ennius</em></span> <span class='ocrx_word' id='word_1_61' title='bbox 719 815 806 868; x_wconf 79' lang='lat' dir='ltr'><em>qui</em></span> <span class='ocrx_word' id='word_1_62' title='bbox 848 814 1007 857; x_wconf 88' lang='lat' dir='ltr'><em>vineit</em></span> <span class='ocrx_word' id='word_1_63' title='bbox 1047 827 1145 856; x_wconf 89' lang='lat' dir='ltr'><em>non</em></span> <span class='ocrx_word' id='word_1_64' title='bbox 1181 817 1251 856; x_wconf 88' lang='lat' dir='ltr'><em>est</em></span> <span class='ocrx_word' id='word_1_65' title='bbox 1287 814 1461 865; x_wconf 86' lang='lat' dir='ltr'><em>vietor,</em></span> <span class='ocrx_word' id='word_1_66' title='bbox 1504 815 1610 857; x_wconf 87' lang='lat' dir='ltr'><em>nisi</em></span> <span class='ocrx_word' id='word_1_67' title='bbox 1645 814 1803 858; x_wconf 84' lang='lat' dir='ltr'><em>vietus</em></span> <span class='ocrx_word' id='word_1_68' title='bbox 1836 816 2038 868; x_wconf 85' lang='lat' dir='ltr'><em>fatetur.</em></span> 
     </span>
     <span class='ocr_line' id='line_1_13' title="bbox 334 884 2037 941; baseline 0.002 -14"><span class='ocrx_word' id='word_1_69' title='bbox 334 884 467 927; x_wconf 88' lang='lat' dir='ltr'><em>Varro</em></span> <span class='ocrx_word' id='word_1_70' title='bbox 492 887 531 927; x_wconf 91' lang='lat' dir='ltr'><em>et</em></span> <span class='ocrx_word' id='word_1_71' title='bbox 553 885 672 927; x_wconf 82' lang='lat' dir='ltr'><em>ceteri</em></span> <span class='ocrx_word' id='word_1_72' title='bbox 696 886 867 928; x_wconf 79' lang='lat' dir='ltr'><em>invictos</em></span> <span class='ocrx_word' id='word_1_73' title='bbox 892 886 1035 928; x_wconf 86' lang='lat' dir='ltr'><em>dieunt</em></span> <span class='ocrx_word' id='word_1_74' title='bbox 1054 885 1269 941; x_wconf 82' lang='lat' dir='ltr'><em>Troianos,</em></span> <span class='ocrx_word' id='word_1_75' title='bbox 1295 886 1395 940; x_wconf 79' lang='lat' dir='ltr'><em>quia</em></span> <span class='ocrx_word' id='word_1_76' title='bbox 1411 899 1490 939; x_wconf 90' lang='lat' dir='ltr'><em>per</em></span> <span class='ocrx_word' id='word_1_77' title='bbox 1514 886 1691 929; x_wconf 76' lang='lat' dir='ltr'><em>insidias</em></span> <span class='ocrx_word' id='word_1_78' title='bbox 1715 888 1896 941; x_wconf 73' lang='lat' dir='ltr'><em>oppressi</em></span> <span class='ocrx_word' id='word_1_79' title='bbox 1919 891 2037 931; x_wconf 89' lang='lat' dir='ltr'><em>sunt:</em></span> 
     </span>
     <span class='ocr_line' id='line_1_14' title="bbox 327 955 1574 1011; baseline 0.001 -13"><span class='ocrx_word' id='word_1_80' title='bbox 327 956 419 999; x_wconf 81' lang='lat' dir='ltr'><em>illos</em></span> <span class='ocrx_word' id='word_1_81' title='bbox 449 956 559 999; x_wconf 89' lang='lat' dir='ltr'><em>enim</em></span> <span class='ocrx_word' id='word_1_82' title='bbox 591 955 738 999; x_wconf 74' lang='lat' dir='ltr'><em>‘vinei&#39;</em></span> <span class='ocrx_word' id='word_1_83' title='bbox 772 957 1001 1011; x_wconf 72' lang='lat' dir='ltr'><em>adfirmant</em></span> <span class='ocrx_word' id='word_1_84' title='bbox 1028 958 1101 1011; x_wconf 76' lang='lat' dir='ltr'><em>qui</em></span> <span class='ocrx_word' id='word_1_85' title='bbox 1131 971 1172 1000; x_wconf 88' lang='lat' dir='ltr'><em>se</em></span> <span class='ocrx_word' id='word_1_86' title='bbox 1202 957 1354 1000; x_wconf 88' lang='lat' dir='ltr'><em>dedunt</em></span> <span class='ocrx_word' id='word_1_87' title='bbox 1383 956 1574 999; x_wconf 77' lang='lat' dir='ltr'><em>hostibus.</em></span> 
     </span>
    </p>

    <p class='ocr_par' dir='ltr' id='par_1_8' title="bbox 326 1027 2041 1224">
     <span class='ocr_line' id='line_1_15' title="bbox 447 1027 2041 1083; baseline 0.002 -13"><span class='ocrx_word' id='word_1_88' title='bbox 447 1027 546 1070; x_wconf 82' lang='lat'><strong>308.</strong></span> <span class='ocrx_word' id='word_1_89' title='bbox 595 1039 811 1071; x_wconf 78' lang='lat' dir='ltr'><em>Ansorrls</em></span> <span class='ocrx_word' id='word_1_90' title='bbox 845 1028 1054 1083; x_wconf 80' lang='lat' dir='ltr'><em>evocatis,</em></span> <span class='ocrx_word' id='word_1_91' title='bbox 1091 1028 1317 1071; x_wconf 80' lang='lat' dir='ltr'><em>adiunctis.</em></span> <span class='ocrx_word' id='word_1_92' title='bbox 1379 1042 1471 1083; x_wconf 71' lang='lat' dir='ltr'><em>erqo</em></span> <span class='ocrx_word' id='word_1_93' title='bbox 1501 1031 1540 1070; x_wconf 90' lang='lat' dir='ltr'><em>et</em></span> <span class='ocrx_word' id='word_1_94' title='bbox 1564 1029 1774 1082; x_wconf 66' lang='lat' dir='ltr'><em>⁸qradatim</em></span> <span class='ocrx_word' id='word_1_95' title='bbox 1804 1031 1956 1073; x_wconf 82' lang='lat' dir='ltr'><em>aceedit</em></span> <span class='ocrx_word' id='word_1_96' title='bbox 1983 1031 2041 1074; x_wconf 90' lang='lat' dir='ltr'><em>ad</em></span> 
     </span>
     <span class='ocr_line' id='line_1_16' title="bbox 326 1099 2040 1154; baseline 0.002 -13"><span class='ocrx_word' id='word_1_97' title='bbox 326 1099 658 1154; x_wconf 73' lang='lat' dir='ltr'><em>desperationem,</em></span> <span class='ocrx_word' id='word_1_98' title='bbox 689 1113 793 1154; x_wconf 78' lang='lat' dir='ltr'><em>quae</em></span> <span class='ocrx_word' id='word_1_99' title='bbox 822 1100 927 1154; x_wconf 72' lang='lat' dir='ltr'><em>eoyit</em></span> <span class='ocrx_word' id='word_1_100' title='bbox 954 1112 1095 1153; x_wconf 83' lang='lat' dir='ltr'><em>paoem</em></span> <span class='ocrx_word' id='word_1_101' title='bbox 1126 1112 1208 1143; x_wconf 86' lang='lat' dir='ltr'><em>esse</em></span> <span class='ocrx_word' id='word_1_102' title='bbox 1230 1099 1490 1154; x_wconf 80' lang='lat' dir='ltr'><em>poscendam.</em></span> <span class='ocrx_word' id='word_1_103' title='bbox 1634 1116 1757 1143; x_wconf 73' lang='lat' dir='ltr'><em>AETOL</em></span> <span class='ocrx_word' id='word_1_104' title='bbox 1765 1117 1820 1143; x_wconf 80' lang='lat' dir='ltr'><em>VM</em></span> <span class='ocrx_word' id='word_1_105' title='bbox 1846 1118 1892 1144; x_wconf 78' lang='lat' dir='ltr'><em>nv</em></span> <span class='ocrx_word' id='word_1_106' title='bbox 1919 1118 2040 1145; x_wconf 59' lang='lat' dir='ltr'><em>sams</em></span> 
     </span>
     <span class='ocr_line' id='line_1_17' title="bbox 327 1170 1602 1224; baseline 0 -12"><span class='ocrx_word' id='word_1_107' title='bbox 327 1172 390 1223; x_wconf 91' lang='lat' dir='ltr'><em>†a</em></span> <span class='ocrx_word' id='word_1_108' title='bbox 414 1171 533 1224; x_wconf 89' lang='lat' dir='ltr'><em>patri</em></span> <span class='ocrx_word' id='word_1_109' title='bbox 563 1183 692 1224; x_wconf 78' lang='lat' dir='ltr'><em>usque</em></span> <span class='ocrx_word' id='word_1_110' title='bbox 721 1171 825 1213; x_wconf 89' lang='lat' dir='ltr'><em>adde</em></span> <span class='ocrx_word' id='word_1_111' title='bbox 855 1171 902 1213; x_wconf 91' lang='lat' dir='ltr'><em>id</em></span> <span class='ocrx_word' id='word_1_112' title='bbox 929 1170 1144 1213; x_wconf 89' lang='lat' dir='ltr'><em>Diomedis</em></span> <span class='ocrx_word' id='word_1_113' title='bbox 1174 1171 1419 1214; x_wconf 76' lang='lat' dir='ltr'><em>mentionem</em></span> <span class='ocrx_word' id='word_1_114' title='bbox 1448 1170 1602 1213; x_wconf 80' lang='lat' dir='ltr'><em>intulit.</em></span> 
     </span>
    </p>

    <p class='ocr_par' dir='ltr' id='par_1_9' title="bbox 318 1241 2043 1726">
     <span class='ocr_line' id='line_1_18' title="bbox 446 1241 2040 1297; baseline 0.002 -12"><span class='ocrx_word' id='word_1_115' title='bbox 446 1241 544 1285; x_wconf 89' lang='lat'>309.</span> <span class='ocrx_word' id='word_1_116' title='bbox 594 1259 736 1285; x_wconf 70' lang='lat' dir='ltr'><em>Pomm</em></span> <span class='ocrx_word' id='word_1_117' title='bbox 761 1243 954 1297; x_wconf 78' lang='lat' dir='ltr'><em>deponite.</em></span> <span class='ocrx_word' id='word_1_118' title='bbox 1048 1253 1156 1284; x_wconf 83' lang='lat' dir='ltr'>SPES</span> <span class='ocrx_word' id='word_1_119' title='bbox 1183 1253 1273 1285; x_wconf 81' lang='lat' dir='ltr'>SIBI</span> <span class='ocrx_word' id='word_1_120' title='bbox 1299 1253 1498 1293; x_wconf 78' lang='lat' dir='ltr'><strong>QVISQVE</strong></span> <span class='ocrx_word' id='word_1_121' title='bbox 1527 1241 1732 1284; x_wconf 87' lang='lat' dir='ltr'><em>subaudis</em></span> <span class='ocrx_word' id='word_1_122' title='bbox 1761 1242 1860 1286; x_wconf 78' lang='lat' dir='ltr'><em>‘sit&#39;.</em></span> <span class='ocrx_word' id='word_1_123' title='bbox 1898 1247 1937 1287; x_wconf 92' lang='lat' dir='ltr'><em>et</em></span> <span class='ocrx_word' id='word_1_124' title='bbox 1961 1245 2040 1288; x_wconf 82' lang='lat' dir='ltr'><em>late</em></span> 
     </span>
     <span class='ocr_line' id='line_1_19' title="bbox 318 1313 2040 1371; baseline 0.001 -15"><span class='ocrx_word' id='word_1_125' title='bbox 318 1316 437 1367; x_wconf 88' lang='lat' dir='ltr'><em>patet</em></span> <span class='ocrx_word' id='word_1_126' title='bbox 471 1314 553 1356; x_wconf 91' lang='lat' dir='ltr'><em>ista</em></span> <span class='ocrx_word' id='word_1_127' title='bbox 589 1314 806 1369; x_wconf 85' lang='lat' dir='ltr'><em>sententia,</em></span> <span class='ocrx_word' id='word_1_128' title='bbox 843 1314 904 1356; x_wconf 80' lang='lat' dir='ltr'><em>vel</em></span> <span class='ocrx_word' id='word_1_129' title='bbox 939 1314 1049 1368; x_wconf 82' lang='lat' dir='ltr'><em>quod</em></span> <span class='ocrx_word' id='word_1_130' title='bbox 1083 1314 1233 1356; x_wconf 84' lang='lat' dir='ltr'><em>alienis</em></span> <span class='ocrx_word' id='word_1_131' title='bbox 1270 1327 1378 1368; x_wconf 72' lang='lat' dir='ltr'><em>eyere</em></span> <span class='ocrx_word' id='word_1_132' title='bbox 1415 1313 1589 1356; x_wconf 73' lang='lat' dir='ltr'><em>auxiliis</em></span> <span class='ocrx_word' id='word_1_133' title='bbox 1626 1327 1709 1356; x_wconf 91' lang='lat' dir='ltr'><em>non</em></span> <span class='ocrx_word' id='word_1_134' title='bbox 1746 1318 1943 1371; x_wconf 77' lang='lat' dir='ltr'><em>oporteat,</em></span> <span class='ocrx_word' id='word_1_135' title='bbox 1979 1316 2040 1359; x_wconf 79' lang='lat' dir='ltr'><em>vel</em></span> 
     </span>
     <span class='ocr_line' id='line_1_20' title="bbox 326 1385 2043 1441; baseline 0.002 -14"><span class='ocrx_word' id='word_1_136' title='bbox 326 1385 435 1439; x_wconf 77' lang='lat' dir='ltr'><em>quod</em></span> <span class='ocrx_word' id='word_1_137' title='bbox 463 1385 696 1428; x_wconf 87' lang='lat' dir='ltr'><em>meminisse</em></span> <span class='ocrx_word' id='word_1_138' title='bbox 726 1385 882 1440; x_wconf 77' lang='lat' dir='ltr'><em>sinyuli</em></span> <span class='ocrx_word' id='word_1_139' title='bbox 911 1386 998 1439; x_wconf 90' lang='lat' dir='ltr'><em>spei</em></span> <span class='ocrx_word' id='word_1_140' title='bbox 1027 1398 1126 1428; x_wconf 89' lang='lat' dir='ltr'><em>suae</em></span> <span class='ocrx_word' id='word_1_141' title='bbox 1156 1385 1333 1438; x_wconf 86' lang='lat' dir='ltr'><em>debeant,</em></span> <span class='ocrx_word' id='word_1_142' title='bbox 1364 1388 1412 1427; x_wconf 91' lang='lat' dir='ltr'><em>ut</em></span> <span class='ocrx_word' id='word_1_143' title='bbox 1435 1398 1483 1427; x_wconf 90' lang='lat' dir='ltr'><em>ea</em></span> <span class='ocrx_word' id='word_1_144' title='bbox 1506 1387 1667 1439; x_wconf 85' lang='lat' dir='ltr'><em>sperent</em></span> <span class='ocrx_word' id='word_1_145' title='bbox 1691 1388 1863 1439; x_wconf 87' lang='lat' dir='ltr'><em>tantum,</em></span> <span class='ocrx_word' id='word_1_146' title='bbox 1893 1387 2043 1441; x_wconf 78' lang='lat' dir='ltr'><em>quibus</em></span> 
     </span>
     <span class='ocr_line' id='line_1_21' title="bbox 319 1457 2042 1514; baseline 0.001 -15"><span class='ocrx_word' id='word_1_147' title='bbox 319 1459 498 1510; x_wconf 85' lang='lat' dir='ltr'><em>possunt</em></span> <span class='ocrx_word' id='word_1_148' title='bbox 518 1457 661 1511; x_wconf 84' lang='lat' dir='ltr'><em>potiri.</em></span> <span class='ocrx_word' id='word_1_149' title='bbox 760 1468 845 1499; x_wconf 83' lang='lat' dir='ltr'><em>SED</em></span> <span class='ocrx_word' id='word_1_150' title='bbox 878 1468 1000 1500; x_wconf 81' lang='lat' dir='ltr'>HAEC</span> <span class='ocrx_word' id='word_1_151' title='bbox 1033 1468 1163 1508; x_wconf 78' lang='lat' dir='ltr'><strong>QVAM</strong></span> <span class='ocrx_word' id='word_1_152' title='bbox 1194 1467 1411 1499; x_wconf 75' lang='lat' dir='ltr'><em>ANevs&#39;rA</em></span> <span class='ocrx_word' id='word_1_153' title='bbox 1441 1467 1631 1499; x_wconf 72' lang='lat' dir='ltr'><em>vmn‘ms</em></span> <span class='ocrx_word' id='word_1_154' title='bbox 1666 1458 1714 1498; x_wconf 89' lang='lat' dir='ltr'><em>ut</em></span> <span class='ocrx_word' id='word_1_155' title='bbox 1744 1458 2042 1514; x_wconf 87' lang='lat' dir='ltr'><em>unusquisque</em></span> 
     </span>
     <span class='ocr_line' id='line_1_22' title="bbox 326 1527 2037 1584; baseline 0.002 -15"><span class='ocrx_word' id='word_1_156' title='bbox 326 1527 372 1569; x_wconf 88' lang='lat' dir='ltr'><em>in</em></span> <span class='ocrx_word' id='word_1_157' title='bbox 405 1542 450 1570; x_wconf 89' lang='lat' dir='ltr'><em>se</em></span> <span class='ocrx_word' id='word_1_158' title='bbox 482 1529 653 1570; x_wconf 86' lang='lat' dir='ltr'><em>tantum</em></span> <span class='ocrx_word' id='word_1_159' title='bbox 686 1542 806 1583; x_wconf 87' lang='lat' dir='ltr'><em>spem</em></span> <span class='ocrx_word' id='word_1_160' title='bbox 838 1527 998 1571; x_wconf 87' lang='lat' dir='ltr'><em>habeat</em></span> <span class='ocrx_word' id='word_1_161' title='bbox 1030 1543 1157 1583; x_wconf 89' lang='lat' dir='ltr'><em>quam</em></span> <span class='ocrx_word' id='word_1_162' title='bbox 1190 1528 1248 1571; x_wconf 88' lang='lat' dir='ltr'><em>sit</em></span> <span class='ocrx_word' id='word_1_163' title='bbox 1279 1529 1530 1584; x_wconf 84' lang='lat' dir='ltr'><em>angustum,</em></span> <span class='ocrx_word' id='word_1_164' title='bbox 1569 1527 1735 1570; x_wconf 88' lang='lat' dir='ltr'><em>videtis.</em></span> <span class='ocrx_word' id='word_1_165' title='bbox 1857 1540 2037 1572; x_wconf 78' lang='lat' dir='ltr'>CETERA</span> 
     </span>
     <span class='ocr_line' id='line_1_23' title="bbox 327 1590 2039 1656; baseline 0.002 -16"><span class='ocrx_word' id='word_1_166' title='bbox 327 1598 523 1641; x_wconf 88' lang='lat' dir='ltr'><em>absolute</em></span> <span class='ocrx_word' id='word_1_167' title='bbox 557 1598 676 1653; x_wconf 79' lang='lat' dir='ltr'><em>dixit,</em></span> <span class='ocrx_word' id='word_1_168' title='bbox 708 1598 752 1640; x_wconf 93' lang='lat' dir='ltr'><em>id</em></span> <span class='ocrx_word' id='word_1_169' title='bbox 785 1601 851 1641; x_wconf 90' lang='lat' dir='ltr'><em>est</em></span> <span class='ocrx_word' id='word_1_170' title='bbox 882 1590 1107 1655; x_wconf 64' lang='lat' dir='ltr'><em>emi-citus,</em></span> <span class='ocrx_word' id='word_1_171' title='bbox 1139 1599 1310 1655; x_wconf 85' lang='lat' dir='ltr'><em>auxilia,</em></span> <span class='ocrx_word' id='word_1_172' title='bbox 1341 1599 1453 1642; x_wconf 84' lang='lat' dir='ltr'><em>vires</em></span> <span class='ocrx_word' id='word_1_173' title='bbox 1485 1599 1676 1654; x_wconf 86' lang='lat' dir='ltr'><em>imperii:</em></span> <span class='ocrx_word' id='word_1_174' title='bbox 1709 1614 1817 1655; x_wconf 88' lang='lat' dir='ltr'><em>quae</em></span> <span class='ocrx_word' id='word_1_175' title='bbox 1850 1601 1952 1656; x_wconf 86' lang='lat' dir='ltr'><em>quia</em></span> <span class='ocrx_word' id='word_1_176' title='bbox 1978 1601 2039 1644; x_wconf 84' lang='lat' dir='ltr'><em>sic</em></span> 
     </span>
     <span class='ocr_line' id='line_1_24' title="bbox 326 1670 1656 1726; baseline 0.001 -14"><span class='ocrx_word' id='word_1_177' title='bbox 326 1670 483 1712; x_wconf 89' lang='lat' dir='ltr'><em>videtis</em></span> <span class='ocrx_word' id='word_1_178' title='bbox 516 1670 701 1726; x_wconf 80' lang='lat' dir='ltr'><em>adflicta,</em></span> <span class='ocrx_word' id='word_1_179' title='bbox 735 1670 838 1726; x_wconf 89' lang='lat' dir='ltr'><em>quid</em></span> <span class='ocrx_word' id='word_1_180' title='bbox 870 1673 1020 1726; x_wconf 80' lang='lat' dir='ltr'><em>restat,</em></span> <span class='ocrx_word' id='word_1_181' title='bbox 1050 1671 1135 1713; x_wconf 87' lang='lat' dir='ltr'><em>nisi</em></span> <span class='ocrx_word' id='word_1_182' title='bbox 1166 1673 1216 1713; x_wconf 92' lang='lat' dir='ltr'><em>ut</em></span> <span class='ocrx_word' id='word_1_183' title='bbox 1247 1685 1396 1726; x_wconf 82' lang='lat' dir='ltr'><em>paoem</em></span> <span class='ocrx_word' id='word_1_184' title='bbox 1428 1670 1656 1726; x_wconf 76' lang='lat' dir='ltr'><em>petamus?</em></span> 
     </span>
    </p>

    <p class='ocr_par' dir='ltr' id='par_1_10' title="bbox 327 1741 2042 1941">
     <span class='ocr_line' id='line_1_25' title="bbox 448 1741 2041 1794; baseline 0.002 -10"><span class='ocrx_word' id='word_1_185' title='bbox 448 1741 548 1784; x_wconf 88' lang='lat'>311.</span> <span class='ocrx_word' id='word_1_186' title='bbox 598 1753 722 1784; x_wconf 79' lang='lat' dir='ltr'>ANTE</span> <span class='ocrx_word' id='word_1_187' title='bbox 757 1753 937 1786; x_wconf 70' lang='lat' dir='ltr'><em>oovnos</em></span> <span class='ocrx_word' id='word_1_188' title='bbox 969 1754 1207 1794; x_wconf 72' lang='lat' dir='ltr'><em>mmnovn</em></span> <span class='ocrx_word' id='word_1_189' title='bbox 1240 1753 1396 1785; x_wconf 82' lang='lat' dir='ltr'>MANVS</span> <span class='ocrx_word' id='word_1_190' title='bbox 1430 1753 1550 1785; x_wconf 71' lang='lat' dir='ltr'><em>svm</em></span> <span class='ocrx_word' id='word_1_191' title='bbox 1580 1753 1727 1785; x_wconf 82' lang='lat' dir='ltr'>OMNIA</span> <span class='ocrx_word' id='word_1_192' title='bbox 1754 1753 1958 1786; x_wconf 74' lang='lat' dir='ltr'><em>vnsTRAs</em></span> <span class='ocrx_word' id='word_1_193' title='bbox 1991 1759 2041 1787; x_wconf 84' lang='lat' dir='ltr'><em>ae</em></span> 
     </span>
     <span class='ocr_line' id='line_1_26' title="bbox 330 1812 2042 1870; baseline 0.002 -16"><span class='ocrx_word' id='word_1_194' title='bbox 330 1813 366 1855; x_wconf 88' lang='lat' dir='ltr'><em>si</em></span> <span class='ocrx_word' id='word_1_195' title='bbox 399 1812 569 1868; x_wconf 84' lang='lat' dir='ltr'><em>diceret,</em></span> <span class='ocrx_word' id='word_1_196' title='bbox 602 1828 691 1856; x_wconf 88' lang='lat' dir='ltr'><em>non</em></span> <span class='ocrx_word' id='word_1_197' title='bbox 725 1816 854 1870; x_wconf 84' lang='lat' dir='ltr'><em>egent</em></span> <span class='ocrx_word' id='word_1_198' title='bbox 884 1814 1145 1857; x_wconf 86' lang='lat' dir='ltr'><em>narratione.</em></span> <span class='ocrx_word' id='word_1_199' title='bbox 1209 1813 1339 1856; x_wconf 76' lang='lat' dir='ltr'><em>‘inter</em></span> <span class='ocrx_word' id='word_1_200' title='bbox 1370 1813 1541 1857; x_wconf 86' lang='lat' dir='ltr'><em>manus&#39;</em></span> <span class='ocrx_word' id='word_1_201' title='bbox 1574 1817 1721 1870; x_wconf 84' lang='lat' dir='ltr'><em>autem,</em></span> <span class='ocrx_word' id='word_1_202' title='bbox 1751 1815 1860 1868; x_wconf 80' lang='lat' dir='ltr'><em>quod</em></span> <span class='ocrx_word' id='word_1_203' title='bbox 1891 1813 2042 1858; x_wconf 79' lang='lat' dir='ltr'><em>Graeci</em></span> 
     </span>
     <span class='ocr_line' id='line_1_27' title="bbox 327 1881 618 1941; baseline 0.003 -15"><span class='ocrx_word' id='word_1_204' title='bbox 327 1881 412 1941; x_wconf 79' lang='grc' dir='ltr'><em>πρὸ</em></span> <span class='ocrx_word' id='word_1_205' title='bbox 446 1884 618 1940; x_wconf 76' lang='grc' dir='ltr'><strong><em>χειρῶν.</em></strong></span> 
     </span>
    </p>

    <p class='ocr_par' dir='ltr' id='par_1_11' title="bbox 328 1956 2039 2084">
     <span class='ocr_line' id='line_1_28' title="bbox 447 1956 2039 2008; baseline 0.001 -10"><span class='ocrx_word' id='word_1_206' title='bbox 447 1956 546 1999; x_wconf 84' lang='grc'>312.</span> <span class='ocrx_word' id='word_1_207' title='bbox 596 1967 687 1999; x_wconf 81' lang='lat' dir='ltr'><em>NEC</em></span> <span class='ocrx_word' id='word_1_208' title='bbox 721 1968 984 2008; x_wconf 74' lang='lat' dir='ltr'><strong>QVEMQVAM</strong></span> <span class='ocrx_word' id='word_1_209' title='bbox 1017 1969 1187 2001; x_wconf 76' lang='lat' dir='ltr'><em>mcvso</em></span> <span class='ocrx_word' id='word_1_210' title='bbox 1227 1957 1448 1999; x_wconf 78' lang='lat' dir='ltr'><em>excusatio</em></span> <span class='ocrx_word' id='word_1_211' title='bbox 1487 1957 1593 2000; x_wconf 85' lang='lat' dir='ltr'><em>haee</em></span> <span class='ocrx_word' id='word_1_212' title='bbox 1634 1957 1824 2000; x_wconf 74' lang='lat' dir='ltr'><em>ostendit</em></span> <span class='ocrx_word' id='word_1_213' title='bbox 1859 1960 1897 2000; x_wconf 88' lang='lat' dir='ltr'><em>et</em></span> <span class='ocrx_word' id='word_1_214' title='bbox 1932 1957 2039 2000; x_wconf 91' lang='lat' dir='ltr'><em>obli-</em></span> 
     </span>
     <span class='ocr_line' id='line_1_29' title="bbox 328 2027 1350 2084; baseline 0 -14"><span class='ocrx_word' id='word_1_215' title='bbox 328 2043 457 2084; x_wconf 87' lang='lat' dir='ltr'><em>quam</em></span> <span class='ocrx_word' id='word_1_216' title='bbox 490 2043 583 2071; x_wconf 87' lang='lat' dir='ltr'><em>esse</em></span> <span class='ocrx_word' id='word_1_217' title='bbox 615 2028 659 2070; x_wconf 92' lang='lat' dir='ltr'><em>in</em></span> <span class='ocrx_word' id='word_1_218' title='bbox 691 2027 883 2071; x_wconf 85' lang='lat' dir='ltr'><em>Turnum</em></span> <span class='ocrx_word' id='word_1_219' title='bbox 917 2029 1159 2072; x_wconf 88' lang='lat' dir='ltr'><em>orationem</em></span> <span class='ocrx_word' id='word_1_220' title='bbox 1192 2028 1350 2071; x_wconf 87' lang='lat' dir='ltr'><em>Latini.</em></span> 
     </span>
    </p>
   </div>
   <div class='ocr_carea' id='block_1_7' title="bbox 327 2124 612 2130">
    <p class='ocr_par' dir='ltr' id='par_1_12' title="bbox 327 2124 612 2130">
     <span class='ocr_line' id='line_1_30' title="bbox 327 2124 612 2130; baseline 0 0"><span class='ocrx_word' id='word_1_221' title='bbox 327 2124 612 2130; x_wconf 95' lang='lat' dir='ltr'><em> </em></span> 
     </span>
    </p>
   </div>
   <div class='ocr_carea' id='block_1_8' title="bbox 424 2169 1028 2214">
    <p class='ocr_par' dir='ltr' id='par_1_13' title="bbox 424 2169 1028 2214">
     <span class='ocr_line' id='line_1_31' title="bbox 424 2169 1028 2214; baseline 0.002 -9"><span class='ocrx_word' id='word_1_222' title='bbox 424 2174 443 2205; x_wconf 78' lang='grc'>7</span> <span class='ocrx_word' id='word_1_223' title='bbox 469 2169 624 2214; x_wconf 85' lang='lat' dir='ltr'><em>Ennius]</em></span> <span class='ocrx_word' id='word_1_224' title='bbox 652 2180 736 2205; x_wconf 81' lang='lat' dir='ltr'><em>ann.</em></span> <span class='ocrx_word' id='word_1_225' title='bbox 763 2182 796 2205; x_wconf 90' lang='lat' dir='ltr'><em>v.</em></span> <span class='ocrx_word' id='word_1_226' title='bbox 823 2173 893 2206; x_wconf 82' lang='lat'><em>485</em></span> <span class='ocrx_word' id='word_1_227' title='bbox 919 2169 1028 2207; x_wconf 85' lang='lat' dir='ltr'><em>Vahl.</em></span> 
     </span>
    </p>
   </div>
   <div class='ocr_carea' id='block_1_9' title="bbox 327 2256 611 2260">
    <p class='ocr_par' dir='ltr' id='par_1_14' title="bbox 327 2256 611 2260">
     <span class='ocr_line' id='line_1_32' title="bbox 327 2256 611 2260; baseline 0 0"><span class='ocrx_word' id='word_1_228' title='bbox 327 2256 611 2260; x_wconf 95' lang='lat' dir='ltr'><em> </em></span> 
     </span>
    </p>
   </div>
   <div class='ocr_carea' id='block_1_10' title="bbox 329 2297 2040 3294">
    <p class='ocr_par' dir='ltr' id='par_1_15' title="bbox 329 2297 2040 3294">
     <span class='ocr_line' id='line_1_33' title="bbox 425 2297 2039 2347; baseline -0.001 -11"><span class='ocrx_word' id='word_1_229' title='bbox 425 2305 443 2336; x_wconf 92' lang='lat'>1</span> <span class='ocrx_word' id='word_1_230' title='bbox 471 2299 647 2336; x_wconf 84' lang='lat' dir='ltr'><em>fefonesis</em></span> <span class='ocrx_word' id='word_1_231' title='bbox 674 2299 714 2335; x_wconf 84' lang='lat' dir='ltr'><em>F</em></span> <span class='ocrx_word' id='word_1_232' title='bbox 730 2301 742 2346; x_wconf 91' lang='grc' dir='ltr'><em>ΙΙ</em></span> <span class='ocrx_word' id='word_1_233' title='bbox 762 2300 842 2347; x_wconf 90' lang='lat' dir='ltr'><em>qui]</em></span> <span class='ocrx_word' id='word_1_234' title='bbox 870 2300 959 2345; x_wconf 88' lang='lat' dir='ltr'><em>quia</em></span> <span class='ocrx_word' id='word_1_235' title='bbox 985 2299 1034 2334; x_wconf 89' lang='lat' dir='ltr'><strong><em>M</em></strong></span> <span class='ocrx_word' id='word_1_236' title='bbox 1048 2300 1060 2344; x_wconf 81' lang='grc' dir='ltr'><em>ΙΙ</em></span> <span class='ocrx_word' id='word_1_237' title='bbox 1079 2298 1135 2335; x_wconf 84' lang='lat' dir='ltr'><em>dis</em></span> <span class='ocrx_word' id='word_1_238' title='bbox 1161 2299 1206 2334; x_wconf 88' lang='lat' dir='ltr'><em>H</em></span> <span class='ocrx_word' id='word_1_239' title='bbox 1219 2300 1232 2344; x_wconf 88' lang='grc' dir='ltr'><em>ΙΙ</em></span> <span class='ocrx_word' id='word_1_240' title='bbox 1258 2303 1278 2335; x_wconf 84' lang='lat'>2</span> <span class='ocrx_word' id='word_1_241' title='bbox 1307 2298 1435 2334; x_wconf 85' lang='lat' dir='ltr'><em>dieunt</em></span> <span class='ocrx_word' id='word_1_242' title='bbox 1459 2298 1548 2334; x_wconf 82' lang='lat' dir='ltr'><em>RH</em></span> <span class='ocrx_word' id='word_1_243' title='bbox 1553 2298 1594 2334; x_wconf 87' lang='lat' dir='ltr'><em>F</em></span> <span class='ocrx_word' id='word_1_244' title='bbox 1608 2300 1621 2344; x_wconf 90' lang='grc' dir='ltr'><em>ΙΙ</em></span> <span class='ocrx_word' id='word_1_245' title='bbox 1639 2303 1660 2334; x_wconf 91' lang='grc'><strong>3</strong></span> <span class='ocrx_word' id='word_1_246' title='bbox 1686 2299 1778 2342; x_wconf 81' lang='lat' dir='ltr'><em>&#39;autq</em></span> <span class='ocrx_word' id='word_1_247' title='bbox 1779 2297 1817 2334; x_wconf 90' lang='lat' dir='ltr'><em>ui</em></span> <span class='ocrx_word' id='word_1_248' title='bbox 1841 2298 1878 2333; x_wconf 83' lang='lat' dir='ltr'><em>R</em></span> <span class='ocrx_word' id='word_1_249' title='bbox 1896 2300 1908 2344; x_wconf 81' lang='grc' dir='ltr'><em>ΙΙ</em></span> <span class='ocrx_word' id='word_1_250' title='bbox 1926 2302 1949 2334; x_wconf 87' lang='grc'>4</span> <span class='ocrx_word' id='word_1_251' title='bbox 1974 2299 2039 2334; x_wconf 86' lang='lat' dir='ltr'><em>bes</em></span> 
     </span>
     <span class='ocr_line' id='line_1_34' title="bbox 329 2345 2038 2394; baseline -0.001 -11"><span class='ocrx_word' id='word_1_252' title='bbox 329 2349 369 2384; x_wconf 88' lang='lat' dir='ltr'><em>F</em></span> <span class='ocrx_word' id='word_1_253' title='bbox 397 2350 409 2394; x_wconf 73' lang='grc' dir='ltr'><em>ΙΙ</em></span> <span class='ocrx_word' id='word_1_254' title='bbox 439 2348 560 2383; x_wconf 87' lang='lat' dir='ltr'><em>uictos</em></span> <span class='ocrx_word' id='word_1_255' title='bbox 587 2348 627 2383; x_wconf 88' lang='lat' dir='ltr'><em>H</em></span> <span class='ocrx_word' id='word_1_256' title='bbox 662 2347 815 2383; x_wconf 79' lang='lat' dir='ltr'><em>inuictis</em></span> <span class='ocrx_word' id='word_1_257' title='bbox 842 2347 883 2383; x_wconf 89' lang='lat' dir='ltr'><em>F</em></span> <span class='ocrx_word' id='word_1_258' title='bbox 909 2349 921 2393; x_wconf 79' lang='lat' dir='ltr'>ss</span> <span class='ocrx_word' id='word_1_259' title='bbox 952 2358 1018 2392; x_wconf 89' lang='lat' dir='ltr'><em>seq</em></span> <span class='ocrx_word' id='word_1_260' title='bbox 1020 2346 1121 2382; x_wconf 80' lang='lat' dir='ltr'><em>uitur</em></span> <span class='ocrx_word' id='word_1_261' title='bbox 1145 2346 1242 2382; x_wconf 73' lang='grc' dir='ltr'><em>ΒΜ</em></span> <span class='ocrx_word' id='word_1_262' title='bbox 1276 2347 1491 2391; x_wconf 85' lang='lat' dir='ltr'><em>sequeretur</em></span> <span class='ocrx_word' id='word_1_263' title='bbox 1516 2346 1556 2381; x_wconf 96' lang='lat' dir='ltr'><em>F</em></span> <span class='ocrx_word' id='word_1_264' title='bbox 1583 2348 1595 2391; x_wconf 80' lang='grc' dir='ltr'><em>ΙΙ</em></span> <span class='ocrx_word' id='word_1_265' title='bbox 1632 2350 1653 2381; x_wconf 84' lang='grc'>5</span> <span class='ocrx_word' id='word_1_266' title='bbox 1679 2345 1777 2381; x_wconf 86' lang='lat' dir='ltr'><em>ferro</em></span> <span class='ocrx_word' id='word_1_267' title='bbox 1803 2345 1912 2381; x_wconf 80' lang='lat' dir='ltr'><em>RM:</em></span> <span class='ocrx_word' id='word_1_268' title='bbox 1938 2345 2038 2382; x_wconf 94' lang='lat' dir='ltr'><em>bello</em></span> 
     </span>
     <span class='ocr_line' id='line_1_35' title="bbox 329 2359 2040 2449; baseline -0.002 -17"><span class='ocrx_word' id='word_1_269' title='bbox 329 2395 465 2439; x_wconf 82' lang='lat' dir='ltr'><em>ASF,</em></span> <span class='ocrx_word' id='word_1_270' title='bbox 491 2406 557 2431; x_wconf 90' lang='lat' dir='ltr'><em>om.</em></span> <span class='ocrx_word' id='word_1_271' title='bbox 578 2395 623 2430; x_wconf 91' lang='lat' dir='ltr'><strong><em>H</em></strong></span> <span class='ocrx_word' id='word_1_272' title='bbox 648 2397 661 2441; x_wconf 78' lang='grc' dir='ltr'><em>ΙΙ</em></span> <span class='ocrx_word' id='word_1_273' title='bbox 691 2395 806 2449; x_wconf 87' lang='lat' dir='ltr'><em>ferro]</em></span> <span class='ocrx_word' id='word_1_274' title='bbox 834 2397 872 2430; x_wconf 91' lang='lat' dir='ltr'><em>et</em></span> <span class='ocrx_word' id='word_1_275' title='bbox 898 2359 1018 2431; x_wconf 81' lang='lat' dir='ltr'><em>sieutq</em></span> <span class='ocrx_word' id='word_1_276' title='bbox 1020 2405 1133 2440; x_wconf 87' lang='lat' dir='ltr'><em>supra</em></span> <span class='ocrx_word' id='word_1_277' title='bbox 1158 2393 1299 2429; x_wconf 86' lang='lat' dir='ltr'><em>dictum</em></span> <span class='ocrx_word' id='word_1_278' title='bbox 1326 2396 1399 2438; x_wconf 87' lang='lat' dir='ltr'><em>est,</em></span> <span class='ocrx_word' id='word_1_279' title='bbox 1426 2394 1587 2430; x_wconf 88' lang='lat' dir='ltr'><em>latenter</em></span> <span class='ocrx_word' id='word_1_280' title='bbox 1612 2393 1775 2429; x_wconf 85' lang='lat' dir='ltr'><em>occurrit</em></span> <span class='ocrx_word' id='word_1_281' title='bbox 1798 2393 1856 2428; x_wconf 91' lang='lat' dir='ltr'><em>illi</em></span> <span class='ocrx_word' id='word_1_282' title='bbox 1880 2392 2040 2429; x_wconf 74' lang='lat' dir='ltr'><em>forsitan</em></span> 
     </span>
     <span class='ocr_line' id='line_1_36' title="bbox 329 2441 2039 2543; baseline -0.002 -17"><span class='ocrx_word' id='word_1_283' title='bbox 329 2443 538 2526; x_wconf 47' lang='lat' dir='ltr'><em>titis?</em></span> <span class='ocrx_word' id='word_1_284' title='bbox 555 2441 748 2525; x_wconf 55' lang='grc' dir='ltr'><em>εἰῖἕῆεἷέῖ</em></span> <span class='ocrx_word' id='word_1_285' title='bbox 769 2441 1697 2543; x_wconf 41' lang='lat' dir='ltr'><em>&amp;suffixa-12220‘5?‘tmtzhssttmDff&#39;te‘ustzz</em></span> <span class='ocrx_word' id='word_1_286' title='bbox 1716 2441 2039 2536; x_wconf 48' lang='grc' dir='ltr'><em>’ᾗῶθὲἒιῗ-ἔῗεῌῆ,</em></span> 
     </span>
     <span class='ocr_line' id='line_1_37' title="bbox 332 2535 2038 2582; baseline -0.001 -9"><span class='ocrx_word' id='word_1_287' title='bbox 332 2549 396 2574; x_wconf 90' lang='lat' dir='ltr'><em>eos</em></span> <span class='ocrx_word' id='word_1_288' title='bbox 421 2548 488 2573; x_wconf 88' lang='lat' dir='ltr'><em>om.</em></span> <span class='ocrx_word' id='word_1_289' title='bbox 509 2537 583 2572; x_wconf 82' lang='lat' dir='ltr'><em>AS</em></span> <span class='ocrx_word' id='word_1_290' title='bbox 600 2537 612 2582; x_wconf 87' lang='grc' dir='ltr'><em>ΙΙ</em></span> <span class='ocrx_word' id='word_1_291' title='bbox 632 2541 651 2572; x_wconf 85' lang='grc'><em>’1</em></span> <span class='ocrx_word' id='word_1_292' title='bbox 678 2538 728 2572; x_wconf 86' lang='lat' dir='ltr'><em>ad</em></span> <span class='ocrx_word' id='word_1_293' title='bbox 752 2547 783 2573; x_wconf 87' lang='lat' dir='ltr'><em>v.</em></span> <span class='ocrx_word' id='word_1_294' title='bbox 806 2541 874 2572; x_wconf 80' lang='lat'><em>307</em></span> <span class='ocrx_word' id='word_1_295' title='bbox 901 2536 965 2581; x_wconf 83' lang='lat' dir='ltr'><em>qui</em></span> <span class='ocrx_word' id='word_1_296' title='bbox 989 2536 1109 2572; x_wconf 86' lang='lat' dir='ltr'><em>uincit</em></span> <span class='ocrx_word' id='word_1_297' title='bbox 1132 2546 1209 2570; x_wconf 90' lang='lat' dir='ltr'><em>non</em></span> <span class='ocrx_word' id='word_1_298' title='bbox 1234 2538 1291 2571; x_wconf 87' lang='lat' dir='ltr'><em>est</em></span> <span class='ocrx_word' id='word_1_299' title='bbox 1315 2535 1438 2571; x_wconf 86' lang='lat' dir='ltr'><em>uictor</em></span> <span class='ocrx_word' id='word_1_300' title='bbox 1462 2535 1535 2570; x_wconf 91' lang='lat' dir='ltr'><em>nisi</em></span> <span class='ocrx_word' id='word_1_301' title='bbox 1559 2535 1680 2571; x_wconf 86' lang='lat' dir='ltr'><em>uictus</em></span> <span class='ocrx_word' id='word_1_302' title='bbox 1706 2536 1877 2571; x_wconf 82' lang='lat' dir='ltr'><em>fateatur.</em></span> <span class='ocrx_word' id='word_1_303' title='bbox 1920 2535 2038 2572; x_wconf 84' lang='lat' dir='ltr'><em>Varro</em></span> 
     </span>
     <span class='ocr_line' id='line_1_38' title="bbox 332 2582 2037 2629; baseline -0.001 -9"><span class='ocrx_word' id='word_1_304' title='bbox 332 2587 371 2620; x_wconf 88' lang='lat' dir='ltr'><em>et</em></span> <span class='ocrx_word' id='word_1_305' title='bbox 396 2584 509 2620; x_wconf 87' lang='lat' dir='ltr'><em>ceteri</em></span> <span class='ocrx_word' id='word_1_306' title='bbox 540 2584 669 2619; x_wconf 85' lang='lat' dir='ltr'><em>dieunt</em></span> <span class='ocrx_word' id='word_1_307' title='bbox 699 2583 783 2619; x_wconf 88' lang='lat' dir='ltr'><em>ideo</em></span> <span class='ocrx_word' id='word_1_308' title='bbox 814 2583 973 2619; x_wconf 83' lang='lat' dir='ltr'><em>inuictos</em></span> <span class='ocrx_word' id='word_1_309' title='bbox 1005 2583 1118 2618; x_wconf 87' lang='lat' dir='ltr'><em>fuisse</em></span> <span class='ocrx_word' id='word_1_310' title='bbox 1150 2582 1315 2619; x_wconf 84' lang='lat' dir='ltr'><em>troianos</em></span> <span class='ocrx_word' id='word_1_311' title='bbox 1347 2583 1436 2628; x_wconf 88' lang='lat' dir='ltr'><em>quia</em></span> <span class='ocrx_word' id='word_1_312' title='bbox 1467 2595 1533 2629; x_wconf 87' lang='lat' dir='ltr'><em>per</em></span> <span class='ocrx_word' id='word_1_313' title='bbox 1564 2582 1719 2619; x_wconf 80' lang='lat' dir='ltr'><em>insidias</em></span> <span class='ocrx_word' id='word_1_314' title='bbox 1746 2582 1914 2628; x_wconf 81' lang='lat' dir='ltr'><em>oppressi</em></span> <span class='ocrx_word' id='word_1_315' title='bbox 1940 2585 2037 2620; x_wconf 84' lang='lat' dir='ltr'><em>sunt.</em></span> 
     </span>
     <span class='ocr_line' id='line_1_39' title="bbox 331 2630 2036 2676; baseline 0 -10"><span class='ocrx_word' id='word_1_316' title='bbox 331 2632 417 2668; x_wconf 88' lang='lat' dir='ltr'><em>illos</em></span> <span class='ocrx_word' id='word_1_317' title='bbox 451 2631 549 2668; x_wconf 91' lang='lat' dir='ltr'><em>enim</em></span> <span class='ocrx_word' id='word_1_318' title='bbox 581 2630 683 2666; x_wconf 88' lang='lat' dir='ltr'><em>uinci</em></span> <span class='ocrx_word' id='word_1_319' title='bbox 708 2630 896 2666; x_wconf 83' lang='lat' dir='ltr'><em>affirmant</em></span> <span class='ocrx_word' id='word_1_320' title='bbox 921 2631 985 2676; x_wconf 89' lang='lat' dir='ltr'><em>qui</em></span> <span class='ocrx_word' id='word_1_321' title='bbox 1011 2642 1050 2666; x_wconf 89' lang='lat' dir='ltr'><em>se</em></span> <span class='ocrx_word' id='word_1_322' title='bbox 1075 2630 1217 2666; x_wconf 85' lang='lat' dir='ltr'><em>dedunt</em></span> <span class='ocrx_word' id='word_1_323' title='bbox 1241 2630 1411 2666; x_wconf 88' lang='lat' dir='ltr'><em>hostibus</em></span> <span class='ocrx_word' id='word_1_324' title='bbox 1441 2630 1475 2665; x_wconf 81' lang='lat' dir='ltr'><em>T</em></span> <span class='ocrx_word' id='word_1_325' title='bbox 1499 2632 1512 2676; x_wconf 73' lang='lat' dir='ltr'>ss</span> <span class='ocrx_word' id='word_1_326' title='bbox 1549 2631 1641 2666; x_wconf 88' lang='lat' dir='ltr'><em>uicit</em></span> <span class='ocrx_word' id='word_1_327' title='bbox 1665 2631 1706 2665; x_wconf 91' lang='lat' dir='ltr'><em>F</em></span> <span class='ocrx_word' id='word_1_328' title='bbox 1738 2631 1751 2676; x_wconf 89' lang='grc' dir='ltr'><em>ΙΙ</em></span> <span class='ocrx_word' id='word_1_329' title='bbox 1787 2635 1808 2666; x_wconf 90' lang='grc'>8</span> <span class='ocrx_word' id='word_1_330' title='bbox 1835 2640 1966 2666; x_wconf 86' lang='lat' dir='ltr'><em>auarro</em></span> <span class='ocrx_word' id='word_1_331' title='bbox 1993 2630 2036 2667; x_wconf 76' lang='lat' dir='ltr'><em>G.</em></span> 
     </span>
     <span class='ocr_line' id='line_1_40' title="bbox 333 2678 2035 2724; baseline -0.001 -8"><span class='ocrx_word' id='word_1_332' title='bbox 333 2683 486 2716; x_wconf 83' lang='lat' dir='ltr'><em>ceterum</em></span> <span class='ocrx_word' id='word_1_333' title='bbox 512 2678 692 2714; x_wconf 84' lang='lat' dir='ltr'><em>Varronis</em></span> <span class='ocrx_word' id='word_1_334' title='bbox 716 2679 986 2723; x_wconf 81' lang='lat' dir='ltr'><em>auctoritatem,</em></span> <span class='ocrx_word' id='word_1_335' title='bbox 1011 2690 1085 2724; x_wconf 78' lang='lat' dir='ltr'><em>qua</em></span> <span class='ocrx_word' id='word_1_336' title='bbox 1112 2678 1239 2714; x_wconf 83' lang='lat' dir='ltr'><em>‘vinci&#39;</em></span> <span class='ocrx_word' id='word_1_337' title='bbox 1267 2679 1356 2724; x_wconf 79' lang='lat' dir='ltr'><em>quid</em></span> <span class='ocrx_word' id='word_1_338' title='bbox 1380 2681 1467 2714; x_wconf 88' lang='lat' dir='ltr'><em>esset</em></span> <span class='ocrx_word' id='word_1_339' title='bbox 1491 2679 1675 2722; x_wconf 76' lang='lat' dir='ltr'><em>firmatum</em></span> <span class='ocrx_word' id='word_1_340' title='bbox 1701 2678 1917 2721; x_wconf 76' lang='lat' dir='ltr'><em>inveniebat,</em></span> <span class='ocrx_word' id='word_1_341' title='bbox 1935 2679 2035 2723; x_wconf 85' lang='lat' dir='ltr'><em>plen.</em></span> 
     </span>
     <span class='ocr_line' id='line_1_41' title="bbox 333 2725 2038 2772; baseline -0.002 -8"><span class='ocrx_word' id='word_1_342' title='bbox 333 2730 576 2764; x_wconf 70' lang='lat' dir='ltr'><em>commanet.</em></span> <span class='ocrx_word' id='word_1_343' title='bbox 604 2727 654 2762; x_wconf 88' lang='lat' dir='ltr'><em>ad</em></span> <span class='ocrx_word' id='word_1_344' title='bbox 684 2727 752 2762; x_wconf 85' lang='lat' dir='ltr'><em>illa</em></span> <span class='ocrx_word' id='word_1_345' title='bbox 783 2737 922 2772; x_wconf 75' lang='lat' dir='ltr'><em>quoque</em></span> <span class='ocrx_word' id='word_1_346' title='bbox 951 2726 1181 2762; x_wconf 80' lang='lat' dir='ltr'><em>transtulisse</em></span> <span class='ocrx_word' id='word_1_347' title='bbox 1214 2726 1357 2762; x_wconf 81' lang='lat' dir='ltr'><em>videtur</em></span> <span class='ocrx_word' id='word_1_348' title='bbox 1388 2727 1519 2771; x_wconf 84' lang='lat' dir='ltr'><em>quibus</em></span> <span class='ocrx_word' id='word_1_349' title='bbox 1550 2726 1745 2771; x_wconf 79' lang='lat' dir='ltr'><em>exponitur</em></span> <span class='ocrx_word' id='word_1_350' title='bbox 1775 2736 1842 2761; x_wconf 85' lang='lat' dir='ltr'><em>eur</em></span> <span class='ocrx_word' id='word_1_351' title='bbox 1873 2725 1938 2761; x_wconf 84' lang='lat' dir='ltr'><em>hoe</em></span> <span class='ocrx_word' id='word_1_352' title='bbox 1963 2726 2038 2761; x_wconf 85' lang='lat' dir='ltr'><em>loeo</em></span> 
     </span>
     <span class='ocr_line' id='line_1_42' title="bbox 332 2772 2037 2819; baseline -0.002 -8"><span class='ocrx_word' id='word_1_353' title='bbox 332 2775 463 2811; x_wconf 81' lang='lat' dir='ltr'><em>invicti</em></span> <span class='ocrx_word' id='word_1_354' title='bbox 487 2774 661 2810; x_wconf 70' lang='lat' dir='ltr'><em>dicantur</em></span> <span class='ocrx_word' id='word_1_355' title='bbox 689 2774 855 2810; x_wconf 83' lang='lat' dir='ltr'><em>Troiani.</em></span> <span class='ocrx_word' id='word_1_356' title='bbox 875 2775 888 2818; x_wconf 81' lang='grc' dir='ltr'><em>ΙΙ</em></span> <span class='ocrx_word' id='word_1_357' title='bbox 916 2777 936 2808; x_wconf 85' lang='grc'>9</span> <span class='ocrx_word' id='word_1_358' title='bbox 963 2774 1097 2809; x_wconf 83' lang='lat' dir='ltr'><em>sedunt</em></span> <span class='ocrx_word' id='word_1_359' title='bbox 1122 2773 1156 2809; x_wconf 84' lang='lat' dir='ltr'><em>G</em></span> <span class='ocrx_word' id='word_1_360' title='bbox 1173 2774 1186 2819; x_wconf 82' lang='grc' dir='ltr'><em>ΙΙ</em></span> <span class='ocrx_word' id='word_1_361' title='bbox 1210 2773 1382 2809; x_wconf 86' lang='lat' dir='ltr'><em>hostibus</em></span> <span class='ocrx_word' id='word_1_362' title='bbox 1407 2784 1473 2809; x_wconf 88' lang='lat' dir='ltr'><em>om.</em></span> <span class='ocrx_word' id='word_1_363' title='bbox 1496 2772 1536 2808; x_wconf 87' lang='lat' dir='ltr'><em>F</em></span> <span class='ocrx_word' id='word_1_364' title='bbox 1550 2774 1564 2819; x_wconf 86' lang='grc' dir='ltr'><em>ΙΙ</em></span> <span class='ocrx_word' id='word_1_365' title='bbox 1593 2776 1638 2808; x_wconf 93' lang='grc'><em>10</em></span> <span class='ocrx_word' id='word_1_366' title='bbox 1662 2784 1797 2809; x_wconf 74' lang='lat' dir='ltr'><em>Ascrns</em></span> <span class='ocrx_word' id='word_1_367' title='bbox 1822 2772 1859 2807; x_wconf 84' lang='lat' dir='ltr'><em>R</em></span> <span class='ocrx_word' id='word_1_368' title='bbox 1877 2773 1890 2818; x_wconf 85' lang='grc' dir='ltr'><em>ΙΙ</em></span> <span class='ocrx_word' id='word_1_369' title='bbox 1907 2772 2037 2808; x_wconf 82' lang='lat' dir='ltr'><em>adiun-</em></span> 
     </span>
     <span class='ocr_line' id='line_1_43' title="bbox 334 2819 2037 2868; baseline -0.002 -10"><span class='ocrx_word' id='word_1_370' title='bbox 334 2822 424 2868; x_wconf 86' lang='lat' dir='ltr'><em>gitis</em></span> <span class='ocrx_word' id='word_1_371' title='bbox 450 2821 490 2856; x_wconf 88' lang='lat' dir='ltr'><em>F</em></span> <span class='ocrx_word' id='word_1_372' title='bbox 506 2823 518 2866; x_wconf 85' lang='grc' dir='ltr'><em>Ι]</em></span> <span class='ocrx_word' id='word_1_373' title='bbox 537 2821 682 2857; x_wconf 84' lang='lat' dir='ltr'><em>accedit</em></span> <span class='ocrx_word' id='word_1_374' title='bbox 706 2821 803 2857; x_wconf 89' lang='lat' dir='ltr'><em>unde</em></span> <span class='ocrx_word' id='word_1_375' title='bbox 829 2821 1077 2866; x_wconf 74' lang='lat' dir='ltr'><em>sperationem</em></span> <span class='ocrx_word' id='word_1_376' title='bbox 1104 2821 1137 2856; x_wconf 77' lang='lat' dir='ltr'><em>G</em></span> <span class='ocrx_word' id='word_1_377' title='bbox 1155 2822 1168 2866; x_wconf 85' lang='grc' dir='ltr'><em>ΙΙ</em></span> <span class='ocrx_word' id='word_1_378' title='bbox 1189 2824 1231 2855; x_wconf 84' lang='grc'><em>12</em></span> <span class='ocrx_word' id='word_1_379' title='bbox 1258 2831 1280 2855; x_wconf 91' lang='lat' dir='ltr'><em>a</em></span> <span class='ocrx_word' id='word_1_380' title='bbox 1303 2820 1427 2867; x_wconf 85' lang='lat' dir='ltr'><em>patria</em></span> <span class='ocrx_word' id='word_1_381' title='bbox 1452 2831 1568 2865; x_wconf 89' lang='lat' dir='ltr'><em>usque</em></span> <span class='ocrx_word' id='word_1_382' title='bbox 1593 2819 1784 2856; x_wconf 87' lang='lat' dir='ltr'><em>Diomedis</em></span> <span class='ocrx_word' id='word_1_383' title='bbox 1809 2820 2037 2856; x_wconf 78' lang='lat' dir='ltr'><em>mentionem</em></span> 
     </span>
     <span class='ocr_line' id='line_1_44' title="bbox 332 2866 2036 2914; baseline -0.001 -10"><span class='ocrx_word' id='word_1_384' title='bbox 332 2869 462 2905; x_wconf 88' lang='lat' dir='ltr'><em>intulit</em></span> <span class='ocrx_word' id='word_1_385' title='bbox 489 2869 696 2904; x_wconf 81' lang='lat' dir='ltr'><em>Masvwius</em></span> <span class='ocrx_word' id='word_1_386' title='bbox 732 2869 907 2904; x_wconf 90' lang='lat' dir='ltr'><em>Aetolum</em></span> <span class='ocrx_word' id='word_1_387' title='bbox 932 2879 954 2904; x_wconf 80' lang='lat' dir='ltr'><em>a</em></span> <span class='ocrx_word' id='word_1_388' title='bbox 979 2868 1119 2914; x_wconf 86' lang='lat' dir='ltr'><em>patria,</em></span> <span class='ocrx_word' id='word_1_389' title='bbox 1153 2870 1191 2904; x_wconf 86' lang='lat' dir='ltr'><em>et</em></span> <span class='ocrx_word' id='word_1_390' title='bbox 1214 2867 1299 2904; x_wconf 86' lang='lat' dir='ltr'><em>ideo</em></span> <span class='ocrx_word' id='word_1_391' title='bbox 1325 2867 1516 2904; x_wconf 80' lang='lat' dir='ltr'><em>Diomedis</em></span> <span class='ocrx_word' id='word_1_392' title='bbox 1541 2879 1590 2904; x_wconf 88' lang='lat' dir='ltr'><em>m.</em></span> <span class='ocrx_word' id='word_1_393' title='bbox 1615 2867 1640 2903; x_wconf 91' lang='lat' dir='ltr'><em>i.</em></span> <span class='ocrx_word' id='word_1_394' title='bbox 1666 2868 1757 2904; x_wconf 87' lang='lat' dir='ltr'><em>coni.</em></span> <span class='ocrx_word' id='word_1_395' title='bbox 1783 2866 2036 2904; x_wconf 84' lang='lat' dir='ltr'><em>Burmannus.</em></span> 
     </span>
     <span class='ocr_line' id='line_1_45' title="bbox 330 2913 2035 2962; baseline -0.002 -10"><span class='ocrx_word' id='word_1_396' title='bbox 330 2918 484 2961; x_wconf 81' lang='lat' dir='ltr'><em>fortasse</em></span> <span class='ocrx_word' id='word_1_397' title='bbox 515 2927 538 2951; x_wconf 86' lang='lat' dir='ltr'><em>a</em></span> <span class='ocrx_word' id='word_1_398' title='bbox 567 2916 687 2962; x_wconf 84' lang='lat' dir='ltr'><em>patris</em></span> <span class='ocrx_word' id='word_1_399' title='bbox 718 2915 842 2962; x_wconf 84' lang='lat' dir='ltr'><em>patria</em></span> <span class='ocrx_word' id='word_1_400' title='bbox 871 2926 967 2961; x_wconf 86' lang='lat' dir='ltr'><em>quae</em></span> <span class='ocrx_word' id='word_1_401' title='bbox 993 2916 1142 2951; x_wconf 83' lang='lat' dir='ltr'><em>Aetolia</em></span> <span class='ocrx_word' id='word_1_402' title='bbox 1171 2915 1244 2951; x_wconf 88' lang='lat' dir='ltr'><em>fuit</em></span> <span class='ocrx_word' id='word_1_403' title='bbox 1267 2916 1322 2951; x_wconf 82' lang='lat' dir='ltr'><em>vel</em></span> <span class='ocrx_word' id='word_1_404' title='bbox 1352 2916 1416 2960; x_wconf 91' lang='lat' dir='ltr'><em>qui</em></span> <span class='ocrx_word' id='word_1_405' title='bbox 1442 2915 1595 2951; x_wconf 84' lang='lat' dir='ltr'><em>Aetolus</em></span> <span class='ocrx_word' id='word_1_406' title='bbox 1624 2914 1698 2950; x_wconf 79' lang='lat' dir='ltr'><em>fuit</em></span> <span class='ocrx_word' id='word_1_407' title='bbox 1721 2913 1912 2950; x_wconf 85' lang='lat' dir='ltr'><em>Diomedis</em></span> <span class='ocrx_word' id='word_1_408' title='bbox 1936 2926 1985 2951; x_wconf 93' lang='lat' dir='ltr'><em>m</em></span> <span class='ocrx_word' id='word_1_409' title='bbox 2011 2914 2035 2951; x_wconf 85' lang='lat' dir='ltr'><em>i.</em></span> 
     </span>
     <span class='ocr_line' id='line_1_46' title="bbox 331 2961 2037 3010; baseline -0.002 -11"><span class='ocrx_word' id='word_1_410' title='bbox 331 2964 378 3008; x_wconf 79' lang='lat' dir='ltr'><em>ef.</em></span> <span class='ocrx_word' id='word_1_411' title='bbox 405 2965 454 2999; x_wconf 87' lang='lat' dir='ltr'><em>ad</em></span> <span class='ocrx_word' id='word_1_412' title='bbox 478 2975 510 2998; x_wconf 88' lang='lat' dir='ltr'><em>v.</em></span> <span class='ocrx_word' id='word_1_413' title='bbox 538 2967 606 2999; x_wconf 80' lang='lat'><em>239</em></span> <span class='ocrx_word' id='word_1_414' title='bbox 643 2964 655 3010; x_wconf 89' lang='grc' dir='ltr'><em>ΙΙ</em></span> <span class='ocrx_word' id='word_1_415' title='bbox 695 2967 737 2999; x_wconf 87' lang='grc'><em>13</em></span> <span class='ocrx_word' id='word_1_416' title='bbox 771 2962 947 2999; x_wconf 84' lang='lat' dir='ltr'><em>subaudis</em></span> <span class='ocrx_word' id='word_1_417' title='bbox 976 2962 1054 2998; x_wconf 85' lang='lat' dir='ltr'><em>‘sit’</em></span> <span class='ocrx_word' id='word_1_418' title='bbox 1083 2962 1122 2998; x_wconf 90' lang='lat' dir='ltr'><em>id</em></span> <span class='ocrx_word' id='word_1_419' title='bbox 1148 2964 1205 2999; x_wconf 88' lang='lat' dir='ltr'><em>est</em></span> <span class='ocrx_word' id='word_1_420' title='bbox 1235 2961 1490 3008; x_wconf 86' lang='lat' dir='ltr'><em>unusquisque</em></span> <span class='ocrx_word' id='word_1_421' title='bbox 1520 2962 1560 2997; x_wconf 86' lang='lat' dir='ltr'><em>in</em></span> <span class='ocrx_word' id='word_1_422' title='bbox 1588 2973 1627 2998; x_wconf 85' lang='lat' dir='ltr'><em>se</em></span> <span class='ocrx_word' id='word_1_423' title='bbox 1652 2962 1735 3007; x_wconf 87' lang='lat' dir='ltr'><em>ipso</em></span> <span class='ocrx_word' id='word_1_424' title='bbox 1759 2961 1907 2997; x_wconf 82' lang='lat' dir='ltr'><em>tantum</em></span> <span class='ocrx_word' id='word_1_425' title='bbox 1933 2973 2037 3007; x_wconf 86' lang='lat' dir='ltr'><em>spem</em></span> 
     </span>
     <span class='ocr_line' id='line_1_47' title="bbox 331 3009 2036 3063; baseline -0.002 -16"><span class='ocrx_word' id='word_1_426' title='bbox 331 3012 482 3047; x_wconf 86' lang='lat' dir='ltr'><em>habeat.</em></span> <span class='ocrx_word' id='word_1_427' title='bbox 522 3023 657 3046; x_wconf 67' lang='lat' dir='ltr'><em>omnm</em></span> <span class='ocrx_word' id='word_1_428' title='bbox 681 3022 708 3046; x_wconf 88' lang='lat' dir='ltr'><em>e.</em></span> <span class='ocrx_word' id='word_1_429' title='bbox 734 3022 765 3057; x_wconf 79' lang='lat' dir='ltr'><em>q.</em></span> <span class='ocrx_word' id='word_1_430' title='bbox 793 3022 820 3046; x_wconf 87' lang='lat' dir='ltr'><em>s.</em></span> <span class='ocrx_word' id='word_1_431' title='bbox 847 3010 1052 3058; x_wconf 80' lang='lat' dir='ltr'><em>Stephanus</em></span> <span class='ocrx_word' id='word_1_432' title='bbox 1071 3012 1082 3055; x_wconf 89' lang='grc' dir='ltr'><em>ΙΙ</em></span> <span class='ocrx_word' id='word_1_433' title='bbox 1110 3022 1138 3046; x_wconf 91' lang='lat' dir='ltr'><em>s.</em></span> <span class='ocrx_word' id='word_1_434' title='bbox 1163 3021 1195 3046; x_wconf 85' lang='lat' dir='ltr'><em>v.</em></span> <span class='ocrx_word' id='word_1_435' title='bbox 1223 3014 1291 3046; x_wconf 88' lang='lat'><em>309</em></span> <span class='ocrx_word' id='word_1_436' title='bbox 1317 3011 1410 3046; x_wconf 82' lang='lat' dir='ltr'><em>haee</em></span> <span class='ocrx_word' id='word_1_437' title='bbox 1436 3009 1620 3046; x_wconf 83' lang='lat' dir='ltr'><em>sententia</em></span> <span class='ocrx_word' id='word_1_438' title='bbox 1644 3009 1720 3044; x_wconf 84' lang='lat' dir='ltr'><em>late</em></span> <span class='ocrx_word' id='word_1_439' title='bbox 1745 3010 1886 3054; x_wconf 89' lang='lat' dir='ltr'><em>patet.</em></span> <span class='ocrx_word' id='word_1_440' title='bbox 1970 3020 2036 3063; x_wconf 87' lang='lat' dir='ltr'><em>po-</em></span> 
     </span>
     <span class='ocr_line' id='line_1_48' title="bbox 332 3055 2037 3104; baseline -0.002 -10"><span class='ocrx_word' id='word_1_441' title='bbox 332 3059 396 3095; x_wconf 89' lang='lat' dir='ltr'><em>tiri</em></span> <span class='ocrx_word' id='word_1_442' title='bbox 425 3058 459 3093; x_wconf 81' lang='lat' dir='ltr'><em>T</em></span> <span class='ocrx_word' id='word_1_443' title='bbox 472 3059 484 3104; x_wconf 75' lang='lat'><em>11</em></span> <span class='ocrx_word' id='word_1_444' title='bbox 511 3061 556 3093; x_wconf 86' lang='lat'><em>14</em></span> <span class='ocrx_word' id='word_1_445' title='bbox 581 3057 713 3093; x_wconf 86' lang='lat' dir='ltr'><em>alienis</em></span> <span class='ocrx_word' id='word_1_446' title='bbox 739 3058 887 3094; x_wconf 86' lang='lat' dir='ltr'><em>auxiliis</em></span> <span class='ocrx_word' id='word_1_447' title='bbox 912 3069 1021 3104; x_wconf 84' lang='lat' dir='ltr'><em>egere</em></span> <span class='ocrx_word' id='word_1_448' title='bbox 1051 3057 1084 3092; x_wconf 80' lang='lat' dir='ltr'><em>T</em></span> <span class='ocrx_word' id='word_1_449' title='bbox 1098 3059 1110 3103; x_wconf 77' lang='lat' dir='ltr'>n</span> <span class='ocrx_word' id='word_1_450' title='bbox 1138 3061 1179 3093; x_wconf 87' lang='lat'><em>15</em></span> <span class='ocrx_word' id='word_1_451' title='bbox 1206 3059 1353 3094; x_wconf 85' lang='lat' dir='ltr'><em>tantum</em></span> <span class='ocrx_word' id='word_1_452' title='bbox 1378 3068 1445 3093; x_wconf 89' lang='lat' dir='ltr'><em>om.</em></span> <span class='ocrx_word' id='word_1_453' title='bbox 1465 3057 1505 3092; x_wconf 84' lang='lat' dir='ltr'><em>F</em></span> <span class='ocrx_word' id='word_1_454' title='bbox 1520 3058 1533 3102; x_wconf 81' lang='lat' dir='ltr'>ss</span> <span class='ocrx_word' id='word_1_455' title='bbox 1563 3061 1605 3092; x_wconf 77' lang='lat'><em>17</em></span> <span class='ocrx_word' id='word_1_456' title='bbox 1631 3056 1705 3091; x_wconf 84' lang='lat' dir='ltr'><em>sint</em></span> <span class='ocrx_word' id='word_1_457' title='bbox 1729 3057 1890 3102; x_wconf 84' lang='lat' dir='ltr'><em>angusta</em></span> <span class='ocrx_word' id='word_1_458' title='bbox 1913 3056 1951 3091; x_wconf 80' lang='lat' dir='ltr'><em>R</em></span> <span class='ocrx_word' id='word_1_459' title='bbox 1988 3055 2037 3091; x_wconf 84' lang='lat' dir='ltr'><em>sit</em></span> 
     </span>
     <span class='ocr_line' id='line_1_49' title="bbox 333 3102 2033 3159; baseline -0.002 -17"><span class='ocrx_word' id='word_1_460' title='bbox 333 3107 495 3151; x_wconf 86' lang='lat' dir='ltr'><em>angusta</em></span> <span class='ocrx_word' id='word_1_461' title='bbox 518 3105 618 3140; x_wconf 88' lang='lat' dir='ltr'><em>HM</em></span> <span class='ocrx_word' id='word_1_462' title='bbox 630 3107 643 3151; x_wconf 79' lang='grc' dir='ltr'><em>ΙΙ</em></span> <span class='ocrx_word' id='word_1_463' title='bbox 675 3110 719 3141; x_wconf 87' lang='grc'><em>18</em></span> <span class='ocrx_word' id='word_1_464' title='bbox 745 3105 946 3142; x_wconf 83' lang='lat' dir='ltr'><em>exereitum</em></span> <span class='ocrx_word' id='word_1_465' title='bbox 971 3105 1060 3140; x_wconf 82' lang='lat' dir='ltr'><em>RH</em></span> <span class='ocrx_word' id='word_1_466' title='bbox 1074 3106 1085 3151; x_wconf 92' lang='grc' dir='ltr'><em>ΙΙ</em></span> <span class='ocrx_word' id='word_1_467' title='bbox 1117 3105 1215 3159; x_wconf 75' lang='lat' dir='ltr'><em>uires</em></span> <span class='ocrx_word' id='word_1_468' title='bbox 1241 3105 1381 3141; x_wconf 82' lang='lat' dir='ltr'><em>auxilia</em></span> <span class='ocrx_word' id='word_1_469' title='bbox 1404 3104 1552 3150; x_wconf 80' lang='lat' dir='ltr'><em>imperii</em></span> <span class='ocrx_word' id='word_1_470' title='bbox 1571 3102 1613 3138; x_wconf 88' lang='lat' dir='ltr'><em>F</em></span> <span class='ocrx_word' id='word_1_471' title='bbox 1626 3104 1639 3148; x_wconf 87' lang='grc' dir='ltr'><em>ΙΙ</em></span> <span class='ocrx_word' id='word_1_472' title='bbox 1669 3114 1764 3148; x_wconf 90' lang='lat' dir='ltr'><em>quae</em></span> <span class='ocrx_word' id='word_1_473' title='bbox 1790 3104 1878 3149; x_wconf 88' lang='lat' dir='ltr'><em>quia</em></span> <span class='ocrx_word' id='word_1_474' title='bbox 1903 3103 1954 3139; x_wconf 84' lang='lat' dir='ltr'><em>sio</em></span> <span class='ocrx_word' id='word_1_475' title='bbox 1978 3102 2033 3138; x_wconf 88' lang='lat' dir='ltr'><em>ui-</em></span> 
     </span>
     <span class='ocr_line' id='line_1_50' title="bbox 333 3150 2034 3198; baseline -0.002 -9"><span class='ocrx_word' id='word_1_476' title='bbox 333 3153 431 3189; x_wconf 88' lang='lat' dir='ltr'><em>detis</em></span> <span class='ocrx_word' id='word_1_477' title='bbox 456 3152 587 3189; x_wconf 81' lang='lat' dir='ltr'><em>ASR:</em></span> <span class='ocrx_word' id='word_1_478' title='bbox 614 3153 723 3198; x_wconf 88' lang='lat' dir='ltr'><em>quasi</em></span> <span class='ocrx_word' id='word_1_479' title='bbox 746 3152 884 3189; x_wconf 86' lang='lat' dir='ltr'><em>uidetis</em></span> <span class='ocrx_word' id='word_1_480' title='bbox 908 3153 950 3188; x_wconf 90' lang='lat' dir='ltr'><strong><em>H</em></strong></span> <span class='ocrx_word' id='word_1_481' title='bbox 985 3153 1072 3198; x_wconf 84' lang='lat' dir='ltr'><em>quia</em></span> <span class='ocrx_word' id='word_1_482' title='bbox 1098 3152 1150 3187; x_wconf 79' lang='lat' dir='ltr'><em>sio</em></span> <span class='ocrx_word' id='word_1_483' title='bbox 1175 3153 1310 3188; x_wconf 85' lang='lat' dir='ltr'><em>uidetis</em></span> <span class='ocrx_word' id='word_1_484' title='bbox 1337 3151 1387 3187; x_wconf 89' lang='lat' dir='ltr'><strong><em>M</em></strong></span> <span class='ocrx_word' id='word_1_485' title='bbox 1417 3162 1512 3197; x_wconf 85' lang='lat' dir='ltr'><em>quae</em></span> <span class='ocrx_word' id='word_1_486' title='bbox 1539 3151 1570 3186; x_wconf 89' lang='lat' dir='ltr'><em>si</em></span> <span class='ocrx_word' id='word_1_487' title='bbox 1594 3150 1754 3186; x_wconf 84' lang='lat' dir='ltr'><em>uideatis</em></span> <span class='ocrx_word' id='word_1_488' title='bbox 1780 3151 1820 3186; x_wconf 87' lang='lat' dir='ltr'><em>F</em></span> <span class='ocrx_word' id='word_1_489' title='bbox 1835 3151 1848 3196; x_wconf 82' lang='grc' dir='ltr'><em>ΙΙ</em></span> <span class='ocrx_word' id='word_1_490' title='bbox 1866 3150 2034 3186; x_wconf 80' lang='lat' dir='ltr'><em>adflictas</em></span> 
     </span>
     <span class='ocr_line' id='line_1_51' title="bbox 334 3197 2036 3247; baseline -0.001 -11"><span class='ocrx_word' id='word_1_491' title='bbox 334 3202 378 3236; x_wconf 88' lang='lat' dir='ltr'><em>H</em></span> <span class='ocrx_word' id='word_1_492' title='bbox 404 3203 416 3247; x_wconf 69' lang='lat' dir='ltr'><em>{l</em></span> <span class='ocrx_word' id='word_1_493' title='bbox 447 3205 490 3236; x_wconf 81' lang='lat'><em>21</em></span> <span class='ocrx_word' id='word_1_494' title='bbox 516 3199 769 3236; x_wconf 81' lang='lat' dir='ltr'><em>narrationem</em></span> <span class='ocrx_word' id='word_1_495' title='bbox 794 3201 883 3236; x_wconf 88' lang='lat' dir='ltr'><em>HF</em></span> <span class='ocrx_word' id='word_1_496' title='bbox 908 3202 921 3245; x_wconf 82' lang='grc' dir='ltr'><em>ΙΙ</em></span> <span class='ocrx_word' id='word_1_497' title='bbox 950 3204 995 3236; x_wconf 82' lang='lat'><em>22</em></span> <span class='ocrx_word' id='word_1_498' title='bbox 1020 3211 1173 3236; x_wconf 73' lang='lat' dir='ltr'><em>Tlpoch</em></span> <span class='ocrx_word' id='word_1_499' title='bbox 1197 3199 1342 3235; x_wconf 87' lang='lat' dir='ltr'><em>RMH</em></span> <span class='ocrx_word' id='word_1_500' title='bbox 1373 3210 1556 3235; x_wconf 72' lang='grc' dir='ltr'>πΡοΧιΡωε</span> <span class='ocrx_word' id='word_1_501' title='bbox 1579 3198 1620 3234; x_wconf 77' lang='lat' dir='ltr'><em>F</em></span> <span class='ocrx_word' id='word_1_502' title='bbox 1654 3200 1860 3245; x_wconf 80' lang='grc' dir='ltr'><em>προχείρως</em></span> <span class='ocrx_word' id='word_1_503' title='bbox 1883 3198 1990 3244; x_wconf 75' lang='lat' dir='ltr'><em>vulyo</em></span> <span class='ocrx_word' id='word_1_504' title='bbox 2023 3197 2036 3245; x_wconf 87' lang='grc' dir='ltr'><em>ΙΙ</em></span> 
     </span>
     <span class='ocr_line' id='line_1_52' title="bbox 333 3247 1256 3294; baseline -0.001 -11"><span class='ocrx_word' id='word_1_505' title='bbox 333 3253 378 3283; x_wconf 80' lang='lat'><em>23</em></span> <span class='ocrx_word' id='word_1_506' title='bbox 398 3248 590 3293; x_wconf 85' lang='lat' dir='ltr'><em>abliquam</em></span> <span class='ocrx_word' id='word_1_507' title='bbox 614 3248 665 3283; x_wconf 85' lang='lat' dir='ltr'><em>M</em></span> <span class='ocrx_word' id='word_1_508' title='bbox 697 3248 863 3293; x_wconf 89' lang='lat' dir='ltr'><em>obliqum</em></span> <span class='ocrx_word' id='word_1_509' title='bbox 890 3247 958 3294; x_wconf 75' lang='lat' dir='ltr'><em>Fu</em></span> <span class='ocrx_word' id='word_1_510' title='bbox 988 3251 1034 3283; x_wconf 82' lang='lat'><em>24</em></span> <span class='ocrx_word' id='word_1_511' title='bbox 1060 3247 1098 3282; x_wconf 87' lang='lat' dir='ltr'><em>in</em></span> <span class='ocrx_word' id='word_1_512' title='bbox 1128 3258 1195 3283; x_wconf 90' lang='lat' dir='ltr'><em>om.</em></span> <span class='ocrx_word' id='word_1_513' title='bbox 1220 3247 1256 3282; x_wconf 83' lang='lat' dir='ltr'><em>R</em></span> 
     </span>
    </p>
   </div>
  </div>
 </body>
</html>
