2092 3614
567 241 718 279 COMM.
745 241 798 278 IN
823 241 967 278 VERG.
994 241 1105 278 AEN.
1134 241 1183 277 XI
1208 244 1409 278 843-866.
1753 239 1840 282 569

252 352 350 395 858.
415 369 616 395 vome-REM
643 369 841 395 SAGITTAM
860 352 1050 406 proprie:
1081 352 1182 405 quia
1212 351 1374 405 sagittis
1390 364 1555 407 pennae
1579 350 1842 404 adplutinan-

133 427 210 467 tur.
316 441 503 466 THREISSA
530 427 700 478 propter
731 423 981 466 Amazonas.
1031 425 1069 464 et
1106 421 1213 464 banc
1251 422 1454 477 Verqilius
1489 435 1574 464 non
1610 422 1672 463 ita
1706 422 1842 476 finxit,

131 498 180 537 ut
210 495 432 549 Tarpeiam
463 498 501 536 et
530 498 695 546 ceteras,
732 495 803 536 sed
827 494 996 548 proprio
1027 493 1192 535 nomine
1221 494 1381 535 videtur
1411 493 1644 535 induxisse:
1690 491 1843 535 Graeci

131 567 240 609 enim
272 567 444 609 tradunt
472 563 817 621 ἀμαλλοφόρους
846 579 896 608 ex
926 565 1212 620 Hyperboreis,
1242 565 1315 619 qui
1345 567 1383 606 et
1411 565 1494 618 ips-i
1523 567 1621 606 sunt
1653 564 1841 619 Thraces,

131 639 188 680 ad
211 638 418 680 Latonam
449 638 623 679 venisse:
655 637 761 679 hanc
792 641 831 679 et
848 637 1087 691 Hecaeryon
1106 636 1343 690 Apollinem
1373 639 1412 678 et
1428 636 1618 678 Dianam
1644 636 1840 690 educasse,

131 713 177 752 ut
206 710 330 751 etiam
361 723 409 751 ex
439 708 743 763 coqnominibus
773 709 958 763 deorum,
988 721 1082 750 cum
1111 707 1188 749 illa
1220 707 1319 762 Opis
1350 711 1389 749 et
1416 707 1481 749 hic
1513 707 1741 762 Hecacryos
1771 721 1841 761 ap-

123 780 317 835 pellatur,
349 780 606 834 aynoscitur:
636 781 745 834 quod
772 793 901 834 supra
931 779 1076 834 <532>
1100 779 1268 833 plenius
1298 779 1450 821 dictum
1482 781 1549 820 est.

251 852 348 894 859.
400 862 648 902 CORNVQVE
682 862 882 894 INFENSA
913 861 1150 893 TETEND1T
1191 849 1353 893 ‘cornu'
1390 849 1659 893 aecusativus
1692 849 1841 905 singu-

131 923 234 965 laris
267 925 345 979 est,
378 937 427 965 ac
459 922 496 964 si
528 922 687 965 diceret
719 921 968 978 ‘arcumque
998 921 1167 965 infensa
1198 921 1417 964 tetendit':
1449 936 1552 963 nam
1584 921 1738 963 horum
1765 920 1840 962 du-

132 995 300 1037 biorum
332 995 549 1037 nominum
582 1008 706 1036 casus
739 1009 790 1035 ex
823 994 1038 1036 similibus
1070 993 1137 1035 vel
1170 993 1423 1049 synonymis
1455 993 1789 1048 conprobantur.

252 1066 352 1109 860.
404 1077 604 1109 COIRENT
642 1077 784 1108 INTER
816 1076 869 1108 SE
903 1076 1071 1107 CAPITA
1104 1064 1335 1107 Homerica
1372 1066 1438 1106 est
1474 1064 1560 1105 ista
1595 1063 1841 1118 descriptio.

250 1138 349 1180 861.
399 1155 525 1181 imme
534 1155 577 1180 vs
607 1155 683 1186 AEQ
692 1155 751 1180 ms
780 1151 860 1191 pro
898 1137 1140 1191 aequaliter,
1179 1136 1240 1178 vel
1275 1136 1555 1190 aequantibus.
1616 1138 1654 1177 et
1684 1135 1841 1177 licitum

127 1213 277 1264 poetae,
307 1223 454 1252 nomen
477 1223 558 1263 pro
590 1209 792 1252 adverbiis
821 1212 897 1251 aut
919 1208 1157 1262 participiis
1183 1222 1343 1262 ponere.

253 1282 351 1324 863.
404 1293 510 1323 TELI
544 1292 813 1324 STRIDOREM
845 1280 1060 1323 Homerus
1094 1278 1301 1334 ἔκλαγξεν
1334 1274 1375 1320 δ’
1405 1274 1477 1334 ἄρ’
1507 1275 1667 1328 ὀιστός.

250 1353 348 1396 864.
398 1364 559 1395 Avmrr
587 1364 680 1395 vNA
706 1363 888 1395 ARRVNS
915 1363 1177 1403 HAEservn
1204 1363 1254 1393 IN
1279 1362 1492 1394 CORPORE
1518 1362 1709 1392 FERRVM
1736 1350 1841 1392 eele-

130 1426 238 1467 ritas
270 1425 499 1467 iaculantis
532 1423 804 1480 exprimitur:
839 1424 900 1466 sic
930 1422 1094 1465 Statius
1128 1438 1223 1465 cum
1257 1423 1343 1464 iam
1378 1436 1628 1477 percussum
1661 1421 1843 1463 dixisset

130 1497 384 1552 extinctum,
422 1497 485 1538 ait
522 1496 732 1538 necdum
773 1496 902 1538 certi
939 1497 1079 1538 tacet
1111 1509 1258 1537 arcus
1293 1494 1557 1549 Amyntae.
1619 1494 1741 1535 multi
1771 1507 1841 1535 no-

132 1569 223 1610 lunt
254 1569 298 1610 in
330 1569 459 1610 medio
490 1569 691 1623 distinqui
713 1571 884 1622 propter
914 1566 1224 1621 exprimendam
1256 1567 1509 1608 celeritatem.

251 1639 349 1682 866.
402 1656 531 1682 osum
563 1653 646 1682 non
682 1639 792 1682 nulli
829 1639 1054 1694 Verqilium
1092 1638 1313 1682 secundum
1348 1640 1582 1680 vetustatem
1619 1635 1691 1678 hoc
1727 1636 1842 1678 verbo

129 1724 252 1753 usum
279 1712 459 1762 tradunt,
490 1714 538 1753 ut
562 1709 707 1753 ‘obliti’
734 1707 1047 1766 ἀμελήσαντες,
1079 1709 1151 1752 hoc
1176 1712 1236 1752 est
1258 1709 1504 1764 neyleqentcs
1527 1712 1566 1751 et
1588 1711 1840 1754 contemnen-

131 1785 197 1837 tes,
228 1785 396 1837 putent:
439 1783 628 1825 viderant
663 1783 771 1824 enim
801 1784 1076 1836 peremptum,
1119 1781 1191 1823 sed
1228 1781 1506 1836 neqleaeerunt,
1547 1794 1638 1834 erqo
1675 1780 1841 1822 scientes

131 1855 348 1910 liquerunt,
378 1857 426 1896 ut
456 1854 526 1909 <V
562 1854 675 1909 174>
706 1853 890 1896 oblitus
920 1853 1204 1906 decorisque
1234 1853 1315 1895 sui
1345 1855 1384 1894 et
1413 1851 1482 1906 <V
1511 1850 1625 1906 703>
1658 1851 1842 1893 oblitus

127 1926 358 1979 fatorum.
414 1927 491 1968 alii
528 1924 684 1968 ‘obliti'
723 1926 795 1968 ubi
824 1925 1076 1979 reliquerant
1105 1924 1344 1966 nescientes:
1383 1926 1422 1965 et
1450 1926 1508 1966 est
1536 1935 1679 1965 sensus
1710 1921 1842 1965 ‘obliti'

131 1996 278 2040 illum'.
400 2008 578 2040 leuoro
617 2008 871 2040 GAMPORVM
909 2009 958 2039 IN
994 2007 1210 2038 PVLVERE
1249 2006 1492 2046 LmQVVN'r
1530 1994 1624 2036 bene
1657 1994 1840 2049 Arruns,

229 2142 246 2173 1
274 2138 422 2184 proprie
445 2167 451 2172 .
474 2167 482 2175 .
504 2167 512 2175 .
532 2139 832 2186 adglutinantur]
860 2138 906 2173 ef.
934 2137 1020 2173 [sid.
1048 2135 1125 2173 diff.
1146 2136 1246 2179 verb.
1267 2139 1311 2171 47
1332 2136 1344 2183 11
1365 2139 1409 2171 14
1434 2134 1631 2181 Homerus]
1660 2134 1701 2170 Il.
1723 2134 1739 2168 I
1758 2138 1804 2171 46
1831 2135 1840 2181 11

133 2190 176 2222 16
203 2186 359 2233 Statius]
387 2187 503 2222 Theb.
529 2186 617 2222 VIII
642 2190 712 2222 440

229 2322 246 2353 1
275 2318 324 2354 ad
348 2329 380 2353 v.
402 2320 470 2353 858
496 2318 651 2363 propter
677 2318 872 2353 amazones
898 2316 1000 2352 dicit.
1040 2316 1079 2351 et
1102 2316 1174 2350 hoe
1199 2315 1370 2361 uirgilius
1396 2325 1533 2349 nomen
1558 2325 1631 2349 non
1657 2314 1711 2349 ita
1737 2315 1841 2350 finxit

130 2369 173 2401 ut
197 2365 378 2411 tarpeiam
415 2367 454 2400 et
484 2365 666 2400 citheram
698 2365 762 2401 sed
793 2364 944 2419 proprio
976 2365 1125 2400 nomine
1157 2363 1307 2399 uidetur
1337 2362 1536 2398 induxisse.
1581 2363 1708 2407 graeci
1741 2362 1839 2398 enim

133 2414 286 2449 tradunt
311 2425 355 2449 ex
380 2413 621 2459 hyperboreis
648 2413 713 2458 qui
739 2414 777 2448 et
801 2412 875 2465 ipsi
906 2413 993 2447 sunt
1023 2412 1172 2447 thraces
1204 2411 1370 2446 latonam
1397 2410 1544 2445 uenisse
1571 2410 1609 2444 et
1633 2409 1730 2445 hanc
1756 2422 1839 2445 cum

130 2461 262 2496 latona
287 2461 475 2496 educasse.
514 2462 552 2496 et
576 2461 766 2496 uolucrem
792 2458 968 2506 sagittam
996 2459 1146 2505 proprie
1166 2458 1260 2494 dixit
1279 2458 1394 2503 quia
1418 2457 1759 2503 ..agglutinantur
1779 2458 1812 2492 T
1829 2484 1839 2502 22

131 2508 267 2569 pinnae
282 2508 323 2544 F
337 2511 349 2553 11
369 2513 388 2543 2
416 2508 626 2544 ammonias
647 2508 688 2544 F
703 2510 715 2554 11
734 2507 913 2554 uergiliue
937 2506 975 2542 F
990 2508 1002 2554 11
1022 2511 1042 2542 3
1062 2506 1245 2553 terpeiam
1262 2506 1302 2541 F
1317 2507 1329 2551 11
1347 2516 1481 2551 grecae
1501 2516 1585 2540 eum
1604 2505 1760 2540 tradunt
1774 2506 1813 2540 F
1834 2506 1838 2553 1

132 2561 153 2592 4
180 2554 470 2602 ἄμαλλοφόρους
494 2567 556 2602 eqo
582 2557 643 2602 (cf.
673 2556 832 2592 Wclclxei·
853 2555 1018 2591 Goetterl.
1040 2554 1074 2590 11
1087 2566 1126 2600 p.
1149 2557 1249 2598 350):
1277 2553 1509 2589 amilloforos
1536 2552 1575 2587 Ι
1611 2553 1839 2588 anulloforos

132 2604 271 2639 Daniel
308 2604 495 2639 ouloforos
516 2604 721 2639 Salmasius
747 2604 795 2638 ad
815 2604 978 2648 inscript.
1000 2603 1160 2638 Herodis
1182 2602 1296 2637 Attici
1309 2613 1348 2646 p.
1367 2605 1409 2635 19
1436 2599 1492 2646 Op
1495 2600 1534 2634 in
1560 2602 1598 2635 et
1620 2600 1839 2645 Hecaergon

133 2647 366 2695 οὐλοφόρους
394 2651 601 2686 Masvicius
619 2651 630 2696 11
662 2650 905 2696 hyperuoreis
932 2650 972 2684 F
987 2651 999 2696 11
1030 2649 1210 2696 Thraces]
1238 2649 1338 2684 trudi
1365 2648 1406 2683 F
1438 2647 1573 2683 Threci
1599 2647 1839 2682 Salmasius

133 2703 154 2734 5
188 2699 235 2733 ad
268 2698 450 2734 Latonam
483 2709 560 2743 eqo:
598 2701 636 2733 et
665 2697 864 2733 latitonam
891 2697 931 2732 F
964 2697 1004 2732 in
1030 2697 1246 2733 Latitonam
1272 2697 1409 2731 Daniel
1447 2696 1485 2730 in
1517 2694 1677 2729 insulam
1705 2679 1839 2730 Delum

133 2746 338 2782 Salmasius
355 2747 367 2792 11
386 2746 483 2781 hane
509 2746 547 2780 et
564 2744 783 2790 Hecaergon
804 2744 1017 2790 Apollinem
1045 2745 1084 2780 et
1102 2745 1261 2780 Dianam
1284 2744 1506 2779 Salmasius:
1533 2742 1629 2777 hanc
1656 2743 1693 2777 et
1719 2754 1839 2787 aegon

132 2794 203 2829 hoc
229 2794 287 2829 est
312 2793 462 2828 dianam
484 2792 524 2827 F
559 2793 656 2828 hunc
677 2793 893 2838 Hecaergon
914 2793 1177 2838 Commelinus]
1173 2794 1224 2845 116
1252 2803 1333 2827 cum
1356 2791 1577 2826 Salmasius:
1604 2790 1643 2824 et
1668 2801 1751 2824 cum
1772 2790 1812 2824 F
1837 2791 1839 2836 1

133 2842 344 2887 Hecaergos
370 2840 589 2876 Salmasius:
618 2842 656 2875 et
680 2851 812 2886 aergos
837 2840 877 2874 F
898 2841 910 2886 11
943 2844 983 2874 11
1013 2839 1230 2896 descriptio]
1257 2839 1438 2896 pandaio
1449 2837 1603 2873 foedera
1628 2836 1704 2872 iuss
1699 2849 1730 2872 u
1758 2838 1837 2882 pal-

132 2889 229 2924 ladis
260 2887 510 2924 confundente
543 2888 609 2931 (Il.
636 2887 684 2922 IV
714 2889 795 2933 122)
829 2886 911 2923 ἕλκε
945 2884 982 2921 δ’
1011 2883 1107 2933 ὁμοῦ
1142 2916 1149 2923 .
1178 2915 1185 2923 .
1215 2915 1221 2922 .
1254 2883 1350 2933 τόξῳ
1385 2886 1427 2921 δὲ
1462 2887 1615 2941 σίδηρον
1648 2886 1732 2920 add.
1759 2885 1798 2919 D
1836 2884 1840 2931 1

135 2940 178 2971 12
205 2937 255 2972 ad
272 2948 399 2977 Aemus
425 2947 451 2970 s
472 2946 503 2970 v.
525 2935 591 2970 aut
614 2935 821 2993 aequaliter
846 2937 911 2970 aut
936 2934 1183 2980 aequantibus
1211 2935 1240 2969 T
1257 2936 1268 2980 11
1290 2938 1334 2968 14
1360 2932 1544 2988 ἔκλαγξαν
1570 2928 1611 2966 δ’
1634 2946 1702 2991 αρ’
1721 2929 1844 2967 ὀιστοί

132 2985 314 3019 Homerus
349 2985 361 3030 11
398 2980 535 3029 ὀιστοί]
562 2978 630 3017 ἄπ’
660 2980 770 3027 ὤμων
796 2984 835 3017 et
860 2983 926 3027 (Il.
953 2982 1001 3017 IV
1031 2983 1114 3027 125)
1139 2983 1238 3027 λίγξε
1274 2979 1371 3029 βιός,
1407 2978 1521 3025 νευρὴ
1549 2977 1591 3014 δὲ
1619 2977 1702 3024 μέγ’
1732 2981 1839 3024 ἴαχεν

132 3032 218 3067 add.
239 3031 278 3066 D
295 3032 308 3076 11
328 3035 372 3066 15
398 3030 556 3077 manvu]
582 3043 613 3065 r.
639 3029 675 3064 A
713 3042 847 3065 vvmvs
867 3030 937 3075 Η11
959 3034 1000 3065 17
1026 3029 1198 3065 amindae
1221 3029 1257 3064 R
1294 3027 1444 3063 aminde
1471 3028 1513 3062 II
1545 3027 1728 3071 amyndae
1756 3028 1838 3061 M

136 3083 178 3114 19
210 3080 260 3114 ad
283 3090 315 3114 v.
342 3083 410 3114 866
443 3078 595 3124 quidam
631 3076 741 3113 obliti
776 3076 906 3112 intelle
909 3078 1004 3122 gunt
1036 3076 1076 3112 id
1111 3080 1168 3113 est
1202 3077 1361 3112 scientes
1398 3074 1629 3119 reliquerunt
1668 3074 1839 3108 uiderant

134 3126 232 3162 enim
270 3137 352 3161 eum
387 3091 468 3161 sedq
486 3126 738 3170 neglexerant.
790 3124 856 3159 alii
893 3124 1118 3171 intellegunt
1154 3124 1218 3160 ubi
1253 3123 1484 3167 reliquerant
1519 3120 1727 3156 nescientes
1766 3121 1831 3155 T*

133 3177 179 3208 20
205 3184 466 3209 amemencanrec
491 3173 531 3208 F
565 3177 829 3208 aneaencaurec
854 3172 888 3207 G
914 3173 927 3217 11
957 3174 1261 3218 contempnentes
1287 3170 1327 3205 F
1352 3171 1364 3216 11
1394 3174 1438 3205 21
1464 3169 1611 3204 uiderat
1637 3167 1678 3202 F
1702 3168 1713 3213 11
1744 3167 1838 3203 sien-

133 3222 188 3256 tes
215 3221 248 3256 G
278 3222 290 3267 11
320 3225 365 3256 22
393 3220 618 3265 decoresque
645 3219 685 3254 F

1868 644 1888 675 5

1867 1002 1911 1033 10

1869 1359 1912 1391 15

1867 1718 1979 1749 20·
