2092 3614
228 1013 272 1044 10

229 1371 273 1402 15

227 1730 273 1761 20

230 2089 275 2120 ‘25

295 251 385 293 480
1017 233 1021 236 ’
1071 252 1232 288 snuvn

294 360 368 402 sed
399 360 512 402 inter
544 360 727 416 auguria
760 361 891 402 etiam
922 360 1004 402 hoc
1034 360 1295 415 habebatur,
1339 360 1376 402 si
1409 360 1665 402 avellentem
1696 362 1823 404 facile
1856 376 2003 417 seque-

294 433 464 482 rentur,
507 431 614 473 adeo
646 436 695 473 ut
725 446 823 474 cum
854 431 945 474 filio
977 431 1021 473 in
1056 431 1211 475 Orodis
1250 431 1363 473 bello
1402 431 1460 473 sit
1490 430 1672 474 Crassus
1710 433 1891 488 occisus,
1929 433 2002 487 qui

295 503 434 544 iturus
473 503 527 544 ad
558 504 771 558 proelium
803 503 987 546 avellere
1019 504 1146 560 signa
1176 503 1249 544 vix
1282 503 1436 558 potuit.
1497 504 1605 557 quod
1633 504 1756 546 etiam
1787 503 2003 556 Flaminio

294 574 473 628 eontiyit,
498 575 571 628 qui
595 587 688 616 cum
713 575 951 629 imperasset
973 575 1093 628 siyna
1119 574 1207 616 tolli
1232 587 1355 627 eaque
1379 587 1465 616 non
1482 578 1650 628 possent
1672 576 1834 630 moveri,
1859 575 2002 627 effosso

294 647 380 689 solo
411 647 458 688 in
487 661 566 700 quo
596 650 718 688 erant
745 647 853 702 fixa,
884 647 927 688 vi
956 660 1110 700 mayna
1140 645 1302 688 extrahi
1325 647 1549 701 praecepit,
1579 649 1618 688 et
1645 646 1863 699 infeliciter
1893 646 2007 700 apud

298 717 620 760 Trasimennum
650 719 867 773 puynavit.
927 718 1006 760 alii
1037 716 1217 760 ‘vellere'
1249 731 1406 759 movere
1444 719 1673 772 accipiunt:
1716 718 1886 760 Ennius
1921 731 2007 760 rex

295 789 469 831 deinde
503 790 687 833 citatus
724 790 959 832 convellit
986 803 1104 841 sese,
1137 793 1175 831 et
1204 790 1250 830 in
1279 790 1411 832 saeris
1442 788 1631 831 ‘convelli
1661 787 1822 832 mensa'
1855 789 2007 831 dieitur

296 875 389 903 eum
419 861 589 904 tollitur.

417 933 486 975 20.
535 951 768 977 ADNVERINT
795 951 939 976 SVPERI
966 933 1061 975 bene
1084 934 1131 975 in
1155 932 1439 975 adhortatione
1461 931 1569 974 nihil
1595 946 1637 974 se
1660 932 1917 987 inauspicato
1948 932 2009 974 vel

296 1005 385 1047 sine
421 1005 588 1047 deorum
624 1005 829 1047 voluntate
868 1004 1080 1057 facturum
1115 1005 1345 1059 promittit:
1389 1004 1477 1046 ideo
1515 1017 1599 1046 non
1637 1005 1761 1059 dixit,
1804 1018 1897 1046 cum
1939 1017 2007 1058 eqo

296 1077 470 1131 iussero,
500 1077 571 1119 sed
599 1090 692 1119 cum
722 1077 784 1118 clii
814 1077 1019 1119 iusserint.

416 1147 486 1189 22.
536 1159 741 1190 INTEREA
768 1159 928 1191 SOCIOS
961 1147 1096 1190 donec
1127 1150 1299 1203 tempus
1331 1148 1569 1191 obsidionis
1601 1148 1816 1190 adveniat.
1861 1151 1900 1189 et
1929 1146 2009 1189 ‘in-

299 1224 406 1262 terea
441 1220 570 1262 socios
606 1219 901 1273 inhumataque
938 1233 1110 1274 corpora
1149 1218 1299 1261 terrae'
1339 1219 1387 1262 ἓν
1426 1216 1500 1277 διὰ
1540 1220 1672 1262 δυοῖν
1704 1233 1784 1273 pro
1819 1218 2011 1273 ‘corpora

297 1290 536 1335 sociorum'.

420 1363 488 1406 23.
539 1374 621 1414 QVI
647 1374 791 1407 sonvs
817 1375 974 1406 Honos
1001 1375 1286 1406 ACHERONTE
1314 1374 1399 1406 svn
1426 1375 1510 1406 nuo
1537 1375 1622 1406 EST
1649 1363 1721 1405 hoc
1745 1362 1832 1405 ideo
1858 1362 2010 1414 intulit,

295 1436 396 1490 quia
426 1436 474 1478 in
504 1438 616 1478 sexto
646 1434 792 1490 (329)
825 1436 873 1478 de
903 1436 1120 1490 insepultis
1150 1436 1262 1478 dixit
1291 1438 1494 1477 centum
1527 1437 1703 1477 errant
1735 1448 1896 1476 annos
1929 1449 2012 1476 vo-

297 1507 563 1562 litantque
594 1507 719 1549 haec
750 1507 914 1550 litora
946 1507 1157 1549 circum:
1189 1507 1422 1550 Palinurus
1448 1507 1610 1549 Aeneae
1641 1505 1733 1561 <VI
1753 1505 1870 1561 366>
1893 1519 2008 1560 por-

298 1582 469 1633 tusque
503 1579 702 1632 require
747 1578 945 1621 Velinos
972 1579 1178 1621 -sedibus
1213 1582 1267 1621 ut
1302 1579 1477 1621 saltem
1509 1578 1736 1632 placidis
1771 1578 1824 1619 in
1861 1579 2013 1619 morte

297 1641 559 1705 quiescam.
610 1652 654 1691 et
684 1649 792 1692 bene
823 1649 1086 1692 ‘Acheronte
1118 1650 1197 1693 sub
1230 1649 1346 1706 imo’,
1379 1650 1479 1706 quia
1509 1650 1616 1692 haec
1647 1664 1716 1691 res
1748 1648 1803 1691 ad
1834 1648 2012 1690 umbras

298 1723 469 1763 tantum
512 1721 720 1780 pertinet:
771 1736 873 1764 nam
919 1722 1033 1777 apud
1077 1722 1310 1777 prudentes
1354 1721 1552 1763 homines
1597 1721 1759 1763 nullius
1804 1719 2013 1763 momenti

300 1795 401 1835 sunt
431 1793 531 1835 ista.

356 1879 357 1882 ’
419 1865 489 1907 24.
540 1882 605 1908 [ΤΕ
633 1882 702 1908 ,4η
730 1866 869 1908 vitiose
899 1866 946 1907 in
976 1865 1112 1908 media
1142 1865 1327 1908 oratione
1357 1863 1454 1907 ‘ait’
1479 1864 1663 1918 positum
1694 1864 1827 1906 critici
1855 1866 2012 1906 notant.

359 1948 592 1980 EGREGIAS
624 1948 798 1980 ANIMAS
831 1937 999 1993 ingenti
1032 1939 1125 1979 arte
1156 1937 1307 1979 laudat
1337 1936 1483 1992 potius
1517 1951 1643 1991 quam
1678 1935 1912 1977 miseratur
1942 1950 2013 1976 ex-

300 2009 480 2064 tinctos,
511 2011 561 2050 ut
592 2009 886 2063 praesentium
919 2009 1086 2052 animos
1118 2009 1163 2050 in
1195 2009 1309 2050 bella
1343 2008 1583 2050 succendat.
1689 2024 1792 2055 QVAE
1814 2023 2015 2050 SANGVINE

301 2098 415 2124 NOBIS
438 2097 545 2124 HANG
566 2098 744 2123 PATRIAM
770 2080 971 2134 eleyanter
1007 2079 1080 2122 hoo
1115 2083 1154 2122 et
1192 2080 1369 2122 oratorie
1405 2080 1462 2121 ad
1492 2078 1813 2121 exhortationem
1843 2078 2012 2120 audien-

302 2154 647 2206 tiwmsumptum
676 2155 756 2194 est:
787 2166 888 2194 nam
919 2152 1012 2194 laus
1042 2151 1327 2205 defunctorum
1356 2151 1578 2193 viventium
1608 2149 1834 2192 exhortatio
1865 2152 1934 2192 est.
1976 2152 2016 2191 et

301 2318 353 2354 IV
378 2275 419 2353 46
439 2269 600 2353 9Ennius]
627 2281 711 2304 ann.
737 2282 772 2306 v.
798 2273 867 2304 449
894 2269 1004 2306 Vahl.
1043 2270 1056 2315 ΙΙ
1093 2272 1139 2304 25
1166 2268 1357 2314 eleganter
1382 2269 1453 2304 hoc
1480 2278 1510 2303 e.
1538 2279 1571 2313 q.
1599 2267 1643 2313 s.]
1671 2266 1716 2303 cf.
1743 2265 1907 2302 Macrob.
1934 2264 2011 2301 Sat.

404 2346 413 2363 2

401 2428 419 2459 1
445 2425 638 2459 habebant
661 2424 696 2458 L
722 2424 947 2470 (habebatur
971 2425 996 2468 l)
1035 2424 1271 2459 habebantur
1296 2424 1341 2458 H
1356 2424 1407 2470 112
1433 2422 1472 2457 in
1500 2421 1648 2468 Orodis]
1677 2421 1838 2456 modoris
1857 2420 1948 2456 LH
1973 2420 2014 2456 in

304 2472 458 2508 orientis
486 2472 544 2514 M,
569 2471 610 2507 in
635 2483 700 2507 om.
721 2472 758 2506 R
777 2473 789 2518 ΙΙ
821 2472 992 2518 Crassus]
1020 2483 1130 2506 ausus
1155 2471 1244 2506 LH
1257 2472 1269 2515 n
1300 2470 1442 2506 occisus
1468 2481 1534 2505 om.
1561 2469 1596 2503 L
1614 2471 1626 2516 ΙΙ
1656 2474 1676 2504 3
1704 2469 1903 2515 proelium]
1929 2479 2013 2514 par-

303 2519 425 2555 thiam
444 2519 484 2554 F
498 2520 512 2564 ΙΙ
531 2519 601 2554 hoc
626 2518 792 2554 flaminio
818 2519 978 2564 contigit
1002 2518 1067 2564 qui
1093 2545 1101 2552 .
1123 2546 1130 2553 .
1154 2546 1161 2553 .
1187 2518 1336 2554 tollitur
1360 2519 1440 2553 hab.
1466 2518 1500 2552 T
1514 2518 1525 2563 ΙΙ
1543 2517 1698 2552 faminio
1724 2516 1830 2561 6114
1853 2516 1995 2551 moveri

303 2568 387 2602 loco
413 2566 574 2602 euellere
603 2566 636 2600 T
652 2567 665 2611 ΙΙ
684 2566 814 2601 effusio
842 2565 883 2600 F
917 2565 1072 2601 suffosso
1102 2565 1161 2610 ΤΙΙ
1189 2570 1209 2600 5
1238 2576 1413 2610 magnam
1438 2565 1478 2599 F
1493 2566 1506 2610 1}
1525 2566 1630 2600 extra
1656 2564 1688 2599 G
1707 2565 1719 2611 ΙΙ
1737 2563 1921 2609 praecipit
1940 2563 1980 2597 F
2011 2562 2014 2609 Ι

306 2619 327 2650 6
353 2614 635 2660 trasynimynan
660 2613 700 2648 F
733 2613 1005 2658 trasyniminan
1031 2612 1065 2648 G
1101 2614 1365 2658 trasymenium
1397 2613 1430 2647 T
1450 2614 1462 2659 ss
1491 2612 1572 2659 alii]
1600 2611 1752 2656 quidam
1780 2611 1814 2645 T
1829 2612 1841 2656 ΙΙ
1872 2609 2013 2646 Ennius

307 2690 315 2697 .
332 2689 363 2697 ..
385 2672 465 2696 sese
491 2672 557 2697 om.
577 2660 611 2695 Τ
624 2662 637 2705 ΙΙ
657 2664 676 2696 ’1
703 2661 741 2695 in
767 2659 881 2695 sacris
907 2660 1020 2695 etiam
1043 2660 1077 2695 T
1092 2662 1104 2707 ΙΙ
1123 2661 1292 2696 conuelle
1318 2660 1358 2695 F
1374 2662 1386 2707 fl
1406 2665 1426 2695 9
1452 2661 1546 2694 bene
1573 2660 1663 2695 satis
1688 2659 1727 2694 in
1753 2657 2017 2694 adhortatione

383 2709 469 2744 ideo
495 2720 570 2744 non
594 2708 687 2743 dicit
711 2719 796 2743 cum
820 2708 961 2742 iussero
989 2708 1054 2743 sed
1081 2719 1165 2743 cum
1190 2709 1242 2743 dii
1267 2708 1456 2744 noluerint
1478 2708 1560 2743 hab.
1579 2707 1612 2741 T
1628 2707 1641 2751 ΙΙ
1661 2710 1702 2741 11
1730 2704 1957 2741 diuusserint
1975 2703 2017 2740 F

307 2756 386 2791 divi
421 2755 598 2791 iusserint
621 2756 760 2791 Daniel
790 2756 803 2802 ΙΙ
843 2759 884 2790 12
916 2756 966 2790 ad
998 2768 1117 2790 soc1os
1142 2768 1166 2790 1.
1194 2768 1224 2790 c.
1251 2767 1278 2791 s.
1305 2767 1335 2792 v.
1364 2767 1404 2790 εΝ
1430 2766 1493 2790 ma
1523 2754 1601 2789 diin
1634 2754 1728 2788 dixit
1758 2764 1826 2799 pro
1858 2763 2014 2797 corpora

308 2803 491 2840 sociorum
521 2803 554 2837 T
569 2804 582 2848 ΙΙ
602 2807 645 2837 13
673 2802 836 2848 endyadi
860 2802 898 2837 in
923 2802 964 2837 F
999 2803 1149 2837 endiadi
1174 2804 1212 2837 in
1237 2803 1270 2838 G
1288 2805 1300 2850 ΙΙ
1321 2807 1363 2838 16
1390 2803 1543 2847 propter
1569 2802 1734 2837 ‘centum
1761 2827 1768 2834 .
1790 2828 1798 2835 .
1820 2827 1827 2835 .
1854 2799 2009 2834 circum’

308 2852 480 2887 Serviani
505 2850 593 2886 libri
610 2851 622 2896 11
644 2854 686 2885 17
713 2849 920 2895 pallinurus
946 2849 986 2884 F
1002 2850 1013 2896 ΙΙ
1040 2853 1083 2885 18
1110 2851 1237 2886 saltim
1262 2851 1302 2886 F
1318 2853 1329 2897 ΙΙ
1357 2854 1399 2885 19
1427 2852 1466 2885 et
1490 2850 1584 2884 bene
1610 2847 1820 2884 acherontis
1844 2846 1899 2882 ait
1924 2845 2014 2891 quia

307 2898 344 2934 R
362 2900 375 2944 ΙΙ
394 2898 606 2934 acherontis
631 2897 682 2932 M
703 2898 715 2944 ΙΙ
751 2901 796 2933 22
822 2898 872 2933 ad
896 2908 929 2933 v.
956 2901 1002 2932 24
1026 2899 1068 2932 in
1093 2909 1205 2943 mary.
1231 2900 1366 2933 notant
1390 2896 1518 2932 cretici
1542 2896 1676 2932 uitiose
1701 2894 1865 2940 positum
1890 2904 1913 2928 a
1936 2893 2012 2928 uir-

308 2945 401 2991 gilio
426 2945 465 2980 in
490 2944 616 2980 media
641 2945 806 2981 oratione
830 2945 883 2980 ite
908 2944 964 2979 ait
991 2944 1025 2979 T
1059 2946 1071 2990 ΙΙ
1109 2946 1236 2981 cretici
1261 2946 1302 2980 F
1336 2947 1347 2992 ΙΙ
1384 2949 1430 2980 24
1462 2942 1679 2988 succendat]
1712 2940 1939 2977 succendant
1963 2940 2012 2976 F.

307 2993 490 3028 Homerus
517 2993 584 3037 (Il.
610 2992 628 3027 Ι
654 2993 690 3037 3)
718 2991 902 3038 ἰφθίμους
926 2989 1053 3037 ψυχάς
1078 2994 1162 3028 add.
1189 2993 1390 3028 Fabricius
1408 2994 1420 3037 ΙΙ
1438 2993 1489 3027 ad
1512 3002 1641 3026 Amms
1666 3003 1698 3030 Q.
1720 3001 1748 3023 s.
1768 3001 1800 3024 n.
1825 2999 1853 3024 s.
1874 2999 1906 3024 v.
1934 2987 2012 3023 ani-

309 3052 388 3076 mas
411 3039 520 3086 ponit
545 3051 611 3084 pro
638 3039 864 3085 corporibus.
908 3039 947 3075 in
973 3050 1046 3084 quo
1074 3042 1130 3075 est
1155 3041 1269 3076 etiam
1293 3051 1432 3075 nouum
1459 3038 1558 3083 quod
1583 3037 1742 3083 patriam
1769 3047 1837 3081 pro
1861 3035 2012 3082 regione

309 3088 437 3134 posuit
461 3087 523 3122 uel
547 3087 647 3122 terra
682 3098 766 3123 cum
797 3085 922 3133 patria
947 3086 996 3122 sit
1021 3086 1154 3123 ciuitas
1180 3089 1222 3123 ut
1246 3099 1320 3123 non
1345 3086 1457 3122 nullis
1481 3085 1624 3120 idoneis
1650 3084 1776 3129 placet
1801 3082 2014 3119 auctoribus

309 3135 372 3171 uel
396 3136 504 3171 urbes
532 3135 569 3181 (l.
595 3134 698 3179 urbs)
724 3136 919 3180 parentum
949 3134 982 3169 T
1005 3135 1016 3180 ΙΙ
1048 3138 1091 3169 25
1118 3146 1145 3170 s.
1171 3147 1204 3171 v.
1231 3138 1276 3170 25
1303 3135 1485 3180 eliganter
1509 3134 1548 3167 et
1573 3131 1733 3167 oratorie
1762 3160 1767 3166 .
1791 3159 1798 3166 .
1821 3160 1828 3167 .
1856 3131 1895 3166 et
1918 3130 2012 3165 bene

308 3183 471 3229 patriam
501 3182 609 3228 quasi
638 3181 812 3217 fiduciam
842 3182 949 3228 gerat
973 3181 1080 3227 quasi
1105 3181 1249 3218 uicerit.
1295 3185 1334 3218 et
1357 3181 1462 3217 uelut
1487 3180 1574 3215 dum
1599 3180 1771 3214 hortatur
1796 3177 2014 3224 epitaphion

309 3230 402 3266 facit
429 3230 463 3265 T
486 3231 500 3276 ΙΙ
531 3230 570 3266 et
593 3230 664 3264 hoc
690 3229 739 3273 F,
763 3230 976 3275 transposui
1002 3230 1014 3275 11
1044 3233 1090 3264 26
1116 3231 1173 3265 est
1197 3241 1264 3266 om.
1288 3230 1322 3264 T
