2124 3600
650 238 802 275 COMM.
827 238 880 274 IN
906 237 1051 273 VERG.
1078 238 1188 274 AEN.
1216 238 1267 273 Vl
1295 242 1350 273 14.
1833 239 1855 280 7

142 349 290 392 Icarus
330 348 487 392 altiora
524 349 697 404 petens,
734 349 833 395 dum
870 348 983 402 eupit
1018 347 1121 390 caeli
1147 348 1383 401 portionem
1420 362 1665 403 coqnoscere,
1704 349 1857 404 pennis

145 420 250 463 solis
283 420 424 463 calore
455 420 677 476 resolutis,
708 419 820 462 mari
850 419 895 461 in
927 418 1042 474 quod
1073 418 1227 461 cecidit
1251 433 1410 461 nomen
1435 419 1624 462 Icarium
1651 420 1857 475 inposuit.

102 513 104 515 >
141 491 358 534 Daedalus
397 506 500 534 vero
538 492 681 547 primo
720 490 983 546 Sardiniam,
1022 492 1070 532 ut
1108 490 1213 532 dicit
1252 488 1506 546 Sallustius,
1547 494 1649 546 post
1686 491 1857 534 delatus

142 566 208 606 est
234 562 412 619 Cumas,
444 566 488 606 et
517 564 682 619 templo
712 562 912 621 Apollini
943 561 1118 605 condito
1149 562 1403 616 sacratisque
1433 563 1470 604 ei
1500 563 1582 606 alis
1613 564 1658 605 in
1689 563 1856 606 foribus

141 636 248 678 haec
293 635 496 677 universa
539 634 746 690 depinxit.
814 633 992 676 dicendo
1035 635 1180 676 autem
1224 632 1446 690 Vergilius
1498 633 1569 676 ‘ut
1612 634 1732 677 fama
1769 635 1856 678 est’

142 706 337 750 ostendit
367 705 669 762 requirendam
702 720 794 748 esse
827 705 1069 747 veritatem.
1130 719 1232 747 nam
1265 704 1434 748 Taurus
1471 706 1667 748 notarius
1698 705 1857 749 Minois

139 779 241 834 fuit,
278 792 405 834 quem
436 777 652 833 Pasiphae
693 777 874 832 amavit,
912 791 1010 819 cum
1042 791 1127 832 quo
1160 776 1207 818 in
1238 776 1365 820 domo
1397 776 1583 820 Daedali
1615 779 1857 821 concubuit.

140 853 184 892 et
215 850 317 905 quia
348 849 546 905 geminos
578 849 766 904 peperit,
797 862 931 890 unum
963 847 1014 890 de
1040 847 1187 890 Minoe
1220 850 1264 890 et
1296 848 1429 890 alium
1461 848 1511 890 de
1538 848 1700 905 Tauro,
1731 850 1858 892 enixa

139 935 232 963 esse
265 918 564 962 Minotaurum
604 919 782 974 dicitur,
821 918 935 974 quod
974 919 1018 960 et
1047 918 1141 972 ipse
1179 919 1311 973 paulo
1349 922 1451 974 post
1488 914 1680 963 ostendit
1710 921 1855 963 dicens

139 992 254 1047 <25>
289 992 605 1046 mixtumque
638 1003 810 1046 genus.
861 989 934 1032 sed
960 989 1172 1032 inclusum
1199 989 1439 1033 Daedalum
1466 992 1616 1048 regina
1642 993 1855 1048 corruptis

138 1063 350 1106 relaxavit
376 1062 641 1105 custodibus.
679 1061 754 1118 qui
782 1061 941 1104 amisso
968 1061 1014 1104 in
1040 1062 1151 1104 mari
1176 1061 1269 1104 filio
1288 1063 1388 1105 navi
1409 1063 1578 1105 delatus
1600 1066 1666 1106 est
1684 1063 1856 1121 Cumas,

139 1135 252 1191 quod
284 1138 322 1177 et
351 1134 493 1190 ipsum
525 1134 671 1189 tangit
709 1133 854 1175 dicens
887 1133 1002 1187 <19>
1034 1133 1308 1190 remigium
1349 1135 1568 1177 alarum:
1607 1135 1702 1178 alae
1741 1137 1855 1178 enim

139 1210 182 1249 et
219 1207 441 1250 volucrum
483 1207 583 1248 sunt
621 1208 663 1247 et
701 1205 897 1260 navium,
942 1207 990 1247 ut
1029 1204 1123 1259 <III
1156 1204 1271 1259 520>
1309 1206 1539 1248 velorum
1583 1206 1855 1262 pandimus

138 1279 260 1321 alas.
321 1277 589 1320 Phanodicus
619 1276 822 1319 Deliacon
852 1275 1092 1318 Daedalum
1114 1280 1286 1331 propter
1321 1278 1582 1332 supradictas
1613 1292 1760 1322 causas
1787 1280 1854 1332 fu-

131 1351 309 1405 9ientem
348 1362 493 1402 navem
530 1348 804 1391 conscendisse
839 1350 877 1390 ct
913 1360 1005 1390 cum
1041 1348 1305 1402 imminerent
1338 1350 1411 1403 qui
1447 1363 1538 1391 eum
1574 1351 1854 1406 sequebantur,

136 1421 357 1464 intendisse
379 1420 565 1475 pallium
595 1421 653 1462 ad
681 1420 965 1462 adiuvandum
995 1417 1133 1462 ventos
1164 1423 1202 1462 et
1229 1420 1288 1462 sie
1313 1420 1506 1463 evasisse:
1538 1421 1631 1464 illos
1661 1436 1752 1464 vero
1783 1424 1856 1477 qui

138 1492 452 1548 insequebantur
475 1505 654 1534 reversos
678 1491 893 1534 nuntiasse
914 1491 1065 1545 pinnis
1079 1491 1211 1553 sillum
1236 1492 1420 1534 evasisse.
1471 1492 1725 1536 Menecrates
1744 1493 1854 1537 Dae-

134 1565 278 1608 dalum
309 1564 437 1607 occiso
466 1563 659 1619 patruele
692 1563 827 1616 fratre
858 1561 1022 1605 Cretam
1051 1563 1203 1616 petisse
1240 1563 1356 1619 dicit,
1392 1563 1565 1606 Icarum
1600 1564 1738 1618 filium
1768 1567 1855 1609 cius

134 1636 186 1678 ab
228 1636 382 1679 Atticis
417 1635 589 1690 pulsum
632 1635 730 1678 dum
766 1637 933 1688 patrem
972 1634 1074 1688 petit
1114 1635 1340 1690 naufrayio
1375 1636 1550 1690 perisse,
1593 1637 1701 1679 unde
1743 1639 1854 1680 mari

135 1721 292 1751 nomen.
336 1708 508 1762 quidam
532 1707 640 1750 hunc
662 1706 918 1758 Daedalum,
943 1705 1178 1760 Eupalami
1201 1707 1355 1762 filium,
1387 1709 1475 1749 arte
1497 1707 1645 1759 fab-rili
1668 1709 1852 1762 nobilem,

135 1780 262 1822 occiso
286 1779 466 1834 Perdice,
497 1779 652 1822 sororis
675 1792 774 1821 suae
803 1778 911 1832 silio,
941 1791 1060 1832 quem
1084 1778 1217 1821 solum
1241 1778 1385 1821 habere
1414 1778 1615 1821 metuebat
1644 1781 1854 1823 aemulum

135 1851 243 1894 artis
279 1864 378 1894 suae
409 1876 463 1880 —
497 1865 598 1894 nam
628 1851 680 1893 ab
718 1850 790 1893 illo
821 1853 859 1892 et
894 1863 1016 1893 usum
1050 1863 1188 1893 serrae
1224 1850 1272 1892 de
1309 1864 1393 1893 osse
1429 1851 1622 1894 interiore
1649 1852 1781 1905 piscis
1817 1857 1855 1896 et

135 1923 337 1965 circinum
370 1926 542 1977 propter
583 1935 731 1964 nomen
773 1935 917 1964 suum:
961 1935 1063 1963 nam
1105 1921 1312 1976 aliquibus
1353 1921 1544 1966 Circinus
1582 1926 1753 1976 putatus
1796 1928 1854 1967 est

135 1995 386 2049 aqmellatus:
424 1994 502 2048 vel,
539 1997 588 2036 ut
623 1993 812 2047 quidam,
850 2006 1053 2047 orgyanum
1090 1994 1298 2035 inventum
1335 1995 1508 2036 tradunt
1540 2019 1590 2024 —
1628 1996 1852 2049 suyientem

138 2066 339 2109 invidiam
376 2067 433 2108 ad
466 2065 654 2108 Minoem
691 2065 871 2107 delatum
910 2063 1074 2107 Cretam
1106 2064 1335 2119 Pasiphaes
1371 2066 1516 2108 umoris
1552 2067 1640 2108 eius
1678 2067 1852 2120 nefandi

231 2259 252 2290 3
280 2253 495 2301 Sallustius]
523 2253 610 2290 hist.
637 2254 713 2289 114
738 2265 797 2299 ap.
825 2253 1002 2297 Dietsch.,
1029 2252 1063 2287 II
1084 2257 1104 2288 6
1130 2264 1190 2299 ap.
1211 2252 1324 2289 Kritz.
1345 2255 1358 2299 ΙΙ
1386 2258 1432 2290 20
1459 2254 1614 2300 quidam
1637 2256 1735 2292 hunc
1755 2255 1849 2292 Dae-

137 2302 264 2339 dalum
291 2313 320 2338 e.
350 2314 385 2347 q.
412 2302 456 2348 s.]
484 2302 528 2338 cf.
555 2301 691 2348 Hygin.
719 2301 794 2337 fab.
823 2305 886 2346 393
912 2301 996 2337 Isid.
1024 2300 1111 2336 XIX
1139 2305 1194 2346 19,
1221 2305 1260 2345 9;
1287 2302 1471 2348 mythogr.
1499 2303 1550 2337 ΙΙΙ
1578 2306 1609 2346 7,
1637 2307 1657 2338 3

134 2482 275 2517 terram
300 2480 449 2516 uolans:
475 2491 567 2525 quae
592 2492 616 2516 a
642 2480 786 2524 Servio,
819 2481 884 2526 qui
909 2481 1119 2516 Daedalum
1145 2492 1226 2517 cum
1252 2482 1364 2517 Icaro
1388 2482 1466 2525 filio
1491 2482 1534 2518 in
1559 2482 1767 2529 labyrintho
1793 2483 1848 2518 in-

134 2530 275 2565 clusum
299 2539 371 2564 esse
395 2529 587 2572 narravit,
612 2528 737 2564 aliena
761 2531 848 2564 sunt
867 2529 878 2574 ΙΙ
900 2533 917 2563 1
944 2527 1092 2564 icacaus
1120 2528 1154 2564 G
1172 2530 1184 2574 ΙΙ
1202 2527 1326 2574 pinnis
1353 2529 1440 2564 GH
1453 2531 1465 2575 ΙΙ
1484 2534 1505 2564 2
1532 2530 1663 2565 solutis
1689 2530 1725 2565 R
1743 2531 1756 2576 ΙΙ
1775 2541 1848 2574 quo

135 2576 210 2611 AS
234 2577 341 2621 (corr.
362 2576 399 2620 a)
419 2576 432 2620 u
450 2575 592 2611 icarum
618 2575 664 2619 G,
690 2587 782 2612 corr.
802 2575 941 2612 Daniel
959 2577 972 2621 ΙΙ
990 2575 1173 2622 inposuit]
1201 2575 1306 2612 dedit
1332 2577 1365 2612 G
1383 2578 1396 2620 ΙΙ
1415 2581 1437 2611 4
1462 2577 1691 2621 sacratisque
1718 2578 1753 2613 ei
1778 2577 1848 2612 alis

137 2624 219 2660 hab.
247 2623 346 2668 0116
372 2634 459 2659 nam
487 2651 493 2658 .
515 2651 523 2658 .
546 2650 553 2657 .
579 2623 668 2669 fuit]
698 2635 785 2659 nam
810 2625 940 2659 taurus
964 2623 1161 2659 familiaris
1186 2623 1247 2659 uel
1274 2624 1439 2660 notarius
1465 2624 1601 2660 minois
1625 2624 1699 2660 fuit
1723 2625 1784 2660 uel
1810 2627 1851 2660 ut

137 2670 204 2707 alii
230 2669 361 2706 dicunt
386 2670 565 2716 magister
589 2670 752 2706 militum
778 2669 914 2707 minois
934 2682 1044 2716 quem
1069 2671 1227 2717 pasiphe
1253 2683 1280 2708 e.
1301 2684 1332 2717 q.
1353 2683 1379 2707 s.
1401 2672 1440 2706 D
1458 2673 1471 2718 Η
1491 2676 1510 2708 7
1532 2684 1616 2707 cum
1637 2673 1727 2718 quo]
1756 2684 1850 2717 quae

76 2724 78 2726 ’
138 2730 221 2754 cum
250 2729 324 2763 quo
350 2717 424 2753 AS
441 2719 453 2763 ΙΙ
472 2729 555 2753 cum
581 2729 647 2754 om.
671 2719 701 2754 Ο
717 2719 729 2764 ΙΙ
747 2718 786 2754 in
812 2719 922 2754 domo
948 2730 1015 2754 om.
1037 2719 1070 2754 G
1088 2720 1100 2764 ss
1120 2724 1140 2755 8
1168 2720 1206 2754 et
1231 2722 1315 2754 ante
1341 2719 1455 2754 alium
1483 2730 1549 2756 om.
1571 2719 1645 2755 GC
1659 2722 1671 2765 ΙΙ
1691 2720 1851 2755 alterum

137 2766 172 2801 R
205 2766 218 2811 ΙΙ
249 2765 363 2802 alium
392 2764 437 2800 de
465 2765 603 2812 Tauro]
631 2765 734 2801 aliud
760 2778 779 2802 e
804 2767 912 2802 tauro
938 2766 984 2801 H
1009 2767 1022 2812 ΙΙ
1059 2771 1079 2802 9
1107 2768 1145 2802 et
1169 2766 1308 2821 om3H
1333 2768 1346 2812 ΙΙ
1386 2771 1428 2803 10
1458 2766 1642 2813 corruptis
1667 2767 1852 2803 relaxauit

136 2837 267 2881 regina
287 2836 365 2872 GC
380 2837 392 2881 ΙΙ
414 2840 454 2871 11
483 2836 684 2882 quiamisso
710 2836 794 2872 SM
827 2836 916 2882 quia
940 2837 1055 2873 misso
1082 2837 1154 2873 GR
1192 2825 1394 2873 qmamisso
1422 2838 1456 2873 G
1493 2837 1585 2883 quia
1609 2838 1743 2873 amisso
1768 2839 1813 2873 H
1839 2838 1849 2877 Υ

139 2895 238 2919 mare
259 2884 294 2920 G
319 2884 421 2919 mani
441 2884 482 2919 H
499 2885 512 2929 n
531 2885 675 2931 cumas]
698 2896 781 2920 cum
802 2885 835 2920 G
854 2886 866 2929 ΙΙ
887 2888 930 2919 12
951 2887 989 2920 et
1006 2885 1088 2920 hab.
1105 2885 1136 2921 G
1150 2887 1162 2931 ΙΙ
1181 2885 1379 2930 remigium
1399 2885 1449 2921 G:
1471 2885 1626 2931 remigio
1640 2885 1798 2921 ARSG
1804 2886 1854 2920 M

136 2931 251 2967 remio
276 2931 322 2966 H
341 2932 354 2977 ΙΙ
389 2935 431 2966 13
457 2931 627 2978 navium]
654 2932 822 2968 uelorum
849 2932 886 2967 R
909 2933 922 2978 11
949 2936 993 2967 14
1018 2931 1253 2968 Phanodicus
1279 2932 1459 2968 Deliacon
1486 2933 1710 2969 Masvicius:
1736 2944 1849 2978 pano-

137 2979 233 3014 ticos
266 2978 448 3014 deleacon
474 2978 515 3014 F
554 2978 750 3024 pauoticos
782 2979 913 3015 deleat}
942 2979 985 3015 G.
1030 2981 1076 3023 cf.
1102 2981 1209 3016 schol.
1235 2981 1406 3024 Apollon.
1433 2980 1550 3017 Rhod.
1572 2992 1612 3025 p.
1640 2984 1720 3023 316,
1750 2984 1791 3014 19
1818 2982 1851 3014 et

139 3030 221 3071 325,
242 3029 288 3061 34
309 3025 356 3062 K.
378 3027 390 3071 ΙΙ
409 3026 645 3072 supradictus
671 3037 783 3062 causa
809 3027 842 3062 G
862 3028 873 3073 ΙΙ
895 3030 938 3062 15
963 3026 1183 3064 inuenerent
1207 3028 1240 3063 G
1258 3030 1271 3073 u
1293 3032 1335 3063 16
1361 3027 1466 3064 uenti
1487 3028 1530 3064 G.
1561 3029 1645 3071 fort.
1667 3027 1820 3062 ventum
1839 3026 1849 3071 Ι;

142 3077 183 3109 17
210 3084 379 3109 reuersus
406 3074 440 3108 G
458 3075 470 3119 ΙΙ
489 3073 624 3109 dedalo
652 3073 743 3117 FG,
769 3085 860 3110 corr.
880 3074 1020 3110 Daniel
1037 3077 1049 3120 ΙΙ
1070 3079 1113 3111 18
1139 3075 1324 3121 patruelle
1350 3075 1390 3110 F
1406 3077 1418 3120 ΙΙ
1444 3079 1487 3111 19
1514 3086 1614 3110 mare
1642 3074 1731 3116 FG,
1757 3084 1848 3109 corr.

138 3119 277 3156 Daniel
294 3122 307 3165 ΙΙ
331 3124 377 3156 20
402 3121 499 3156 hanc
525 3120 688 3156 didalam
715 3121 749 3157 G
767 3122 780 3167 ΙΙ
798 3121 932 3158 fabrile
959 3123 992 3157 G
1010 3123 1023 3168 ΙΙ
1052 3127 1095 3158 21
1122 3124 1206 3166 fort.
1234 3122 1357 3158 occiso
1383 3123 1492 3167 Tam,
1520 3121 1684 3157 Perdicis
1710 3120 1848 3155 sororis

141 3179 230 3203 suae
256 3167 334 3203 filio
359 3168 405 3211 cf.
429 3167 569 3204 Preller
592 3169 722 3214 yriech.
749 3170 894 3215 mythol.
921 3168 971 3204 11²
993 3182 1031 3215 p.
1054 3174 1122 3205 500
1149 3171 1271 3205 adnot.
1293 3175 1313 3204 3
1334 3171 1346 3215 ΙΙ
1365 3174 1409 3205 23
1436 3171 1591 3215 putatur
1617 3180 1695 3203 esse
1721 3167 1848 3214 appel-

142 3214 242 3249 latus
267 3215 360 3250 coni.
387 3215 563 3260 Haqenus
586 3218 599 3261 ΙΙ
628 3220 671 3251 25
699 3216 886 3252 minoeum
912 3217 946 3252 G
963 3218 976 3262 ΙΙ
1000 3216 1180 3262 pasiphae
1207 3216 1248 3252 F
1282 3216 1457 3262 passiphe
1484 3217 1517 3251 G

1884 1001 1928 1032 10

1883 1358 1926 1389 15

1879 1717 1924 1748 20

1876 2074 1920 2106 25
