2092 3614
502 276 654 313 COMM.
680 275 732 312 IN
758 273 902 311 VERG.
928 273 1040 310 AEN.
1067 273 1154 311 VIII
1179 276 1379 309 sos—524.
1691 269 1777 312 273

190 388 288 431 517.
337 400 544 431 MIRETVR
587 387 799 429 imitetur:
848 383 1047 427 Lucanus
1091 382 1183 439 <ΙΧ
1223 382 1337 436 807>
1382 382 1783 435 miratoremque

72 459 308 515 Catonis,
338 461 386 502 iel
414 463 472 502 est
500 459 768 502 imitatorem:
801 456 967 512 optima
999 455 1112 498 enim
1144 453 1320 509 ingenia
1350 468 1524 496 necesse
1557 455 1623 495 est
1653 454 1702 494 ut
1734 466 1785 494 ea

74 547 184 588 quae
215 531 447 587 mirantur,
478 531 715 572 imitentur.

191 603 289 645 519.
339 614 426 645 SVO
466 613 647 645 NOMINE
686 601 795 643 bene
835 600 879 641 in
919 599 1119 641 omnibus
1162 598 1239 640 filii
1285 574 1473 653 gratiam
1517 595 1639 637 facit:
1683 610 1784 636 nam

74 675 199 717 dicit:
242 674 318 716 dat
347 674 429 716 tibi
461 674 605 716 Pallas
639 672 798 714 milites
831 671 1036 713 ducentos
1070 684 1147 712 suo
1179 669 1372 723 nomine,
1403 668 1496 722 ipse
1528 681 1628 709 vero
1661 682 1687 708 a
1717 681 1786 708 me
1813 675 1833 705 5

73 747 257 801 accipiet
300 746 520 788 ducentos.
640 761 713 787 svo
743 744 910 795 NOMINE]
956 740 1146 784 ²¹‘maluit
1187 741 1298 783 enim
1340 753 1493 781 munus
1533 752 1653 780 suum
1696 752 1788 779 eum

67 831 246 872 persona
277 818 365 858 eius
395 817 590 871 dividere,
620 828 746 869 quam
775 827 849 855 suo
879 813 1046 855 nomine
1077 815 1204 854 totum
1235 813 1344 854 clare.
1359 812 1383 836 '³‘

192 889 291 931 520.
341 905 558 935 DEFIXIQVE
582 904 652 930 οιιΑ
682 902 888 929 TENEBANT
915 887 990 926 aut
1014 884 1208 939 tacebant,
1234 886 1281 925 ut
1306 883 1560 936 tenuitque
1584 881 1789 923 inhians

74 962 175 1003 tria
206 960 443 1003 Cerberus
473 973 583 1001 ora:
614 961 690 1000 aut
718 957 942 1011 stupebant.

193 1031 291 1074 522.
342 1042 495 1073 TRISTI
536 1041 629 1073 CVM
671 1040 827 1072 CORDE
872 1029 1051 1082 propter
1094 1027 1352 1069 brevitatem
1397 1026 1666 1068 auxiliorum.
1815 1035 1859 1066 10

73 1120 281 1147 PVTABANT
307 1104 445 1157 ffiyura
468 1115 547 1156 per
577 1105 780 1155 tempora:
820 1097 1061 1153 ‘putabant’
1095 1099 1216 1152 quasi
1238 1101 1474 1153 putassent,
1510 1097 1596 1139 nisi
1625 1098 1790 1151 sianum

75 1175 258 1217 (ledisset.
306 1177 382 1216 aut
405 1177 507 1215 certe
532 1171 774 1226 ‘putabant’
807 1170 1060 1225 eoyitabant:
1092 1171 1200 1211 unde
1224 1173 1262 1211 et
1284 1169 1449 1212 arbores
1475 1169 1621 1223 putari
1650 1169 1789 1210 (licim-

75 1249 159 1297 tur,
190 1246 289 1299 quia
319 1246 392 1287 diu
423 1245 688 1295 deliberatur,
719 1243 822 1298 quid
843 1243 901 1284 eis
925 1242 1058 1284 adimi
1088 1241 1244 1297 debeat,
1275 1242 1377 1295 quicl
1404 1241 1596 1294 relinqui.
1642 1243 1791 1294 putare

74 1320 132 1358 est
161 1320 199 1358 et
228 1317 452 1358 (liseernere
481 1318 520 1357 et
549 1315 595 1357 in
618 1318 762 1369 partes
792 1315 986 1368 rediyere,
1017 1313 1112 1355 inde
1142 1313 1362 1366 disputare.

195 1387 294 1430 523.
345 1398 493 1430 CAELO
514 1398 694 1428 APERTO
721 1400 886 1441 sereno,
911 1387 960 1426 ut
986 1386 1036 1426 et
1062 1387 1241 1440 aperta
1267 1399 1448 1427 serena
1473 1384 1788 1440 prospicere.
1818 1393 1861 1425 15

76 1461 102 1513 †
116 1460 162 1501 in
192 1473 236 1501 eo
267 1462 326 1501 est
354 1460 465 1501 enim
494 1459 603 1512 quod
631 1458 775 1512 aperti.

195 1530 293 1573 524.
342 1542 592 1573 INPROVISO
623 1529 792 1571 nullum
825 1529 939 1570 enim
973 1528 1179 1570 indicium
1211 1530 1508 1583 praecesserat
1539 1528 1732 1571 nubium.

84 1619 274 1646 rmnarvs
303 1603 524 1656 proprium
563 1601 734 1643 telorum
771 1601 828 1642 acl
860 1600 1062 1654 sulqorem
1100 1600 1323 1642 transtulit.
1445 1611 1631 1642 FVLGOR
1661 1600 1707 1642 icl
1735 1603 1794 1641 est

79 1674 279 1729 fulgetra.
341 1677 379 1714 et
414 1673 497 1715 tria
536 1686 687 1726 yenera
727 1672 905 1726 fulyoris
940 1686 1023 1714 esse
1061 1673 1274 1731 dicuntur:
1319 1685 1451 1714 unum
1495 1671 1792 1726 consiliarium,

76 1746 148 1787 ubi
184 1746 285 1799 quid
321 1745 590 1798 eoyitantibus
626 1744 742 1787 nobis
778 1744 944 1799 accidit,
980 1745 1089 1797 quod
1116 1747 1225 1786 vetat
1253 1747 1329 1785 aut
1364 1743 1574 1794 hortatum
1615 1743 1791 1785 alterum
1819 1751 1863 1782 20

77 1816 353 1871 auctoritatis,
383 1816 492 1869 quod
521 1816 651 1858 evenit
679 1829 723 1857 re
749 1818 880 1869 qesta,
912 1816 1021 1869 quod
1041 1815 1205 1869 probe&
1238 1815 1403 1857 tertium
1434 1818 1588 1857 statum
1619 1818 1692 1870 est,
1723 1815 1794 1856 ubi

78 1902 150 1930 nee
187 1888 281 1929 novi
317 1888 535 1941 quiequam
569 1887 769 1941 yessimus
805 1900 877 1929 nee
912 1888 1153 1942 eoyitamus,
1196 1888 1266 1929 sed
1299 1887 1447 1941 quietis
1486 1887 1638 1928 nostris
1676 1887 1794 1929 rebus

175 2021 196 2052 8
222 2015 435 2063 tenuitque]
462 2027 589 2062 georg.
617 2016 668 2051 IV
693 2019 762 2051 483
800 2017 811 2062 ΙΙ
852 2020 893 2051 12
922 2017 987 2051 aut
1013 2017 1112 2051 certe
1140 2043 1147 2051 .
1170 2044 1177 2051 .
1200 2043 1208 2050 .
1234 2016 1411 2061 relinqui]
1447 2016 1492 2051 cf.
1520 2015 1612 2051 Don.
1639 2016 1687 2050 ad
1712 2015 1791 2050 Ter.

79 2065 137 2101 ad.
166 2065 197 2099 V
223 2069 256 2108 3,
280 2067 322 2098 10
349 2066 388 2099 et
412 2076 494 2099 eun.
521 2064 571 2099 IV
594 2068 626 2109 7,
648 2067 704 2100 43.
744 2064 838 2099 Non.
865 2075 901 2109 p.
921 2067 1001 2108 369,
1025 2068 1067 2099 17
1090 2064 1137 2098 Μ.
1158 2065 1168 2110 ΙΙ
1190 2068 1232 2098 15
1261 2066 1298 2099 et
1323 2063 1470 2109 aperta]
1497 2075 1623 2109 georg.
1652 2063 1666 2097 I
1693 2068 1761 2098 393
1783 2064 1792 2108 ζξ

85 2117 127 2147 19
156 2114 194 2147 et
218 2111 292 2147 tria
317 2122 454 2156 genera
480 2123 510 2147 e.
537 2124 571 2156 q.
599 2111 644 2158 s.]
672 2111 717 2147 cf.
745 2111 828 2147 Sen.
856 2114 998 2156 quaest.
1026 2113 1100 2147 nat.
1130 2112 1161 2146 ΙΙ
1188 2116 1232 2147 39

183 2224 199 2254 1
227 2220 399 2255 Lucanus
424 2247 431 2255 .
455 2246 463 2254 .
485 2246 493 2254 .
519 2218 713 2254 imitentur
738 2229 804 2253 om.
831 2218 869 2254 R
899 2220 911 2264 ΙΙ
941 2218 1248 2274 miratoremque]
1275 2218 1578 2262 imitatoremque
1604 2219 1650 2253 H
1683 2218 1792 2253 miia-

79 2267 231 2312 torique
251 2267 429 2303 Lucanus
448 2268 460 2313 ΙΙ
479 2270 500 2301 2
528 2266 646 2322 optim
673 2267 830 2312 (optimo
851 2267 876 2311 l)
904 2266 1002 2301 enim
1027 2266 1178 2312 ingenio
1205 2267 1240 2301 L
1259 2268 1270 2313 ΙΙ
1290 2271 1310 2301 3
1336 2265 1518 2301 mirentur
1544 2265 1584 2300 F
1599 2268 1610 2312 ΙΙ
1630 2269 1651 2300 4
1679 2266 1794 2301 faciat

83 2328 128 2350 m·
123 2315 218 2350 uuit
250 2315 347 2350 enim
375 2342 382 2350 .
410 2342 418 2350 .
445 2343 452 2351 .
480 2314 568 2350 dare
599 2325 761 2359 namque
793 2314 886 2349 dicit
910 2314 956 2349 F.
1000 2315 1050 2350 acl
1079 2325 1111 2349 v.
1138 2318 1206 2349 519
1239 2312 1373 2349 maluit-
1404 2326 1511 2348 suum
1543 2325 1676 2348 munus
1710 2325 1793 2348 cum

82 2373 242 2407 persona
268 2363 375 2408 (adele
400 2361 481 2406 filii)
507 2360 674 2397 diuidere
707 2372 819 2406 quam
845 2361 916 2396 sibi
941 2362 1064 2397 totum
1091 2361 1310 2407 arroganter
1336 2361 1425 2396 dare
1456 2361 1489 2395 T
1523 2362 1534 2407 ΙΙ
1570 2361 1673 2407 nam]
1707 2373 1793 2396 naui

84 2410 155 2445 hoc
181 2422 204 2445 a
223 2412 234 2456 ΙΙ
254 2413 274 2444 5
302 2410 480 2445 ducentes
506 2409 549 2444 H
564 2410 616 2454 116
643 2409 804 2454 accipiet
823 2409 1056 2444 ASRLM:
1083 2409 1270 2455 accipient
1294 2409 1340 2444 H
1373 2408 1538 2453 accipiat
1557 2408 1597 2443 Γ
1632 2408 1792 2454 accipies

89 2457 289 2493 Vossianus
312 2458 528 2493 Burmanni
546 2458 558 2503 ΙΙ
586 2461 606 2491 9
635 2456 823 2503 cerberus]
850 2468 953 2492 cerus
980 2457 1020 2491 Γ
1035 2458 1047 2502 ΙΙ
1073 2469 1120 2492 au
1147 2457 1348 2502 stupebant
1373 2456 1413 2490 Γ
1429 2457 1440 2501 Η
1472 2460 1511 2490 11
1540 2457 1590 2491 acl
1614 2468 1795 2492 ινιΑιιΑΝι

85 2505 126 2539 in
144 2516 259 2549 marg).
285 2505 405 2550 figura
425 2505 483 2539 est
507 2515 574 2550 per
598 2505 770 2549 tempora
795 2505 902 2549 quasi
928 2505 1124 2549 putassent
1149 2507 1216 2539 aut
1235 2505 1334 2539 certe
1355 2504 1540 2549 putabant
1566 2503 1793 2549 cogitabant.

86 2553 182 2587 unde
209 2552 333 2598 putari
359 2553 508 2587 arbores
534 2552 710 2587 dicuntur
735 2551 823 2596 quia
847 2551 910 2586 diu
937 2551 1167 2587 deliberatur
1193 2551 1284 2596 quid
1304 2551 1357 2586 eis
1377 2551 1493 2586 adimi
1519 2551 1610 2595 quid
1635 2551 1795 2595 relinqui

85 2599 229 2635 debeat.
281 2600 372 2635 item
409 2602 540 2645 putare
579 2599 787 2634 discernere
827 2599 865 2633 et
902 2599 940 2634 in
979 2601 1104 2645 partes
1142 2599 1312 2644 redigere
1350 2598 1436 2633 inde
1475 2598 1683 2634 discernere
1719 2600 1751 2633 T
1786 2600 1794 2645 Η

89 2651 131 2682 14
157 2647 336 2692 impartes
356 2646 396 2681 F
411 2649 424 2692 ΙΙ
445 2650 488 2681 15
514 2646 681 2691 aspicere
700 2646 736 2680 R
755 2648 767 2692 ΙΙ
790 2650 831 2682 16
852 2650 938 2691 post
963 2646 1082 2692 aperti
1110 2648 1280 2682 lacunam
1305 2647 1485 2681 indicavit
1505 2646 1652 2681 Daniel.
1687 2646 1725 2680 in
1752 2657 1795 2681 eo

20 2727 21 2730 ,
89 2695 147 2729 est
173 2695 270 2730 enim
296 2693 385 2739 quid
411 2694 531 2739 aperti
553 2694 769 2729 Masvieius.
795 2695 881 2738 fort.
902 2695 941 2729 et
965 2693 1003 2729 in
1030 2705 1072 2729 eo
1099 2695 1156 2730 est
1181 2705 1288 2730 omen
1315 2693 1415 2739 quod
1439 2696 1570 2739 aperto
1598 2694 1700 2729 caelo
1726 2694 1795 2728 ful-

86 2753 156 2787 gur
181 2741 356 2778 mittitur.
390 2742 436 2784 ef.
463 2741 562 2777 Serv.
591 2742 640 2777 acl
664 2752 782 2786 yeory.
808 2742 823 2775 1
848 2745 916 2777 487
944 2743 955 2787 ss
989 2745 1030 2777 19
1056 2741 1198 2787 fulgori
1223 2741 1273 2785 F,
1299 2741 1451 2776 correxi.
1484 2741 1633 2786 fulgora
1657 2742 1796 2776 Daniel

88 2790 238 2835 fulgura
265 2789 505 2824 C'ommelinus
535 2790 546 2835 ΙΙ
583 2789 632 2824 ad
657 2799 688 2824 v.
716 2792 785 2823 524
816 2789 858 2824 in
882 2800 995 2834 marq.
1023 2789 1198 2835 (vibrare)
1224 2790 1282 2824 est
1305 2788 1455 2834 proprie
1481 2800 1715 2824 commouere
1743 2789 1797 2834 (et

86 2838 284 2881 tor)quere.
334 2836 521 2872 interdum
553 2835 697 2881 fulgere
725 2837 789 2881 (et)
817 2836 1010 2881 splendere
1043 2836 1239 2882 significat.
1291 2838 1330 2871 et
1360 2836 1459 2880 quod
1485 2837 1706 2882 (pr0)piium
1740 2838 1797 2871 est

70 2902 74 2906 .
656 2892 674 2910 V

86 2919 245 2954 telorum
278 2918 472 2955 transtulit
498 2919 546 2954 ad
571 2918 695 2964 fulgor
724 2919 766 2953 T.
801 2930 894 2964 quae
918 2919 1053 2954 inclusi
1076 2930 1199 2955 umore
1223 2920 1339 2954 deleta
1362 2922 1448 2954 sunt
1480 2920 1491 2965 Η
1529 2919 1578 2953 ael
1602 2930 1633 2954 v.
1661 2922 1731 2953 524
1755 2919 1797 2953 in

87 2977 201 3011 mary.
227 2977 347 3012 super.
379 2966 453 3002 tria
485 2977 622 3012 genera
653 2977 731 3001 esse
764 2966 937 3002 dicuntur
967 2966 1142 3012 fulguris:
1181 2979 1294 3002 unum
1325 2965 1578 3001 consiliarium
1611 2966 1675 3001 ubi
1707 2966 1795 3010 quid

90 3013 343 3059 cogitantibus
375 3014 481 3049 nobis
516 3014 654 3049 accidit
685 3014 783 3059 quod
814 3015 879 3049 aut
909 3015 1016 3050 uetat
1046 3016 1112 3050 aut
1142 3014 1325 3049 hortatur.
1376 3013 1533 3048 alterum
1560 3013 1796 3049 auctoritatis

90 3061 188 3115 quod
221 3062 347 3097 euenit
375 3073 414 3097 re
440 3063 548 3107 gesta
574 3063 612 3097 et
636 3061 738 3107 quod
762 3061 906 3106 probat.
956 3062 1108 3097 tertium
1142 3063 1200 3097 est
1229 3062 1368 3096 statum
1401 3060 1465 3095 ubi
1496 3072 1564 3096 nec
1596 3062 1797 3105 quicquam

92 3108 179 3143 noui
212 3109 374 3152 gerimus
405 3110 470 3143 aut
501 3109 709 3154 cogitamus
741 3109 807 3144 sed
838 3109 983 3153 quietis
1006 3109 1142 3145 nostris
1174 3110 1284 3144 rebus
1314 3107 1464 3143 utimur.
1515 3108 1579 3143 sed
1604 3109 1697 3143 haec
1724 3108 1823 3143 duo.

90 3165 163 3188 non
189 3155 379 3200 pertinent
408 3157 456 3192 ad
489 3158 723 3202 praesentem
755 3157 878 3191 locum
910 3157 1069 3202 primum
1103 3168 1191 3192 ucro
1219 3166 1380 3201 congrue
1406 3156 1621 3200 adiungitur
1646 3153 1734 3199 quia
1759 3155 1798 3187 et

95 3211 228 3236 aeneas
253 3203 299 3237 de
323 3203 509 3239 breuitate
534 3204 663 3239 auxilii
689 3204 833 3249 cogitat
857 3206 896 3239 et
921 3204 973 3239 sic
997 3205 1125 3250 fulgur
1142 3203 1283 3239 factum
1307 3204 1375 3248 (sic
1393 3214 1438 3238 ex
1457 3203 1591 3247 factus)
1617 3204 1673 3236 est
1698 3200 1798 3245 quod

94 3259 178 3283 eum
204 3249 374 3284 hortetur
398 3261 445 3285 ne
470 3251 516 3286 de
542 3250 727 3286 inbecillis
735 3233 928 3287 ”subsidiis
955 3252 1128 3297 desperet
1158 3251 1189 3285 T
1215 3253 1227 3296 ΙΙ
1258 3254 1303 3285 20
1329 3250 1474 3286 accedit
1500 3249 1540 3283 F

164 3314 199 3340 Se
185 3314 262 3340 ervii
280 3322 386 3342 comm.
405 3315 473 3342 Vol.
491 3316 533 3342 11.
553 3316 685 3342 Fase.1.
1470 3312 1512 3342 18
