2092 3614
542 247 693 284 COMM.
718 247 772 283 IN
796 247 940 284 VERG.
966 247 1078 284 AEN.
1105 249 1157 284 IX
1183 219 1383 286 631—645.
1728 250 1812 293 367

106 355 366 397 variarum
397 359 435 398 et
464 356 554 411 <IX
574 357 660 412 26>
691 358 826 400 dives
849 358 1012 412 pictai
1041 359 1193 401 vestis
1223 362 1267 401 et
1295 360 1423 401 auri.
1472 360 1569 402 item
1600 374 1692 403 cum
1722 364 1820 404 vete-

107 439 172 468 res
201 426 384 469 natalem
415 428 522 469 diem
547 428 607 470 vel
633 428 763 471 locum
788 429 849 471 vel
874 432 1031 483 tempus
1054 429 1248 485 dicerent,
1279 434 1326 472 ut
1349 430 1556 474 Horatius
1579 432 1820 475 natalem-

105 511 193 551 que
233 511 394 541 mares
436 498 595 542 Delon
637 500 899 554 Apollinis
941 503 979 542 et
1021 499 1203 542 Plautus
1245 501 1293 542 in
1335 501 1536 545 Pseudolo
1574 503 1623 558 <Ι
1655 504 1701 559 2,
1731 504 1819 559 46>

105 569 323 611 natalem
359 569 486 613 hunc
523 571 644 613 mihi
680 572 806 614 diem
846 572 991 615 scitis
1028 585 1146 624 esse,
1185 572 1389 627 Veryilius
1425 572 1490 615 his
1521 575 1683 617 omissis
1714 576 1823 618 dixit

108 639 349 694 Phyllida
387 643 525 684 mitte
561 642 700 694 mibi,
736 656 867 685 meus
904 646 975 685 est
1009 643 1220 699 natalis,
1257 643 1404 686 Iolla.
1467 658 1558 698 eryo
1589 649 1627 687 et
1656 646 1721 688 liic
1758 646 1821 688 ita
1846 656 1867 687 5

105 711 311 754 subtraxit
321 726 335 762 ‚·
366 726 466 754 nam
497 714 702 767 inteyrum
733 716 792 755 est
822 712 972 756 ‘macte
1002 717 1083 756 esto
1114 728 1221 756 nova
1250 715 1400 757 virtute
1423 715 1563 767 puer'.
1620 717 1819 760 ‘mactus'

105 786 241 825 autem
265 785 379 842 apud
400 787 545 826 veteres
570 785 695 826 etiam
721 783 954 827 ‘mactatus'
981 785 1206 841 dicebatur,
1236 788 1285 827 ut
1307 786 1479 828 Ennius
1506 787 1679 830 Livius
1709 789 1821 831 inde

105 855 236 896 redit
271 869 454 916 mayno·
482 859 728 898 mactatus
765 856 1025 910 triumpho.
1086 860 1124 899 et
1152 857 1342 900 Lucilius
1373 857 1440 900 lib.
1479 875 1511 900 V.
1542 863 1711 915 macte,
1741 860 1820 902 in-

103 939 265 981 quam,
307 927 492 969 virtute
534 927 779 981 simulque
821 927 900 971 his
941 928 1166 971 versibus
1208 932 1324 981 estc,
1363 932 1402 971 et
1435 930 1482 971 in
1510 931 1821 984 pontificalibus

104 998 383 1051 sacrificantes
418 998 605 1040 dicebant
638 999 709 1041 deo
749 1002 904 1042 macte
945 999 1030 1042 boc
1071 1000 1185 1042 vino
1228 1000 1414 1053 inferio
1457 1005 1569 1044 esto.
1691 1014 1820 1045 NOVA
1847 1014 1890 1045 10

103 1080 305 1110 VIRTVTE
338 1071 413 1111 aut
444 1083 603 1125 magna
634 1074 672 1112 et
700 1071 830 1126 mira,
867 1073 917 1113 ut
947 1071 1115 1114 Pollio
1155 1073 1206 1113 et
1242 1072 1354 1127 ipse
1385 1072 1516 1115 facit
1546 1088 1678 1116 nova
1710 1088 1817 1116 car-

96 1139 258 1200 ·mina:
292 1143 367 1182 aut
399 1156 446 1183 re
478 1155 579 1183 vera
611 1141 767 1198 ε1101133,
799 1144 845 1186 id
873 1147 931 1186 est
959 1145 1073 1198 rudi,
1106 1146 1317 1199 quantum
1350 1144 1404 1186 ad
1437 1145 1610 1187 bellum.

63 1199 65 1201 ¹
225 1212 322 1255 639.
373 1224 447 1255 DIS
481 1223 656 1255 GENITE
688 1217 865 1269 propter
890 1214 1116 1258 Venerem.
1219 1227 1459 1258 GENITVRE
1486 1228 1607 1259 DEOS
1639 1219 1816 1273 propter

103 1282 263 1326 Iulium
297 1282 526 1326 Caesarem
560 1286 603 1326 et
632 1286 893 1341 Augustum.
1007 1299 1116 1330 IVRE
1147 1287 1316 1329 merito.

222 1355 320 1397 640.
372 1366 528 1398 GENTE
555 1368 639 1399 SVB
665 1368 890 1399 ASSARAGI
922 1358 1001 1400 sub
1029 1361 1156 1414 gente
1182 1358 1398 1401 Romana:
1432 1358 1673 1402 Assaracus
1703 1360 1816 1403 enim
1845 1373 1888 1404 15

102 1429 228 1482 pater
266 1429 332 1469 est
364 1426 555 1483 Capyos,
594 1443 699 1471 avus
732 1428 963 1472 Anchisae.
1085 1441 1204 1472 FATO
1237 1442 1458 1472 VENTVRA
1496 1445 1673 1487 magna:
1710 1431 1818 1475 haec

103 1498 218 1540 enim
250 1498 367 1541 bella
398 1501 500 1541 sunt
530 1500 697 1555 gravia,
730 1515 840 1555 quae
872 1500 999 1543 fatali
1031 1501 1200 1544 ratione
1232 1501 1511 1558 contingunt,
1550 1505 1598 1544 ut
1629 1502 1818 1546 Troiana

102 1572 145 1612 et
178 1570 396 1613 Thebana.
517 1588 713 1614 REsmENr
741 1572 1009 1628 sedabuntur,
1047 1576 1094 1615 ut
1125 1576 1397 1627 tempestatem
1426 1574 1602 1616 residere
1632 1575 1817 1618 dicimus.

222 1642 318 1684 641.
368 1653 460 1685 NEC
489 1654 548 1684 ΤΕ
574 1654 716 1686 TROIA
743 1655 877 1686 CAPIT
907 1645 969 1687 vel
997 1645 1133 1687 maior
1157 1658 1215 1701 es,
1246 1659 1372 1699 quam
1397 1646 1561 1699 patria,
1591 1646 1653 1688 vel
1680 1647 1817 1689 maior

103 1728 147 1756 es
168 1713 354 1769 meritis,
379 1729 509 1769 quam
535 1714 688 1757 civitas
715 1715 761 1757 in
787 1730 871 1771 qua
895 1731 1008 1758 nunc
1034 1731 1097 1758 es:
1127 1715 1325 1759 Lucanus
1354 1716 1406 1758 de
1426 1715 1609 1759 Caesare
1630 1717 1679 1772 <I
1703 1718 1814 1774 175>
1841 1731 1887 1763 20

101 1785 216 1839 plus
249 1785 424 1840 patria
455 1786 692 1841 potuisse
726 1802 827 1830 sua.

221 1856 319 1898 642.
370 1867 622 1899 SPIRANTES
654 1858 826 1915 vitales,
858 1859 1014 1915 quibus
1047 1859 1263 1915 spiramus
1297 1862 1340 1902 et
1370 1860 1568 1903 vivimus.

221 1928 320 1970 643.
370 1940 502 1970 PETIT
534 1928 773 1971 notandum
806 1928 948 1984 ‘petit'
981 1930 1074 1971 sine
1106 1930 1276 1973 insidiis
1310 1930 1486 1974 dictum.

221 1999 318 2040 644.
368 2016 578 2047 ANTIQVVM
604 2017 650 2044 m
674 2017 809 2044 BVTEN
836 2000 902 2043 liic
933 2001 1066 2044 Butes
1095 2002 1216 2044 semel
1245 2001 1311 2044 hic
1340 2004 1593 2055 nominatur,
1623 2007 1671 2045 ut
1699 2005 1746 2046 in
1784 2023 1815 2048 V.

102 2070 246 2125 <704>
279 2070 450 2129 Nautes.
1840 2088 1886 2120 25

222 2141 319 2183 645.
370 2153 601 2194 mnvsqvn
622 2155 685 2185 AD
706 2155 874 2186 LIMINA
895 2155 1066 2187 cvsros
1094 2144 1291 2187 aedituus
1318 2145 1420 2188 fuit:
1453 2146 1583 2202 quod,
1609 2149 1659 2189 ut
1684 2163 1814 2203 supra

101 2212 149 2267 <1
184 2212 297 2267 726>
331 2212 534 2266 diximus,
577 2214 622 2256 in
659 2215 829 2271 ingenti
860 2215 1022 2258 honore
1055 2216 1169 2271 apud
1201 2217 1386 2259 maiores
1419 2217 1514 2260 fuit.
1576 2218 1666 2262 illic
1699 2220 1814 2262 enim

102 2286 145 2325 et
170 2284 459 2339 epulabantur
486 2287 528 2327 et
554 2285 656 2329 deos
682 2287 900 2342 colebant3
928 2301 1078 2330 census
1106 2288 1235 2330 etiam
1263 2288 1404 2331 omnis
1430 2289 1522 2331 illic
1543 2291 1813 2333 servabatur:

199 2383 215 2412 1
243 2377 335 2413 item
361 2388 444 2413 cum
471 2406 478 2414 .
501 2406 508 2414 .
532 2406 539 2413 .
566 2378 676 2424 Iolla]
704 2378 749 2414 cf.
771 2378 864 2416 Don.
890 2380 938 2415 ad
963 2380 1046 2416 Ter.
1065 2381 1215 2417 Phorm.
1236 2382 1251 2416 I
1273 2387 1304 2426 1,
1329 2386 1371 2417 14
1432 2386 1452 2418 2
1479 2382 1672 2430 Horatius]
1701 2395 1811 2420 carm.

101 2426 117 2459 Ι
144 2429 200 2469 21,
228 2429 272 2459 10
300 2426 312 2472 ΙΙ
343 2429 363 2460 5
390 2425 580 2471 Phyllida]
607 2427 690 2462 buc.
718 2425 769 2462 ΙΙΙ
798 2432 853 2463 76.
892 2427 937 2464 cf.
966 2427 1066 2464 Serv.
1094 2429 1142 2464 ad.
1168 2430 1204 2465 h.
1230 2441 1264 2465 v.
1295 2430 1308 2475 ΙΙ
1340 2434 1359 2465 7
1419 2430 1543 2477 nnius]
1573 2441 1655 2467 ann.
1683 2444 1716 2468 v.
1744 2435 1813 2467 302

100 2472 209 2508 Vahl.
230 2474 242 2519 ss
273 2476 294 2507 8
319 2472 483 2508 Lucilius
508 2474 572 2509 lib.
599 2474 637 2520 v]
665 2474 795 2520 fragm.
822 2475 839 2509 I
864 2474 991 2511 Muell.
1018 2477 1030 2523 ΙΙ
1061 2480 1101 2511 11
1130 2477 1268 2523 Pollio]
1297 2480 1376 2513 buc.
1403 2478 1455 2513 III
1482 2481 1527 2514 86

199 2559 216 2589 1
244 2554 346 2600 picta
371 2555 412 2590 F
427 2557 439 2603 ΙΙ
463 2558 502 2592 et
526 2557 618 2593 item
642 2557 716 2604 Fu
747 2562 767 2593 3
794 2558 907 2593 maris
935 2558 976 2594 F
997 2561 1009 2606 ΙΙ
1039 2560 1219 2605 speudulo
1246 2560 1285 2595 F
1307 2562 1319 2607 ss
1350 2565 1372 2595 4
1397 2561 1535 2597 dixerit
1560 2561 1609 2605 F,
1634 2564 1778 2598 correxi
1801 2564 1813 2610 ΙΙ

103 2607 123 2638 6
149 2603 477 2639 mactus-Daniel:
503 2607 625 2640 macte
651 2605 699 2641 F.
735 2609 887 2641 ceterum
914 2608 1058 2642 mactus
1085 2634 1094 2644 .
1115 2634 1123 2642 .
1144 2635 1152 2643 .
1178 2607 1368 2654 triumpho
1391 2613 1475 2654 post
1499 2608 1635 2645 inferio
1662 2611 1719 2645 est
1743 2611 1812 2646 col-

102 2650 259 2686 locanda
282 2651 466 2694 videntur,
491 2655 532 2687 ut
557 2653 598 2687 ut
621 2651 787 2688 Lucilius
812 2654 996 2689 scribatur
1014 2655 1026 2699 ΙΙ
1045 2657 1066 2689 8
1092 2665 1271 2701 magnum
1298 2655 1339 2691 F
1354 2657 1366 2701 ΙΙ
1386 2661 1406 2691 9
1431 2656 1602 2692 uersibus
1628 2660 1709 2693 esto
1735 2658 1812 2693 No-

100 2698 211 2733 niani
236 2698 340 2733 libri:
367 2698 511 2733 uiribus
537 2700 586 2742 F,
612 2702 690 2735 esto
716 2701 835 2745 suppl.
855 2701 993 2736 Daniel
1011 2703 1024 2748 ΙΙ
1045 2706 1089 2737 10
1114 2703 1376 2739 sacrificandes
1395 2704 1436 2738 F
1452 2706 1463 2750 ΙΙ
1482 2706 1604 2739 macte
1624 2729 1633 2739 .
1655 2733 1662 2739 .
1685 2733 1691 2740 .
1714 2706 1811 2752 esto]

100 2746 146 2789 cf.
175 2745 264 2780 Cato
290 2746 324 2783 d.
350 2757 380 2781 r.
407 2757 437 2781 r.
467 2750 544 2791 132,
570 2747 709 2782 Arnob.
735 2747 804 2782 VH
831 2752 874 2782 31
901 2749 914 2795 ss
944 2748 1098 2784 inferior
1123 2749 1173 2793 F,
1198 2762 1289 2787 corr.
1315 2751 1456 2787 Daniel
1479 2752 1492 2796 ΙΙ
1525 2755 1568 2786 14
1593 2752 1712 2787 iulum
1739 2753 1780 2787 F
1802 2754 1814 2799 Η

102 2795 141 2828 et
165 2793 366 2839 augustum
392 2804 580 2829 caesarem
607 2794 643 2829 R
661 2795 673 2840 ss
697 2795 847 2841 merito]
875 2807 976 2831 more
1003 2797 1052 2831 M
1071 2798 1083 2843 ΙΙ
1117 2801 1160 2832 15
1186 2798 1303 2844 enim]
1331 2799 1445 2834 etiam
1472 2799 1545 2834 AS
1569 2801 1581 2846 fl
1614 2803 1657 2834 16
1684 2799 1812 2846 oapios

101 2841 197 2874 AM
225 2840 343 2886 (capis
369 2842 405 2886 a)
446 2840 595 2889 capiosss
620 2841 655 2876 L
686 2843 722 2886 (o
748 2843 789 2877 in
812 2853 885 2878 ras.
913 2843 939 2887 l)
983 2845 1160 2889 capyonis
1185 2846 1227 2880 H
1269 2857 1383 2891 capys
1408 2846 1493 2881 RF
1526 2848 1539 2891 n
1576 2859 1677 2882 rurs
1703 2848 1777 2883 AS
1801 2849 1813 2894 Η

100 2887 195 2923 haec
220 2899 287 2924 om.
314 2888 354 2923 F
370 2889 381 2934 ΙΙ
403 2892 444 2924 17
473 2900 568 2933 quae
595 2917 603 2925 .
625 2917 632 2925 .
656 2917 663 2923 .
691 2889 872 2925 Thebana.
896 2901 962 2926 om.
984 2890 1024 2925 F
1039 2893 1052 2939 ΙΙ
1071 2893 1310 2939 contingunt]
1338 2905 1405 2929 om.
1425 2893 1515 2928 LH
1537 2895 1637 2940 (add.
1664 2895 1702 2939 l),
1727 2907 1809 2941 pro-

100 2935 255 2970 ueniunt
276 2936 324 2970 M
341 2937 353 2982 ΙΙ
375 2940 417 2971 19
443 2936 563 2971 maior
587 2948 625 2972 es
650 2936 793 2972 meritis
814 2936 843 2972 S
850 2936 934 2972 Fa:
962 2939 1143 2975 maiorem
1168 2941 1312 2976 meritis
1332 2941 1368 2976 A
1401 2941 1552 2977 maioris
1571 2941 1698 2977 meriti
1717 2954 1756 2977 es
1775 2943 1811 2977 R

101 2982 261 3018 maiores
288 2983 413 3019 meriti
431 2983 466 3018 L
502 2984 654 3019 maioris
679 2984 822 3019 meritis
840 2985 886 3019 H
917 2985 1068 3022 maioris
1093 2987 1219 3023 meriti
1240 2989 1289 3022 M
1305 2989 1318 3034 ΙΙ
1337 2992 1381 3023 21
1407 2989 1570 3033 patriam
1595 2993 1628 3024 et
1652 2992 1718 3024 tua
1737 2990 1778 3024 F
1799 2991 1810 3035 Η

102 3033 148 3064 24
173 3030 234 3065 1116
252 3030 383 3077 Butes]
410 3042 497 3067 nam
517 3032 586 3067 alii
604 3035 691 3067 sunt
710 3032 774 3076 qui
792 3031 825 3066 V
846 3035 913 3067 372
933 3036 965 3068 ct
984 3033 1036 3068 XI
1056 3039 1124 3070 690
1150 3040 1474 3071 commemorantur
1492 3038 1504 3082 ΙΙ
1522 3037 1728 3080 nomiratur
1742 3037 1783 3071 F
1806 3039 1808 3082 Ι

103 3079 144 3111 ut
168 3076 207 3111 in
226 3078 270 3113 V.
290 3078 433 3113 Nautes
458 3080 607 3124 scripsi:
634 3081 678 3114 ut
701 3079 873 3114 innautes
893 3079 934 3114 F
961 3082 1005 3115 ut
1029 3082 1086 3118 bis
1106 3081 1247 3117 Nautes
1267 3083 1407 3118 Daniel
1425 3084 1437 3130 ΙΙ
1456 3087 1501 3118 26
1521 3084 1670 3119 edituus
1690 3084 1782 3117 LM
1807 3084 1810 3130 1

104 3127 147 3159 27
175 3124 336 3171 ingenti]
363 3125 609 3171 distinguenti
630 3127 670 3161 F
685 3127 697 3172 ΙΙ
715 3126 794 3161 illic
821 3129 845 3162 i.
866 3138 894 3164 e.
914 3127 955 3163 in
980 3130 1084 3173 aede,
1110 3141 1201 3174 quac
1219 3140 1291 3165 vox
1315 3131 1357 3165 in
1381 3132 1524 3166 aeditui
1542 3132 1687 3166 nomine
1712 3132 1807 3166 latet.

102 3171 223 3205 aedem
248 3175 366 3208 autem
392 3174 530 3209 atrium
557 3174 736 3210 intellexit
760 3176 1029 3220 yrammaticus.
1067 3178 1080 3222 ΙΙ
1116 3181 1161 3213 28
1189 3176 1379 3224 colebant]
1414 3178 1612 3214 caelabant
1637 3178 1682 3212 H
1714 3178 1808 3213 cele-

103 3218 262 3255 brabant
286 3219 386 3255 Lion
408 3221 421 3266 Ι]
451 3220 557 3257 1111116
583 3222 786 3257 seruabant
809 3221 850 3256 F
