2124 3600
517 263 668 301 COMM.
693 263 747 299 IN
772 263 915 300 VERG.
942 263 1053 299 AEN.
1082 264 1133 298 Vl
1160 266 1360 299 622—645.
1738 258 1794 301 89

86 373 282 416 diximus,
403 385 602 416 RECENTI
636 388 804 429 semper
834 373 998 415 fluenti.
1054 375 1097 415 et
1128 372 1238 418 dixit
1269 372 1351 414 hoc
1384 373 1575 426 propter
1594 369 1796 426 paludem

85 444 276 502 Stygem.

59 514 64 518 ’
206 516 303 560 636.
355 528 552 559 SPARGIT
579 529 703 568 AQVA
729 520 888 573 purgat
914 532 975 559 se:
1007 532 1109 559 nam
1134 516 1340 571 impiatus
1367 514 1508 556 fuerat
1532 515 1593 556 vel
1618 515 1793 568 aspectu

84 589 274 643 Tartari,
313 590 374 632 vel
404 590 551 632 auditu
582 590 775 632 scelerum
812 593 932 643 atque
962 602 1204 643 poenarum.
1266 589 1310 629 et
1343 584 1566 641 ‘spargit',
1612 585 1713 640 quia
1751 599 1796 626 se

85 660 234 702 inferis
266 663 434 717 purgat.
700 663 702 666 ’

204 732 301 774 638.
358 744 552 775 AMOENA
602 743 799 775 VIRECTA
852 731 1058 774 virentia:
1116 732 1160 772 et
1210 733 1276 772 est
1325 730 1432 771 satis
1483 727 1796 782 usurpativum.

85 801 310 845 ‘amoena'
343 806 487 846 autem
521 818 628 859 quae
662 803 803 845 solum
837 817 1030 844 amorem
1066 803 1310 857 praestant,
1349 801 1435 854 vel,
1476 802 1525 842 ut
1563 814 1693 854 supra
1726 799 1796 853 <V

89 874 203 928 734>
236 873 441 930 diximus,
474 874 596 930 quasi
630 874 820 928 amunia,
852 873 936 916 hoc
967 876 1034 916 est
1066 873 1158 915 sine
1190 872 1352 926 fructu,
1384 874 1433 913 ut
1459 870 1600 913 Varro
1627 873 1670 912 et
1696 869 1796 912 Oar-

85 945 245 987 minius
272 945 437 989 docent.
480 945 644 988 adludit
669 947 814 987 autem
841 945 894 987 ad
920 945 1084 987 insulas
1111 944 1374 987 fortunatas:
1402 958 1503 985 nam
1530 944 1574 984 et
1599 941 1796 997 sequenti

81 1006 166 1077 hoc
201 1016 366 1059 indicat
397 1032 535 1060 versu.

204 1088 302 1131 640.
350 1100 556 1132 LARGIOR
597 1100 676 1131 ch
715 1100 896 1131 OAMPos
936 1100 1126 1130 AETHER
1169 1102 1262 1140 non,
1299 1089 1450 1128 nostro
1494 1084 1676 1140 largior,
1720 1084 1793 1126 sed

85 1173 213 1213 quam
245 1161 311 1201 est
341 1159 386 1200 in
418 1162 560 1202 cetera
585 1160 819 1203 inferorum
845 1162 980 1215 parte.
1030 1161 1106 1202 aut
1130 1174 1176 1201 re
1202 1173 1302 1200 vera
1321 1157 1505 1213 largior,
1538 1157 1573 1198 si
1599 1157 1790 1197 lunarem

85 1229 303 1286 intellegis
336 1231 560 1274 circulum:
598 1246 718 1286 nam,
750 1234 799 1273 ut
830 1247 961 1286 supra
992 1231 1060 1285 <V
1095 1230 1209 1284 735>
1242 1229 1447 1282 diximus,
1479 1227 1621 1282 campi
1652 1227 1794 1282 Elysii

75 1304 163 1364 ⁴aut
194 1301 307 1356 apud
339 1302 501 1345 inferos
535 1306 653 1358 sunt,
686 1305 760 1345 aut
790 1303 835 1345 in
867 1303 1021 1345 insulis
1051 1302 1305 1356 fortunatis,
1346 1303 1422 1343 aut
1460 1300 1507 1341 in
1544 1299 1684 1340 lunari
1717 1298 1794 1340 cir-

85 1373 202 1415 culo:
233 1372 431 1416 Lucanus
466 1373 557 1429 <IX
587 1375 668 1429 11>
699 1375 813 1417 illic
846 1377 1120 1430 postquam
1154 1389 1204 1416 se
1236 1373 1430 1415 lumine
1464 1385 1580 1414 vero
1613 1370 1796 1412 induit:

204 1444 303 1486 641.
353 1455 602 1495 SOLEMQVE
644 1457 765 1488 SVVM
807 1446 890 1487 sibi
933 1459 1191 1501 congruum,
1235 1446 1283 1485 ut
1325 1444 1596 1498 fessosque
1641 1456 1798 1497 sopor

85 1529 205 1557 suus
238 1519 455 1571 occupat
486 1519 641 1559 artus.

205 1587 303 1629 642.
352 1599 638 1631 PALAESTRIS
671 1589 998 1631 luctationibus:
1031 1602 1183 1644 graece
1216 1587 1334 1629 dixit.

206 1658 304 1700 643.
355 1669 675 1702 CONTENDVNT
706 1672 833 1703 Lvno
865 1675 950 1702 non
984 1659 1094 1702 odio.

206 1729 304 1771 644.
350 1740 563 1773 GHOREAS
586 1730 660 1773 ‘re'
688 1731 896 1787 corripuit
921 1733 1097 1786 propter
1123 1732 1320 1785 metrum,
1348 1729 1452 1772 alibi
1478 1729 1542 1771 ait
1564 1727 1794 1771 secundum

85 1802 303 1855 naturam,
334 1803 381 1842 ut
412 1801 503 1854 <IX
528 1802 643 1856 612>
676 1802 825 1845 iuvat
856 1802 1126 1858 indulgere
1159 1801 1381 1844 choreis:
1414 1814 1516 1856 ergo
1549 1802 1624 1841 aut
1656 1800 1796 1853 systo-

87 1871 159 1912 len
185 1870 305 1926 fecit,
338 1874 414 1913 aut
439 1872 694 1928 antithesin,
726 1888 747 1915 e
773 1889 850 1928 pro
878 1889 917 1916 ει
941 1888 1127 1928 ponens:
1158 1888 1259 1915 nam
1287 1872 1497 1915 Graecum
1530 1874 1597 1913 est
1627 1885 1796 1913 nomen.

206 1942 305 1984 645.
354 1955 445 1985 NEc
466 1955 561 1986 NON
583 1955 827 1987 THREICIVS
849 1956 1007 1987 LONGA
1035 1956 1129 1987 cvm
1158 1956 1306 1987 VESTE
1335 1954 1572 1986 SACERDos
1599 1942 1796 1997 Orpheus

1825 1019 1869 1050 10

1825 1375 1867 1407 15

1824 1734 1868 1766 20

87 2013 302 2069 Calliopes
343 2029 490 2057 musae
530 2017 573 2057 et
610 2014 767 2071 Oeagri
808 2016 999 2058 fluminis
1043 2016 1157 2058 filius
1201 2016 1302 2070 fuit,
1347 2015 1421 2070 qui
1464 2014 1629 2069 primus
1674 2012 1797 2068 orgia
1860 2023 1866 2028 ·

184 2159 206 2189 4
239 2157 277 2191 et
307 2155 451 2201 spargit
478 2184 485 2191 .
508 2185 515 2192 .
537 2184 545 2192 .
570 2156 724 2202 purgat]
760 2156 805 2191 cf.
833 2156 996 2195 Macrob.
1025 2157 1101 2192 Sat.
1128 2157 1181 2198 ΙΠ
1208 2161 1237 2198 1,
1264 2161 1285 2192 8
1321 2158 1334 2202 ΙΙ
1372 2160 1391 2191 7
1426 2166 1583 2191 amoena
1610 2182 1618 2189 .
1644 2182 1651 2189 .
1682 2181 1688 2188 .
1718 2153 1796 2188 sine

87 2201 227 2249 fructu]
255 2203 300 2240 cf.
327 2203 413 2239 lsid.
442 2215 493 2240 or.
520 2203 604 2239 XIV
626 2207 658 2247 8,
680 2208 724 2239 33
751 2205 790 2239 et
815 2204 891 2239 diff.
917 2205 1017 2239 verb.
1040 2208 1083 2239 42
1113 2206 1125 2251 ΙΙ
1156 2209 1197 2240 16
1223 2203 1431 2250 fessosque]
1459 2214 1585 2249 georg.
1613 2201 1662 2235 IV
1692 2205 1758 2236 190
1784 2200 1796 2247 Η

87 2254 131 2285 23
160 2250 329 2296 Orpheus
357 2279 393 2287 ..
416 2278 423 2285 .
452 2251 615 2298 chordis]
643 2263 756 2288 exscr.
784 2251 969 2297 mythogr.
996 2252 1047 2286 III
1073 2256 1106 2296 8,
1138 2256 1179 2287 19
1207 2252 1246 2288 et
1270 2256 1315 2287 20

185 2386 202 2416 1
229 2381 406 2428 diximus]
434 2381 529 2417 dixit
556 2384 605 2418 M
626 2385 639 2429 ΙΙ
671 2388 691 2419 3
718 2383 912 2430 impiatus]
945 2384 1162 2430 inquinatus
1195 2385 1420 2429 eoeemplaria
1445 2384 1622 2428 impressa
1647 2385 1796 2427 praeter

89 2429 322 2474 Gottinyense
339 2431 352 2474 ΙΙ
379 2434 402 2464 4
427 2429 530 2475 quia]
557 2431 664 2475 quasi
689 2431 729 2466 F
744 2434 756 2475 ΙΙ
777 2433 827 2476 se]
855 2433 934 2467 inse
960 2432 1040 2468 inse
1060 2432 1105 2467 H
1119 2434 1132 2477 u
1151 2436 1172 2468 5
1199 2431 1354 2478 purgat]
1381 2443 1468 2467 nam
1494 2430 1636 2476 superis
1661 2431 1793 2467 immo-

87 2475 202 2511 laturi
221 2487 353 2522 corpus
373 2476 531 2513 abluunt
550 2481 592 2513 ut
619 2491 731 2524 supra
751 2479 897 2525 (11719)
927 2479 1060 2515 ‘donec
1086 2491 1144 2515 me
1171 2480 1322 2515 flumine
1349 2478 1434 2514 vivo
1455 2478 1623 2514 abluero’
1653 2478 1737 2512 add.
1757 2477 1795 2511 D

87 2523 98 2570 Η
125 2527 145 2558 6
171 2525 390 2569 usurpatum
415 2526 637 2570 eoeemplaria
662 2527 837 2571 impressa
857 2530 1006 2572 praeter
1025 2527 1256 2562 Liom’anum
1275 2529 1285 2573 ΙΙ
1316 2531 1335 2562 7
1363 2525 1535 2562 amoenia
1560 2525 1605 2560 H
1619 2527 1631 2570 ΙΙ
1650 2524 1792 2570 autem]

87 2570 262 2606 dicuutur
287 2571 371 2607 add.
394 2572 453 2615 M,
478 2574 565 2607 sunt
589 2584 689 2618 supr.
715 2585 804 2610 vers.
831 2575 916 2611 add.
942 2575 990 2619 811
1015 2579 1035 2610 8
1061 2575 1120 2622 ut]
1146 2574 1201 2609 ait
1224 2575 1268 2610 ut
1291 2574 1328 2609 R
1346 2576 1358 2619 ΙΙ
1387 2578 1407 2609 9
1435 2573 1532 2609 ludit
1557 2572 1635 2608 FO
1649 2573 1662 2617 11
1680 2571 1794 2608 fortu-

88 2619 260 2653 natorum
282 2617 359 2653 FO
374 2620 386 2664 ΙΙ
407 2623 449 2654 10
469 2621 592 2667 versu]
619 2632 767 2656 uersum
787 2622 836 2656 H.
876 2621 1022 2657 uirecta
1041 2624 1165 2657 autem
1193 2622 1290 2657 sicut
1309 2621 1443 2657 salicta
1461 2622 1545 2670 apld.
1564 2619 1595 2655 O
1610 2622 1622 2665 ΙΙ
1643 2624 1683 2655 11
1707 2632 1794 2655 ‹JAM-

61 2670 63 2672 ’
87 2679 150 2701 Ρνε
176 2665 252 2700 ΑΟ
266 2666 279 2710 ΙΙ
303 2667 457 2712 AE'rHER]
483 2680 515 2704 E.
542 2681 573 2704 1,.
599 2682 633 2704 v.
659 2681 689 2704 P.
715 2670 799 2705 add.
828 2669 877 2703 M
891 2670 902 2715 ΙΙ
930 2673 972 2704 13
998 2669 1251 2715 intellegimus
1279 2670 1328 2704 M
1344 2670 1356 2714 ΙΙ
1383 2674 1426 2704 15
1453 2680 1491 2704 se
1517 2679 1583 2703 om.
1611 2668 1651 2702 F
1666 2669 1679 2712 ΙΙ
1703 2678 1795 2702 uero

87 2713 227 2766 lumine
253 2713 303 2748 M
316 2714 328 2758 ΙΙ
346 2714 451 2760 uero]
479 2714 567 2750 uiuo
586 2715 626 2750 F
642 2718 653 2762 ss
672 2715 809 2762 induit]
838 2716 1014 2761 impleuit
1040 2717 1070 2752 0
1086 2718 1098 2762 ss
1116 2717 1255 2764 induit]
1282 2718 1455 2752 homerus
1480 2726 1631 2761 campos
1658 2714 1793 2760 elysios

89 2760 137 2795 ad
167 2761 309 2796 insulas
341 2760 549 2797 fortunatas
581 2774 662 2798 esse
692 2764 855 2799 testatur
884 2763 988 2799 hisce
1019 2765 1186 2800 uersibus
1219 2765 1303 2800 add.
1330 2765 1369 2799 D
1394 2775 1456 2799 sem
1481 2774 1648 2799 versuum
1673 2763 1794 2806 spatio

86 2808 221 2843 relicto.
260 2809 306 2852 cf.
337 2808 402 2844 Od.
433 2808 479 2843 [V
506 2813 575 2844 563
594 2820 666 2855 sqq.
687 2812 698 2856 ΙΙ
720 2814 763 2846 16
791 2812 1010 2858 congruum]
1037 2823 1145 2857 grece
1172 2812 1265 2847 dixit
1290 2813 1375 2848 add.
1397 2811 1447 2846 M
1460 2812 1473 2856 ΙΙ
1503 2814 1545 2846 17
1572 2821 1657 2845 suos
1684 2809 1762 2845 FO
1783 2809 1795 2855 11

90 2858 134 2890 18
158 2856 264 2908 εσζιοῖ.
285 2856 335 2891 ad
353 2867 384 2892 v.
407 2860 474 2891 642
495 2868 560 2893 om.
582 2857 657 2893 FO
673 2858 686 2903 ΙΙ
709 2870 892 2893 mussi-ms
918 2859 1006 2894 libri
1023 2861 1036 2905 ΙΙ
1054 2859 1164 2906 dixit]
1191 2871 1278 2895 nam
1303 2859 1479 2894 παλαίειν
1504 2857 1640 2893 luctari
1666 2857 1796 2892 dicunt

89 2913 229 2947 graeci,
256 2903 343 2938 inde
368 2901 467 2948 πάλη
494 2905 578 2940 add.
605 2904 645 2939 D
662 2906 675 2950 ΙΙ
696 2910 738 2941 19
764 2906 873 2952 Lvno]
900 2906 998 2941 inter
1022 2919 1061 2942 se
1086 2906 1176 2943 ludo
1202 2908 1288 2943 add.
1314 2907 1353 2941 D
1371 2908 1383 2952 ΙΙ
1402 2910 1448 2941 20
1474 2917 1514 2941 re
1542 2933 1549 2941 .
1571 2933 1579 2940 .
1601 2932 1608 2939 .
1635 2906 1794 2939 metrum

89 2960 154 3003 qm.
184 2949 215 2985 0
230 2952 241 2996 ΙΙ
267 2950 464 2996 corripitur
489 2951 530 2986 F
545 2954 557 2997 ΙΙ
582 2953 706 2997 preter
731 2953 775 2988 H
789 2954 802 2999 ΙΙ
830 2953 922 2988 alibi
949 2981 955 2989 .
979 2982 986 2989 .
1008 2982 1015 2990 .
1042 2954 1202 3000 choreis]
1230 2954 1376 2990 chorias
1402 2953 1530 2999 graeci
1555 2952 1687 2988 dicunt
1710 2951 1794 2986 ideo

90 2996 164 3042 (ide
192 2998 235 3043 0)
270 2997 339 3033 iste
378 2999 529 3034 breuem
562 3000 688 3044 posuit
723 3000 785 3035 hic
823 3012 862 3036 re
896 3012 964 3046 pro
986 3002 1037 3038 ,1.
1069 3014 1156 3037 nam
1188 3002 1279 3037 alibi
1310 3002 1426 3046 longa
1458 3002 1515 3036 est
1546 3001 1589 3035 ut
1620 2999 1684 3044 (XI
1709 3000 1795 3042 224)

89 3043 324 3097 lustrantque
351 3045 496 3082 choreis
523 3046 654 3092 (coreis
680 3046 725 3094 O)
750 3048 811 3084 uel
836 3048 924 3093 quia
948 3049 1090 3085 uocalis
1116 3050 1285 3085 uocalem
1312 3049 1480 3093 sequitur
1504 3047 1581 3083 FO
1596 3049 1608 3093 ss
1636 3050 1680 3082 21
1708 3046 1794 3080 0110-

89 3092 178 3136 reis]
213 3092 374 3138 dioregis
401 3094 443 3128 H
470 3095 483 3139 ΙΙ
520 3098 564 3129 22
589 3094 683 3130 facit
706 3095 780 3131 AS
809 3097 822 3141 ΙΙ
859 3096 1052 3142 anthyesin
1080 3097 1119 3132 F
1143 3098 1156 3142 ΙΙ
1193 3108 1212 3131 0
1238 3108 1304 3141 pro
1331 3109 1366 3131 ει
1391 3096 1610 3131 Fabricius:
1642 3094 1655 3128 i
1681 3104 1747 3138 pro
1774 3103 1794 3126 e

92 3137 313 3174 ASRHM
352 3152 431 3185 pro.
452 3154 486 3175 n.
514 3153 534 3177 0
562 3141 637 3177 FO
663 3142 676 3187 ΙΙ
705 3143 862 3190 ponens]
889 3155 1049 3188 pronens
1075 3144 1120 3179 R.
1154 3147 1196 3178 ut
1220 3155 1287 3188 pro
1312 3144 1441 3188 χορεία
1467 3141 1592 3188 posuit
1618 3139 1730 3186 χορέα
1755 3138 1795 3173 id

96 3186 152 3218 est
177 3185 312 3239 chorea
337 3188 421 3223 add.
442 3189 481 3222 D
498 3189 511 3234 ΙΙ
539 3193 585 3224 24
611 3190 780 3235 calliopis
805 3190 927 3225 AFO
950 3191 1055 3236 (corr.
1083 3193 1119 3236 α)
1140 3193 1296 3236 1111111330
1322 3202 1389 3226 om.
1418 3190 1449 3225 O
1464 3192 1475 3236 ΙΙ
1494 3189 1591 3224 filius
1617 3188 1655 3222 et
1681 3186 1794 3231 siagri

96 3230 255 3267 fluminis
282 3233 320 3267 F
336 3235 347 3278 ΙΙ
376 3234 491 3280 siagri
517 3235 547 3270 O
562 3238 574 3281 ΙΙ
601 3236 760 3273 fluminis
786 3249 851 3273 σπι.
872 3238 938 3283 Ru
966 3238 1037 3273 fuit
1062 3250 1127 3273 om.
1157 3237 1188 3272 G
