2092 3614
550 250 699 287 COMM.
727 251 779 286 IN
807 250 948 287 VERG.
975 250 1088 287 AEN.
1114 251 1165 286 X[
1191 254 1390 287 748—773.
1736 247 1824 289 563

114 362 428 405 inevitabilem:
473 361 583 404 unde
617 364 683 403 est
721 376 743 403 e
783 363 936 403 contra
968 359 1186 416 <11⁷224>
1225 362 1276 402 et
1312 360 1563 402 incertam
1596 358 1826 401 excussit

116 434 316 476 cervice
350 433 589 489 securim,
620 433 666 475 id
698 435 763 474 est
795 433 1022 486 infirmam,
1052 431 1310 474 evitabilem.

235 506 330 548 768.
382 516 526 548 SACER
558 516 736 547 CYBELO
768 518 868 546 nam
902 505 1094 546 montem
1126 517 1204 557 pro
1236 503 1424 558 numine,
1456 503 1568 558 quod
1600 502 1644 545 in
1678 516 1726 544 eo
1757 515 1825 543 co-

113 578 236 632 litur,
268 577 423 633 posuit.
486 579 530 618 et
560 577 675 618 bona
708 574 877 618 occasio
911 574 964 616 ad
996 576 1178 615 mortem
1212 571 1439 627 Camillae,
1477 577 1526 616 ut
1558 572 1825 615 sacerdotem

115 649 294 691 maioris
325 648 515 691 numinis
549 650 728 690 conetur
759 646 972 688 occidere:
1004 660 1081 700 per
1108 645 1222 700 quod
1249 645 1372 700 quasi
1397 647 1700 686 exauctoratur
1723 643 1826 686 Dia-

1851 654 1871 685 01

114 736 195 763 nae
226 721 361 775 favor,
392 719 706 762 interveniente
738 719 914 760 maioris
947 717 1137 759 numinis
1170 717 1404 759 iracundia.
1498 732 1671 763 ormam
1694 733 1826 759 sacm-

114 809 186 835 oos
221 795 297 834 aut
330 792 430 845 quia
466 794 580 833 vetus
610 791 817 833 sacerdos:
855 793 931 849 aut
959 790 1076 832 cuius
1107 790 1232 831 etiam
1263 790 1439 830 maiores
1468 789 1693 831 sacerdotes
1722 788 1826 840 fuis—

112 867 212 920 sent,
243 863 389 917 quibus
420 863 536 917 apud
564 865 711 904 veteres
739 862 787 903 in
817 875 939 903 sacra
969 874 1126 914 quoque
1155 860 1453 903 succedebatur.

235 935 332 977 769.
382 952 509 977 LONGE
539 951 747 977 raonem
775 933 836 975 vel
868 931 1000 987 ‘lonye
1026 931 1238 986 fulyebat',
1267 932 1329 973 vel
1361 930 1492 985 ‘lonqe
1523 930 1726 985 insiynis’.

234 1007 330 1049 770.
382 1018 511 1057 QVEM
542 1016 709 1047 PELLIS
742 1016 879 1047 Annis
906 1016 955 1046 m
981 1016 1176 1047 PLVMAM
1203 1015 1402 1054 SQVAMIS
1429 1014 1554 1045 Avito
1581 1014 1828 1045 CONSERTA
1857 1012 1899 1043 10

114 1090 328 1120 TEGEBAT
362 1078 646 1120 catafractum
679 1090 775 1118 eum
803 1076 937 1118 fuisse
964 1075 1194 1131 significat.
1239 1074 1464 1117 catafracti
1491 1077 1634 1116 autem
1661 1074 1827 1130 equites

115 1150 332 1205 dicuntur,
370 1149 444 1205 qui
478 1152 520 1191 et
551 1148 637 1203 ipsi
667 1149 782 1191 ferro
816 1147 975 1189 muniti
1008 1150 1124 1202 sunt,
1161 1150 1204 1188 et
1236 1161 1369 1202 equos
1403 1146 1605 1187 similiter
1636 1140 1827 1187 munitos

112 1221 292 1263 habent:
343 1220 394 1262 de
438 1221 596 1276 quibus
643 1219 874 1262 Sallustius
919 1219 1065 1274 equis
1111 1218 1256 1274 paria
1297 1217 1619 1273 operimenta
1663 1219 1828 1271 erant,

112 1293 274 1348 †quae
319 1293 482 1334 linteo
527 1292 713 1334 ferreis
753 1291 965 1334 laminis
1005 1291 1054 1332 in
1095 1290 1294 1332 modum
1333 1290 1535 1344 plumae
1575 1290 1827 1331 adnexue-

114 1368 243 1416 rant,
305 1379 418 1406 nunc
451 1367 595 1405 autem
628 1379 706 1419 pro
739 1363 874 1405 linteo
909 1361 1095 1418 ‘pellem’
1128 1361 1286 1418 posuit,
1326 1364 1369 1402 et
1400 1360 1572 1403 ‘aeneas
1606 1359 1824 1416 squamas’
1856 1370 1897 1401 15

115 1451 261 1478 aereas
292 1436 478 1478 laminas
510 1436 816 1492 intellegimus.
862 1434 920 1476 ‘in
954 1433 1163 1489 plumam'
1195 1449 1298 1476 vero
1331 1436 1396 1475 est
1427 1433 1468 1474 in
1498 1432 1827 1474 similitudinem

114 1508 304 1564 plumae,
335 1509 383 1549 ut
415 1506 508 1562 <VI
540 1507 625 1561 42>
658 1507 884 1548 excisum
917 1505 1177 1547 Euboicae
1210 1505 1348 1547 latus
1381 1505 1564 1559 ingens
1596 1504 1742 1559 rupis
1776 1504 1827 1545 in

114 1582 335 1634 antrum,
372 1580 418 1621 id
453 1582 511 1621 est
543 1579 588 1620 in
622 1579 736 1620 antri
770 1577 1112 1620 similitudinem.
1176 1591 1278 1618 sane
1311 1576 1530 1618 sciendum
1562 1576 1675 1631 quod
1707 1576 1827 1631 ipsos

114 1651 281 1706 equites
328 1650 586 1692 catafractos
629 1650 829 1692 dicimus:
875 1648 1108 1691 Sallustius
1147 1651 1197 1690 et
1235 1649 1587 1703 sequebantur
1625 1648 1826 1703 equites

112 1721 404 1764 catafracti.
539 1739 583 1765 m
612 1738 777 1763 mamm
816 1719 991 1775 *pluma
1035 1724 1093 1762 est
1128 1721 1175 1762 in
1218 1723 1439 1762 armatura
1475 1720 1547 1761 ubi
1583 1719 1746 1762 lamina
1782 1720 1828 1761 in
1853 1729 1899 1760 20

112 1794 315 1836 lam-inam
345 1807 387 1835 se
418 1792 570 1835 indit*.

235 1866 331 1907 772.
382 1882 601 1908 PEREGRINA
634 1882 861 1907 FERRVGINE
896 1868 942 1906 ut
972 1865 1150 1919 Hibera,
1186 1865 1232 1906 id
1260 1867 1318 1905 est
1349 1864 1570 1918 Hispana:
1611 1877 1711 1905 nam
1743 1864 1829 1917 ipse

112 1937 186 1979 hoc
217 1938 320 1979 alibi
350 1938 538 1991 exposuit
569 1936 660 1991 <IX
695 1936 811 1991 579>
845 1925 888 1978 e⁶t
916 1937 1175 1990 ferruyinc
1205 1936 1374 1978 clarus
1406 1934 1606 1976 Hibera.
1658 1935 1827 1993 quidam

107 2023 344 2064 purpuram
376 2010 595 2064 accipiunt,
626 2009 735 2062 quod
763 2009 852 2050 eius
874 2009 1021 2062 prima
1052 2009 1233 2050 tinctura
1262 2007 1496 2061 ferruyineo
1527 2007 1655 2048 colore
1685 2007 1749 2048 sit.

235 2081 330 2123 773.
383 2091 574 2123 SPICVLA
619 2091 899 2130 TORQVEBAT
943 2091 1080 2122 LYo1o
1125 2090 1365 2122 GORTYNIA
1405 2089 1559 2120 CORNV
1598 2077 1826 2120 Cretenses
1853 2087 1897 2118 25

212 2213 251 2244 11
281 2208 525 2244 catafractum
553 2220 582 2244 e.
609 2221 643 2253 q.
672 2208 717 2254 s.]
746 2209 792 2243 cf.
819 2208 923 2244 Luct.
950 2208 1049 2244 Plac.
1063 2182 1125 2243 'ad
1153 2207 1246 2244 Stat.
1273 2207 1387 2243 Theb.
1416 2207 1466 2242 1V
1493 2211 1561 2242 268
1589 2207 1628 2242 et
1652 2207 1791 2242 X1543
1825 2208 1827 2252 Ι

117 2262 159 2292 13
187 2256 406 2302 Sallustius]
435 2255 521 2291 hist.
549 2257 597 2291 lV
627 2260 670 2291 59
699 2257 753 2300 D,
782 2260 824 2292 17
851 2256 912 2292 Kr.
946 2258 959 2301 11
997 2261 1039 2291 19
1067 2256 1284 2302 Sallustius]
1310 2256 1397 2291 hist.
1427 2255 1474 2290 lV
1502 2259 1547 2290 58
1573 2255 1629 2300 D.‚
1658 2259 1700 2290 16
1727 2255 1789 2291 Κι.
1817 2259 1827 2302 ’1

113 2310 158 2341 23
186 2305 338 2350 quidam
365 2332 373 2341 .
395 2332 402 2339 .
425 2334 432 2341 .
461 2304 527 2351 sit]
557 2303 794 2340 cf.1sid.01·.
822 2304 909 2339 XIX
935 2308 991 2348 28,
1020 2308 1040 2338 6

213 2428 230 2458 1
258 2436 277 2459 e
303 2424 489 2459 contrario
517 2423 582 2470 Fu
613 2425 666 2471 et]
695 2424 737 2459 ut
762 2423 798 2458 R
825 2425 838 2470 11
868 2428 888 2459 3
915 2436 1050 2459 cyneus
1077 2423 1120 2458 H
1134 2425 1146 2470 11
1178 2424 1280 2470 nam]
1309 2434 1405 2459 nunc
1430 2424 1498 2470 Fu
1530 2423 1590 2469 eo]
1619 2423 1723 2458 caelo
1750 2422 1795 2457 H
1823 2422 1828 2469 1

116 2475 136 2506 5
163 2471 341 2517 numinis]
374 2471 566 2507 iracundia
591 2472 676 2507 add.
704 2471 776 2506 AS
811 2473 823 2517 11
862 2476 882 2507 6
908 2472 1014 2506 favor
1038 2472 1162 2516 vulyo:
1195 2471 1322 2507 fauore
1351 2471 1523 2506 ASRM
1558 2472 1668 2506 fauoe
1695 2471 1739 2505 H
1772 2471 1826 2505 fa-

115 2520 203 2554 bore
231 2519 270 2553 F
297 2520 309 2565 11
346 2519 538 2554 iracundia
563 2531 628 2554 om.
656 2519 728 2554 AS
758 2521 770 2566 11
810 2524 828 2555 7
855 2521 921 2555 aut
947 2547 954 2554 .
978 2548 985 2555 .
1008 2549 1015 2556 .
1043 2519 1311 2555 succedebatur
1337 2520 1418 2554 hab.
1450 2520 1482 2553 T
1506 2521 1518 2565 11
1550 2518 1638 2563 quia
1663 2530 1728 2553 om.
1760 2519 1792 2552 Τ
1824 2518 1827 2564 1

117 2567 227 2601 etiam
256 2577 322 2602 om.
355 2566 388 2600 T
412 2568 425 2612 11
463 2571 483 2602 8
510 2578 657 2612 quoque
684 2567 721 2602 in
749 2567 861 2602 sacris
891 2567 923 2602 Τ
951 2569 963 2613 11
1001 2566 1298 2602 succedebantur
1324 2567 1364 2602 F
1398 2569 1409 2612 11
1447 2571 1467 2602 9
1495 2567 1552 2602 vel
1581 2595 1587 2601 .
1610 2593 1616 2600 .
1640 2595 1648 2602 .
1674 2566 1827 2611 insignis

115 2615 195 2650 hab.
228 2615 259 2648 T
276 2616 287 2658 11
317 2613 429 2659 louge
455 2614 495 2648 id
521 2616 580 2649 est
604 2615 715 2650 ualde
740 2614 898 2659 insignis
930 2614 961 2649 Τ
982 2617 993 2661 11
1028 2620 1065 2649 11
1094 2618 1220 2649 autem
1247 2626 1312 2650 om.
1341 2615 1376 2648 R
1401 2617 1413 2661 11
1448 2620 1488 2649 12
1516 2613 1588 2659 ipsi
1613 2625 1678 2649 om.
1707 2614 1742 2648 It
1755 2614 1791 2647 H
1816 2614 1828 2660 11

116 2661 211 2697 uniti
237 2660 310 2696 AS
333 2662 438 2706 (corr.
466 2664 526 2706 as)
564 2663 576 2707 11
616 2666 657 2697 13
685 2663 771 2707 equi
796 2662 885 2697 RH
917 2664 929 2708 11
965 2662 1087 2708 paria]
1123 2662 1247 2697 simila
1272 2664 1306 2697 A
1346 2662 1485 2697 similia
1511 2663 1568 2697 Sa
1607 2661 1730 2706 patria
1753 2661 1789 2695 R
1824 2661 1827 2706 1

119 2714 162 2744 14
188 2709 299 2753 quae]
327 2721 361 2753 q:
387 2708 423 2743 R
441 2710 454 2754 11
472 2709 588 2744 linteo
608 2709 785 2744 ASMF
819 2710 896 2744 lina
922 2709 959 2744 R
996 2710 1095 2744 linco
1124 2710 1167 2744 H
1200 2710 1316 2745 lintea.
1340 2711 1447 2755 vulyo
1467 2711 1478 2755 11
1498 2708 1669 2744 lamineis
1695 2709 1730 2742 A
1757 2709 1825 2754 (la-

114 2756 227 2791 minis
254 2757 303 2803 a).
342 2757 496 2800 fortasse
520 2768 682 2801 namque
713 2757 829 2793 linteo
858 2758 995 2792 ferrvas
1028 2756 1185 2792 laminas
1218 2756 1257 2792 in
1288 2758 1440 2792 modum
1466 2758 1616 2802 plumae
1642 2756 1826 2791 adnexue-

116 2807 211 2840 rant.
258 2804 428 2839 Kritzius
452 2805 639 2849 vulyatam
663 2805 883 2849 scripturam
909 2806 963 2839 ita
988 2805 1168 2848 defendit,
1198 2809 1240 2840 ut
1265 2805 1485 2840 Sallustium
1510 2805 1703 2839 insolenter
1731 2804 1825 2848 ‘ope-

115 2853 271 2888 rimenta
297 2852 485 2887 adnectere
510 2851 673 2886 laminis'
703 2863 775 2896 pro
807 2853 1052 2897 ‘operimentis
1076 2853 1263 2888 adnectere
1289 2853 1460 2888 laminas’
1484 2853 1649 2897 posuisse
1674 2852 1826 2893 diceret,-

116 2899 326 2935 Dietschius
347 2900 496 2943 “ferreis
522 2900 670 2934 laminis
695 2899 719 2934 i.
746 2910 790 2934 m.
814 2910 852 2954 p.
858 2899 868 2916 '
898 2900 1116 2942 ablativum,
1148 2911 1250 2945 quem
1275 2901 1466 2945 qualitatis
1490 2903 1621 2935 vocant
1644 2910 1824 2944 yramma-

116 2948 199 2990 tici,
231 2958 318 2990 esse,
350 2948 464 2983 lintea
495 2951 614 2982 autem
644 2947 736 2990 ipsis
766 2948 866 2991 equis
897 2948 1042 2982 adnexa
1074 2927 1149 2983 (liei
1174 2949 1245 2982 sibi
1270 2949 1466 2992 persuasit
1504 2948 1516 2993 11
1554 2947 1824 2992 adnexuerant]

117 2994 245 3038 pluma
272 3023 279 3030 .
302 3023 309 3029 .
330 3023 338 3030 .
365 2994 501 3030 scindit
526 2995 609 3030 add.
632 2994 680 3037 Ι,
706 3006 797 3039 quae
823 3006 846 3029 a
871 2994 1060 3030 Servianis
1083 2996 1254 3040 separari
1281 2997 1293 3041 11
1328 2998 1369 3029 15
1395 2995 1494 3040 pelle
1521 2995 1560 3029 F
1581 2996 1593 3041 11
1624 2994 1726 3029 aenis
1754 2993 1794 3028 F
1816 2996 1825 3039 11

120 3045 163 3077 16
189 3044 247 3076 est
272 3053 339 3078 om.
359 3042 400 3077 F
415 3044 433 3098 J!
468 3046 509 3077 17
537 3041 664 3077 eubois
690 3041 791 3087 Asu
824 3046 867 3077 19
894 3043 932 3077 et
956 3053 1021 3077 om.
1050 3043 1121 3077 AS
1140 3044 1151 3089 11
1180 3054 1243 3087 seq
1247 3043 1403 3077 uebatur
1429 3042 1498 3088 ΗΙΙ
1530 3043 1674 3086 equites
1701 3042 1824 3085 vulqo:

117 3101 164 3134 eq
167 3090 203 3123 ui
237 3090 341 3132 libri,
378 3091 455 3125 nisi
485 3091 580 3135 quod
611 3088 723 3134 aequi
754 3089 836 3124 AS.
873 3090 958 3133 fort.
991 3089 1079 3134 equi
1111 3054 1336 3125 catafiiactos
1373 3090 1386 3134 11
1421 3093 1467 3124 20
1499 3089 1639 3124 lamina
1669 3087 1824 3122 Daniel.

117 3137 240 3171 lamen
268 3136 335 3183 Fu
354 3141 397 3172 21
425 3148 464 3172 se
489 3137 586 3172 indit
609 3137 763 3171 Daniel:
790 3137 927 3172 scindit
946 3137 985 3171 F
1000 3139 1012 3182 11
1031 3141 1075 3171 22
1103 3138 1151 3173 ad
1176 3148 1373 3172 Pensatum
1393 3151 1424 3172 ι.
1451 3148 1478 3171 s.
1498 3149 1530 3171 v.
1558 3136 1715 3181 hispana
1741 3147 1824 3189 pur-

118 3195 211 3230 pura
239 3184 271 3218 Τ
294 3186 307 3230 11
336 3184 483 3230 ispania
510 3184 550 3219 F
571 3187 583 3231 11
613 3184 694 3230 ipso
723 3183 761 3218 F
787 3185 800 3230 11
831 3188 878 3219 24
903 3196 1103 3230 purpuram
1130 3185 1350 3219 Masvicius:
1378 3195 1542 3229 purpuia
1569 3182 1615 3217 F.
1651 3184 1768 3227 possis
1793 3187 1825 3217 et

120 3231 336 3277 ‘ferrugine’
365 3244 531 3277 purpura
561 3235 573 3277 11
603 3235 757 3267 tuntura
783 3231 832 3276 F,
858 3243 948 3267 corr.
976 3232 1114 3270 Daniel

190 3297 290 3324 Servii
308 3305 415 3324 comm.
433 3298 501 3324 Vol.
520 3298 562 3324 11.
582 3299 669 3324 Fasc.
689 3298 730 3324 Π.
1495 3293 1539 3325 37
