2092 3614
319 241 404 284 168
1090 242 1252 279 SERVII

436 351 534 394 568.
584 364 665 394 mc
698 363 866 395 sPEcvs
899 365 1190 396 HORRENDVM
1226 353 1308 395 hoc
1340 368 1500 396 nomen
1531 354 1644 410 apud
1677 355 1860 397 maiores
1892 356 2023 398 trium

319 437 525 479 generum
560 423 654 465 fuit.
715 423 883 466 Ennius
922 424 1131 466 feminino
1172 424 1335 479 posuit,
1374 424 1583 467 Horatius
1621 426 1859 468 masculino
1898 441 2024 482 quae

319 510 527 538 nemora
559 498 646 537 aut
678 510 803 550 quos
837 508 960 550 agor
992 495 1042 535 in
1075 509 1276 550 spchS,
1301 495 1523 552 Vergilius
1549 499 1720 553 neutro,
1751 497 1864 553 quod
1895 497 2023 540 hodie

318 568 365 609 in
387 582 567 609 numero
593 567 803 623 singulari
828 567 966 609 tribus
993 568 1163 608 tantum
1188 566 1351 609 utimur
1375 567 1547 610 casibus
1574 567 1677 610 ‘hoc
1702 583 1872 624 specus,
1897 568 2025 610 huius

273 644 294 675 5
320 654 490 695 specus,
522 654 547 681 o
581 638 767 694 specus'.
816 653 917 680 nam
951 638 1161 692 pluralem
1193 639 1363 680 tantum
1389 653 1414 680 a
1440 653 1595 695 genere
1627 639 1866 682 masculino
1897 639 2026 681 habe—

320 725 416 752 mus
457 710 503 752 in
544 710 743 752 omnibus
785 709 975 751 casibus:
1018 708 1118 751 hinc
1159 711 1226 751 est
1262 709 1366 764 ipsi
1402 709 1453 751 in
1491 709 1713 752 defossis
1757 711 2025 766 specubus.

321 796 581 837 quamquam
620 780 788 836 antiqui
820 780 986 823 codices
1017 780 1206 823 habeant
1238 779 1330 823 ‘hio
1362 795 1512 836 specus
1545 781 1817 825 horrendus'.
1939 794 2026 825 SPI-

320 864 505 895 RACVLA
531 864 653 895 DITIS
686 852 847 907 aditus,
879 867 905 894 a
930 851 1145 908 spirando.
1196 852 1362 908 antiqui
1397 852 1564 894 codices
1591 852 1825 908 ‘piracula'
1852 854 2027 909 habent,

323 939 431 980 quae
464 924 578 967 dicta
610 926 712 966 sunt
743 919 831 966 ἀπὸ
863 925 953 967 τῶν
986 921 1208 980 περάτων,
1243 924 1322 966 hoc
1354 927 1420 966 est
1451 940 1475 966 a
1506 925 1664 967 finibus
1695 925 1943 968 inferorum.

254 1001 296 1033 10
442 996 540 1038 569.
589 1006 781 1038 VORAGO
816 995 1072 1037 Acherontis
1106 995 1387 1038 exaestuatio.

442 1068 541 1111 570.
592 1078 799 1110 CONDITA
824 1079 987 1109 ERINYs
1018 1070 1194 1121 recepta,
1228 1067 1302 1108 alii
1335 1066 1524 1109 ‘condit'
1556 1068 1707 1124 legunt
1736 1071 1780 1110 et
1811 1068 1898 1111 ‘se'
1931 1069 2028 1111 sub-

323 1138 512 1180 audiunt.

443 1210 542 1252 571.
592 1221 872 1261 CAELVMQVE
903 1221 1120 1252 LEVABAT
1152 1210 1388 1265 relevabat,
1420 1211 1654 1254 recreabat.

444 1280 542 1323 572.
592 1293 851 1323 EXTREMAM
878 1273 1107 1323 s'ATvmuA
1133 1293 1289 1324 BELLo
1316 1293 1511 1324 IMPONIT
1532 1293 1704 1324 REcmA
1726 1295 1891 1326 MANVM
1918 1284 2031 1339 quod

258 1358 300 1390 15
327 1355 523 1407 superest
555 1351 730 1407 perficit.
780 1355 824 1395 et
854 1355 920 1394 est
951 1353 1179 1395 translatio
1213 1368 1238 1395 a
1269 1353 1456 1408 pictura,
1495 1368 1622 1408 quam
1660 1369 1813 1396 manus
1846 1356 2033 1410 complet

326 1426 369 1466 et
400 1426 526 1466 ornat
558 1427 761 1466 extrema.

445 1495 542 1538 575.
593 1507 798 1538 FOEDATI
831 1495 1059 1538 cruentati.

447 1566 545 1609 576.
595 1579 962 1618 lMPLonAN'erE
996 1579 1115 1610 Duos
1154 1567 1207 1609 ad
1240 1567 1445 1609 auxilium
1479 1569 1521 1609 et
1552 1567 1773 1610 ultionem.
1895 1580 2033 1610 οΒΤΕ-

329 1650 634 1699 STANTVRQYE
668 1650 881 1680 LATINVM
919 1641 1096 1694 propter
1134 1638 1306 1680 caedem
1346 1639 1501 1680 factam
1536 1641 1690 1680 testem
1723 1639 1950 1694 adhibent,
1991 1643 2034 1682 et

257 1716 304 1747 20
331 1709 479 1751 dicunt
518 1712 714 1752 auctores
752 1709 869 1765 rupti
906 1709 1090 1752 foederis
1127 1724 1221 1751 esse
1259 1709 1488 1765 Troianos,
1530 1724 1624 1752 cum
1661 1709 1744 1765 ipsi
1783 1710 1901 1766 pacis
1939 1711 2034 1753 iura

328 1780 592 1823 temerarint.
968 1787 970 1789 ’

449 1853 548 1895 577.
597 1865 654 1895 ΕΤ
687 1864 787 1895 IGNI
819 1853 913 1908 ipso
945 1852 1112 1895 fervore
1145 1852 1384 1895 seditionis.

450 1924 547 1967 578.
598 1935 805 1967 TEVCROS
844 1937 894 1966 IN
931 1935 1086 1966 REGNA
1126 1936 1296 1980 VOQARI
1339 1924 1543 1971 subaudis
1583 1923 1742 1967 ‘dicit'.
1804 1923 2035 1967 ‘Teucros'

332 1998 476 2039 autem
508 1995 730 2051 iniuriose,
770 2010 818 2038 ac
850 1997 887 2038 si
920 1996 1081 2038 diceret
1113 1995 1278 2038 ‘exules
1311 2011 1360 2038 ac
1391 1994 1610 2051 perfidos'.

427 2094 448 2125 2
474 2089 669 2136 Horatius]
702 2100 813 2125 carm.
839 2089 891 2124 111
916 2093 973 2133 25,
1000 2093 1020 2124 2
1057 2091 1070 2135 ΙΙ
1106 2094 1127 2124 6
1153 2089 1241 2136 ipsi]
1277 2100 1403 2135 georg.
1430 2089 1481 2123 III
1507 2093 1575 2124 376
1613 2090 1624 2135 ss
1663 2093 1707 2124 14
1741 2089 1838 2134 quod
1867 2090 2037 2134 superest

333 2148 363 2174 e.
391 2149 426 2182 q.
453 2137 498 2183 s.]
532 2137 577 2172 cf.
604 2138 696 2173 Don.
723 2137 771 2173 ad
796 2137 878 2173 Ter.
895 2137 1017 2173 ·And1·.
1046 2137 1079 2171 11
1105 2141 1137 2181 5,
1166 2141 1183 2171 1

429 2226 449 2256 2
483 2220 621 2256 femino
647 2219 682 2254 L
718 2222 731 2265 ΙΙ
766 2220 906 2265 posuit]
946 2221 1013 2255 sub
1049 2221 1173 2255 monte
1205 2231 1337 2264 specus
1370 2219 1469 2255 altae
1507 2220 1592 2255 add.
1620 2218 1821 2254 Fabricius
1875 2219 1921 2262 cf.
1948 2230 2037 2254 ann.

333 2280 365 2304 v.
392 2273 461 2304 420
487 2280 546 2313 ap.
582 2268 684 2304 Vahl.
704 2269 717 2313 ΙΙ
748 2272 768 2303 3
796 2268 913 2315 quod]
940 2279 1012 2313 quo
1038 2281 1062 2303 a
1080 2270 1092 2313 ΙΙ
1118 2267 1201 2302 odie
1228 2267 1295 2312 Fu
1325 2271 1348 2302 4
1373 2267 1444 2302 hoc
1470 2296 1477 2303 .
1500 2295 1507 2302 .
1529 2295 1536 2303 .
1564 2278 1585 2301 ο
1611 2278 1740 2311 specus
1767 2278 1833 2302 om.
1860 2266 2003 2301 LHM
2027 2266 2036 2312 ll

335 2316 445 2351 huius
471 2315 619 2362 specus]
646 2326 712 2351 om.
733 2315 816 2359 AS,
842 2316 909 2351 hos
936 2326 1067 2361 specus
1087 2315 1128 2350 F
1143 2316 1154 2360 Ι]
1175 2318 1195 2350 5
1221 2326 1243 2350 ο
1269 2314 1415 2360 specus]
1443 2317 1482 2350 et
1506 2324 1527 2349 o
1552 2325 1682 2359 specus
1703 2313 1775 2349 AS
1810 2314 1882 2348 hoc
1908 2325 2038 2359 specus

334 2365 371 2398 R
397 2364 503 2407 (corr.
529 2364 564 2407 r)
583 2365 595 2408 ΙΙ
621 2374 706 2398 nam
733 2374 799 2405 om,
826 2363 912 2398 LH
926 2364 939 2408 ΙΙ
967 2367 987 2398 6
1014 2363 1094 2408 ipse
1120 2363 1153 2397 L
1171 2364 1184 2407 ΙΙ
1208 2361 1246 2397 in
1272 2372 1338 2397 om.
1358 2362 1392 2396 L
1418 2362 1516 2407 (add.
1544 2362 1570 2406 l)
1589 2362 1601 2407 ΙΙ
1620 2361 1757 2396 defossi
1783 2362 1818 2395 R
1837 2362 1849 2407 ΙΙ
1867 2361 2038 2406 specibus

336 2411 377 2446 F
391 2412 404 2456 ΙΙ
436 2415 454 2446 7
481 2410 707 2445 horrendum
733 2410 852 2446 ASF
875 2414 980 2453 (corr.
1007 2412 1044 2456 a)
1065 2412 1076 2457 ΙΙ
1107 2415 1128 2446 8
1155 2411 1203 2446 ad
1227 2408 1413 2455 spiracula
1437 2410 1479 2444 in
1503 2421 1616 2455 marq.
1644 2408 1795 2454 quidam
1820 2409 1905 2445 loca
1929 2408 2039 2444 huius

335 2458 438 2494 modi
463 2469 486 2492 a
509 2457 727 2502 pestilentia
758 2459 908 2503 spiritus
940 2458 1126 2503 spiracula
1155 2456 1283 2492 uocari
1321 2456 1466 2499 dicunt,
1504 2456 1571 2492 alii
1602 2456 1702 2502 quod
1734 2457 1835 2491 terra
1867 2455 2038 2501 spiritum

336 2504 462 2541 reddit
490 2505 522 2539 Τ
538 2506 551 2549 ΙΙ
571 2505 609 2551 a]
637 2505 684 2540 ab
710 2505 750 2539 F
765 2507 778 2551 ss
802 2505 993 2551 spirando]
1022 2506 1123 2550 quod
1147 2505 1200 2540 ibi
1225 2504 1368 2539 hostiae
1393 2504 1567 2539 admotae
1593 2503 1792 2539 concidant
1817 2505 1855 2539 et
1878 2502 2039 2545 morianss

337 2552 398 2589 tur‘
424 2553 507 2588 add.
524 2553 747 2597 Stephanus:
773 2564 865 2598 quae
889 2554 986 2588 unde
1004 2555 1124 2598 petita
1147 2554 1224 2588 sint
1241 2553 1370 2588 nescio.
1403 2552 1448 2594 cf.
1470 2553 1519 2586 ad
1537 2563 1568 2586 v.
1584 2555 1652 2586 363
1671 2552 1684 2596 ΙΙ
1702 2551 1872 2596 pir-acula
1889 2551 1962 2585 AS
1969 2551 2038 2585 lm:

338 2600 535 2646 sporacula
559 2599 596 2634 R
641 2599 827 2644 spiracula
851 2600 939 2635 LH
978 2600 1123 2645 spicula
1150 2600 1203 2644 F,
1236 2611 1301 2635 om.
1331 2600 1379 2634 M
1414 2600 1425 2644 ΙΙ
1463 2603 1482 2633 9
1513 2610 1607 2643 quae
1633 2599 1735 2633 dicta
1760 2599 1846 2633 sunt
1870 2609 1936 2633 om.
1962 2597 1998 2632 R
2029 2597 2041 2643 l}

339 2659 494 2683 nem-ron
521 2647 555 2682 A
593 2658 751 2682 ΠεΡΛΤοΝ
777 2648 811 2681 L
847 2659 1013 2682 nem-run
1040 2648 1085 2682 H
1116 2659 1276 2683 ueparuN
1303 2647 1351 2681 M
1368 2647 1379 2693 ΙΙ
1401 2650 1441 2680 11
1469 2658 1597 2680 cosmi*
1617 2645 1656 2680 F
1672 2647 1684 2691 ΙΙ
1703 2657 1816 2680 simus
1842 2646 1940 2688 libri,
1966 2645 2041 2680 nisi

337 2696 433 2741 quod
457 2706 580 2730 mnus
606 2695 650 2729 Η
665 2695 677 2739 ΙΙ
697 2694 838 2740 condit]
866 2695 1036 2730 conditae
1063 2695 1108 2729 H
1140 2694 1308 2730 condidit
1333 2694 1371 2728 F
1387 2695 1399 2739 ΙΙ
1418 2693 1560 2738 degunt
1585 2693 1624 2727 F
1641 2694 1652 2739 ΙΙ
1685 2697 1727 2727 13
1754 2692 1946 2727 reuelabat
1971 2692 2004 2726 L
2029 2691 2040 2735 l!

337 2743 547 2789 recreabat]
574 2742 634 2777 cui
660 2741 872 2786 praesentia
898 2741 955 2775 sui
981 2745 1061 2777 erat
1086 2742 1188 2778 oneri
1213 2743 1297 2777 add.
1315 2741 1354 2775 D
1371 2742 1384 2786 u
1406 2744 1448 2776 15
1474 2751 1586 2785 quam
1607 2770 1613 2776 .
1631 2768 1638 2775 .
1656 2769 1663 2776 .
1685 2740 1851 2774 extrema
1873 2751 1940 2775 om.
1956 2739 2045 2773 LH

339 2790 439 2835 (add.
466 2791 492 2835 Z)
517 2790 529 2835 Π
554 2789 681 2835 quam]
708 2800 802 2833 quae
829 2789 895 2833 Fu
925 2793 968 2823 16
995 2791 1160 2824 extrema
1184 2791 1222 2824 et
1247 2790 1353 2824 ornet
1378 2790 1390 2824 l
1414 2789 1425 2835 ΙΙ
1453 2788 1507 2834 et]
1534 2789 1644 2832 atque
1672 2787 1711 2821 F
1733 2789 1745 2832 ΙΙ
1778 2791 1821 2822 18
1846 2786 1884 2821 id
1911 2788 1967 2821 est
1992 2785 2040 2820 ad

337 2837 517 2873 auxilium
543 2837 583 2872 F
599 2838 611 2883 ΙΙ
631 2837 669 2872 et
693 2836 741 2871 ad
766 2835 944 2871 ultionem
972 2836 1007 2870 R
1026 2838 1038 2882 ss
1069 2841 1110 2871 19
1138 2839 1176 2872 et
1201 2836 1330 2872 dicunt
1356 2864 1363 2871 .
1387 2864 1393 2871 .
1417 2864 1424 2870 .
1451 2836 1670 2871 temerarint
1694 2846 1759 2870 om.
1777 2835 1835 2877 M,
1860 2835 1902 2869 in
1926 2844 2039 2878 mary.

337 2896 417 2929 sup.
443 2885 528 2919 add.
554 2896 597 2919 m.
625 2885 636 2931 ΙΙ
668 2888 713 2919 20
739 2895 822 2919 cum
849 2912 856 2919 .
880 2910 886 2918 .
909 2912 915 2919 .
942 2883 1160 2918 temerarint
1185 2895 1250 2918 om.
1271 2884 1401 2918 RLH
1422 2884 1520 2928 (add.
1548 2884 1573 2924 l)
1604 2884 1615 2928 ΙΙ
1646 2886 1688 2916 21
1717 2883 1943 2917 temerarent
1966 2892 2002 2915 m
2027 2880 2038 2926 Η

339 2936 384 2967 22
408 2932 490 2977 ipso
515 2931 660 2967 feruore
686 2930 880 2966 seditionis
901 2930 1099 2965 RLHM:
1126 2930 1163 2964 in
1189 2930 1270 2975 ipso
1297 2931 1441 2966 scilicet
1465 2929 1660 2965 seditionis
1681 2927 1854 2964 incendio
1874 2926 2010 2963 ASFl
2029 2926 2040 2973 ΙΙ

340 2984 384 3015 23
411 2979 602 3025 subaudis]
629 2991 695 3014 om..
722 2978 810 3013 LH
832 2979 930 3024 (add.
958 2979 996 3023 l),
1024 2979 1060 3012 et
1085 2977 1259 3012 subaudis
1285 2978 1356 3012 AS
1392 2979 1403 3023 ΙΙ
1441 2977 1533 3012 dicit
1557 2975 1734 3011 subaudis
1762 2976 1810 3009 M
1845 2976 1856 3021 ΙΙ
1892 2980 2040 3010 teucros

340 3028 466 3062 autem
490 3026 668 3061 iniuriose
694 3027 834 3062 dictum
860 3025 987 3070 accipe
1013 3036 1056 3060 ac
1083 3024 1114 3059 si
1139 3025 1280 3059 diceret
1305 3025 1409 3068 (quia
1433 3024 1463 3059 si
1490 3024 1573 3058 add.
1597 3024 1658 3068 M)
1684 3023 1809 3058 exules
1834 3033 1878 3056 ac
1903 3023 1956 3066 (et
1980 3021 2042 3066 M)

327 3073 500 3120 -perfidos
526 3073 641 3108 ASR
651 3074 699 3108 M
706 3074 745 3108 F
776 3073 830 3120 sslf
841 3075 989 3109 teucros
1018 3071 1126 3117 quasi
1157 3072 1281 3106 exules
1308 3071 1447 3106 diceret
1477 3071 1637 3115 perfidos
1662 3070 1698 3104 L
1730 3070 1889 3114 (teucros
1915 3071 2041 3104 autem

340 3121 518 3157 iniuriose
549 3119 691 3156 dictum
727 3122 854 3166 accipe
886 3120 992 3166 quasi
1023 3119 1147 3155 exules
1179 3118 1319 3152 diceret
1350 3129 1393 3152 ac
1425 3118 1585 3162 perfidos
1616 3117 1643 3161 l)
1688 3118 1726 3152 et
1755 3117 1902 3151 teucros
1935 3116 2041 3160 quasi

342 3170 467 3205 exules
492 3167 588 3204 dixit
611 3168 768 3213 perfides
794 3169 838 3203 H
851 3169 864 3214 ΙΙ
883 3172 928 3203 24
954 3168 1003 3203 ad
1026 3178 1057 3203 v.
1084 3168 1153 3202 579
1180 3178 1219 3200 sn
1245 3177 1365 3200 mmm:
1390 3177 1490 3200 psum
1516 3163 1692 3199 interiore
1716 3162 1974 3199 familiaritate
2000 3164 2042 3198 ut

340 3216 526 3252 iuuenalis
552 3216 617 3261 (ΙΙΙ
644 3216 726 3261 124)
755 3215 906 3251 ‘limine
931 3214 1173 3251 submoneor’
1202 3213 1241 3248 D
