<?xml version="1.0" encoding="UTF-8"?>
<!DOCTYPE html PUBLIC "-//W3C//DTD XHTML 1.0 Transitional//EN"
    "http://www.w3.org/TR/xhtml1/DTD/xhtml1-transitional.dtd">
<html xmlns="http://www.w3.org/1999/xhtml" xml:lang="en" lang="en">
 <head>
  <title>
</title>
<meta http-equiv="Content-Type" content="text/html;charset=utf-8" />
  <meta name='ocr-system' content='tesseract 3.04.00' />
  <meta name='ocr-capabilities' content='ocr_page ocr_carea ocr_par ocr_line ocrx_word'/>
</head>
<body>
  <div class='ocr_page' id='page_1' title='image "./invergiliicarmin02servuoft_0384.png"; bbox 0 0 2092 3614; ppageno 0'>
   <div class='ocr_carea' id='block_1_1' title="bbox 276 663 297 694">
    <p class='ocr_par' dir='ltr' id='par_1_1' title="bbox 276 663 297 694">
     <span class='ocr_line' id='line_1_1' title="bbox 276 663 297 694; baseline 0 0"><span class='ocrx_word' id='word_1_1' title='bbox 276 663 297 694; x_wconf 83' lang='lat'>5</span> 
     </span>
    </p>
   </div>
   <div class='ocr_carea' id='block_1_2' title="bbox 255 1020 298 1051">
    <p class='ocr_par' dir='ltr' id='par_1_2' title="bbox 255 1020 298 1051">
     <span class='ocr_line' id='line_1_2' title="bbox 255 1020 298 1051; baseline 0.023 -1"><span class='ocrx_word' id='word_1_2' title='bbox 255 1020 298 1051; x_wconf 87' lang='lat'><em>10</em></span> 
     </span>
    </p>
   </div>
   <div class='ocr_carea' id='block_1_3' title="bbox 255 1376 297 1408">
    <p class='ocr_par' dir='ltr' id='par_1_3' title="bbox 255 1376 297 1408">
     <span class='ocr_line' id='line_1_3' title="bbox 255 1376 297 1408; baseline 0 0"><span class='ocrx_word' id='word_1_3' title='bbox 255 1376 297 1408; x_wconf 82' lang='lat'><em>15</em></span> 
     </span>
    </p>
   </div>
   <div class='ocr_carea' id='block_1_4' title="bbox 253 1735 298 1766">
    <p class='ocr_par' dir='ltr' id='par_1_4' title="bbox 253 1735 298 1766">
     <span class='ocr_line' id='line_1_4' title="bbox 253 1735 298 1766; baseline -0.022 0"><span class='ocrx_word' id='word_1_4' title='bbox 253 1735 298 1766; x_wconf 78' lang='lat'><em>20</em></span> 
     </span>
    </p>
   </div>
   <div class='ocr_carea' id='block_1_5' title="bbox 252 2092 297 2123">
    <p class='ocr_par' dir='ltr' id='par_1_5' title="bbox 252 2092 297 2123">
     <span class='ocr_line' id='line_1_5' title="bbox 252 2092 297 2123; baseline 0.022 -1"><span class='ocrx_word' id='word_1_5' title='bbox 252 2092 297 2123; x_wconf 81' lang='lat'><em>25</em></span> 
     </span>
    </p>
   </div>
   <div class='ocr_carea' id='block_1_6' title="bbox 324 257 1258 302">
    <p class='ocr_par' dir='ltr' id='par_1_6' title="bbox 324 257 1258 302">
     <span class='ocr_line' id='line_1_6' title="bbox 324 257 1258 302; baseline -0.01 0"><span class='ocrx_word' id='word_1_6' title='bbox 324 260 412 302; x_wconf 81' lang='grc'><em>370</em></span> <span class='ocrx_word' id='word_1_7' title='bbox 1097 257 1258 294; x_wconf 79' lang='lat' dir='ltr'><strong>SERVH</strong></span> 
     </span>
    </p>
   </div>
   <div class='ocr_carea' id='block_1_7' title="bbox 320 367 2034 2279">
    <p class='ocr_par' dir='ltr' id='par_1_7' title="bbox 442 367 2028 423">
     <span class='ocr_line' id='line_1_7' title="bbox 442 367 2028 423; baseline -0.001 -12"><span class='ocrx_word' id='word_1_8' title='bbox 442 369 541 411; x_wconf 82' lang='lat'><em>671.</em></span> <span class='ocrx_word' id='word_1_9' title='bbox 589 379 827 411; x_wconf 82' lang='lat' dir='ltr'>MONTIBVS</span> <span class='ocrx_word' id='word_1_10' title='bbox 859 379 1043 419; x_wconf 80' lang='lat' dir='ltr'><strong>AEQVOS</strong></span> <span class='ocrx_word' id='word_1_11' title='bbox 1075 367 1194 423; x_wconf 88' lang='lat' dir='ltr'><em>Idae,</em></span> <span class='ocrx_word' id='word_1_12' title='bbox 1232 367 1299 410; x_wconf 85' lang='lat' dir='ltr'><em>vel</em></span> <span class='ocrx_word' id='word_1_13' title='bbox 1332 367 1423 408; x_wconf 91' lang='lat' dir='ltr'><em>eius</em></span> <span class='ocrx_word' id='word_1_14' title='bbox 1456 367 1684 410; x_wconf 84' lang='lat' dir='ltr'><strong>arboribus</strong></span> <span class='ocrx_word' id='word_1_15' title='bbox 1717 367 2028 423; x_wconf 85' lang='lat' dir='ltr'><em>exaequandos.</em></span> 
     </span>
    </p>

    <p class='ocr_par' dir='ltr' id='par_1_8' title="bbox 320 438 2034 2137">
     <span class='ocr_line' id='line_1_8' title="bbox 442 438 2030 493; baseline -0.002 -10"><span class='ocrx_word' id='word_1_16' title='bbox 442 441 540 483; x_wconf 81' lang='lat'><em>672.</em></span> <span class='ocrx_word' id='word_1_17' title='bbox 590 456 707 483; x_wconf 69' lang='lat' dir='ltr'><em>nvols</em></span> <span class='ocrx_word' id='word_1_18' title='bbox 733 457 892 483; x_wconf 78' lang='lat' dir='ltr'><em>IMPERIO</em></span> <span class='ocrx_word' id='word_1_19' title='bbox 923 456 1113 483; x_wconf 58' lang='lat' dir='ltr'><em>coumssa</em></span> <span class='ocrx_word' id='word_1_20' title='bbox 1144 443 1220 482; x_wconf 89' lang='lat' dir='ltr'><em>aut</em></span> <span class='ocrx_word' id='word_1_21' title='bbox 1241 453 1345 493; x_wconf 78' lang='lat' dir='ltr'><em>quae</em></span> <span class='ocrx_word' id='word_1_22' title='bbox 1370 439 1428 481; x_wconf 87' lang='lat' dir='ltr'><em>eis</em></span> <span class='ocrx_word' id='word_1_23' title='bbox 1456 438 1596 491; x_wconf 82' lang='lat' dir='ltr'><em>fuerat</em></span> <span class='ocrx_word' id='word_1_24' title='bbox 1620 440 1836 482; x_wconf 86' lang='lat' dir='ltr'><em>commissa</em></span> <span class='ocrx_word' id='word_1_25' title='bbox 1859 440 2030 493; x_wconf 87' lang='lat' dir='ltr'><em>imperio</em></span> 
     </span>
     <span class='ocr_line' id='line_1_9' title="bbox 322 510 2033 567; baseline -0.002 -13"><span class='ocrx_word' id='word_1_26' title='bbox 322 512 500 554; x_wconf 89' lang='lat' dir='ltr'><em>absentis</em></span> <span class='ocrx_word' id='word_1_27' title='bbox 535 511 718 554; x_wconf 82' lang='lat' dir='ltr'><em>Aeneae:</em></span> <span class='ocrx_word' id='word_1_28' title='bbox 761 514 851 567; x_wconf 86' lang='lat' dir='ltr'><em>aut,</em></span> <span class='ocrx_word' id='word_1_29' title='bbox 894 511 1003 564; x_wconf 78' lang='lat' dir='ltr'><em>quod</em></span> <span class='ocrx_word' id='word_1_30' title='bbox 1043 513 1102 552; x_wconf 88' lang='lat' dir='ltr'><em>est</em></span> <span class='ocrx_word' id='word_1_31' title='bbox 1136 510 1299 565; x_wconf 88' lang='lat' dir='ltr'><em>melius,</em></span> <span class='ocrx_word' id='word_1_32' title='bbox 1341 523 1445 563; x_wconf 77' lang='lat' dir='ltr'><em>quae</em></span> <span class='ocrx_word' id='word_1_33' title='bbox 1482 510 1655 564; x_wconf 89' lang='lat' dir='ltr'><em>imperio</em></span> <span class='ocrx_word' id='word_1_34' title='bbox 1692 511 1855 563; x_wconf 80' lang='lat' dir='ltr'><em>Aeneae</em></span> <span class='ocrx_word' id='word_1_35' title='bbox 1894 510 2033 563; x_wconf 83' lang='lat' dir='ltr'><em>fuerat</em></span> 
     </span>
     <span class='ocr_line' id='line_1_10' title="bbox 327 582 2032 638; baseline -0.001 -14"><span class='ocrx_word' id='word_1_36' title='bbox 327 582 596 638; x_wconf 75' lang='lat' dir='ltr'><em>‘commissa’‚</em></span> <span class='ocrx_word' id='word_1_37' title='bbox 627 583 673 625; x_wconf 86' lang='lat' dir='ltr'><em>id</em></span> <span class='ocrx_word' id='word_1_38' title='bbox 701 586 760 625; x_wconf 84' lang='lat' dir='ltr'><em>est</em></span> <span class='ocrx_word' id='word_1_39' title='bbox 788 583 951 625; x_wconf 88' lang='lat' dir='ltr'><em>clausa:</em></span> <span class='ocrx_word' id='word_1_40' title='bbox 989 582 1097 624; x_wconf 87' lang='lat' dir='ltr'><em>unde</em></span> <span class='ocrx_word' id='word_1_41' title='bbox 1125 585 1164 624; x_wconf 88' lang='lat' dir='ltr'><em>et</em></span> <span class='ocrx_word' id='word_1_42' title='bbox 1193 582 1482 624; x_wconf 79' lang='lat' dir='ltr'><em>commissurae</em></span> <span class='ocrx_word' id='word_1_43' title='bbox 1511 582 1704 624; x_wconf 84' lang='lat' dir='ltr'><em>dicuntur</em></span> <span class='ocrx_word' id='word_1_44' title='bbox 1733 582 2032 623; x_wconf 85' lang='lat' dir='ltr'><em>coniunctiones</em></span> 
     </span>
     <span class='ocr_line' id='line_1_11' title="bbox 323 653 2034 707; baseline -0.001 -11"><span class='ocrx_word' id='word_1_45' title='bbox 323 655 571 697; x_wconf 82' lang='lat' dir='ltr'><em>tabularum.</em></span> <span class='ocrx_word' id='word_1_46' title='bbox 632 654 853 696; x_wconf 83' lang='lat' dir='ltr'><em>secundum</em></span> <span class='ocrx_word' id='word_1_47' title='bbox 895 654 1145 707; x_wconf 89' lang='lat' dir='ltr'><em>superiorem</em></span> <span class='ocrx_word' id='word_1_48' title='bbox 1187 667 1351 696; x_wconf 89' lang='lat' dir='ltr'><em>sensum</em></span> <span class='ocrx_word' id='word_1_49' title='bbox 1391 654 1646 695; x_wconf 86' lang='lat' dir='ltr'><em>contrarium</em></span> <span class='ocrx_word' id='word_1_50' title='bbox 1684 656 1744 695; x_wconf 81' lang='lat' dir='ltr'><em>est</em></span> <span class='ocrx_word' id='word_1_51' title='bbox 1781 654 1889 707; x_wconf 77' lang='lat' dir='ltr'><em>quod</em></span> <span class='ocrx_word' id='word_1_52' title='bbox 1925 653 2034 695; x_wconf 78' lang='lat' dir='ltr'><em>dixit</em></span> 
     </span>
     <span class='ocr_line' id='line_1_12' title="bbox 322 723 2030 781; baseline -0.001 -13"><span class='ocrx_word' id='word_1_53' title='bbox 322 725 466 781; x_wconf 85' lang='lat'>&lt;171&gt;</span> <span class='ocrx_word' id='word_1_54' title='bbox 500 725 685 768; x_wconf 72' lang='lat' dir='ltr'><em>‘rectores</em></span> <span class='ocrx_word' id='word_1_55' title='bbox 714 726 907 767; x_wconf 81' lang='lat' dir='ltr'><em>iuvenum</em></span> <span class='ocrx_word' id='word_1_56' title='bbox 937 728 975 767; x_wconf 88' lang='lat' dir='ltr'><em>et</em></span> <span class='ocrx_word' id='word_1_57' title='bbox 1004 738 1143 767; x_wconf 88' lang='lat' dir='ltr'><em>rerum</em></span> <span class='ocrx_word' id='word_1_58' title='bbox 1173 726 1281 768; x_wconf 86' lang='lat' dir='ltr'><em>dedit</em></span> <span class='ocrx_word' id='word_1_59' title='bbox 1309 738 1391 767; x_wconf 91' lang='lat' dir='ltr'><em>esse</em></span> <span class='ocrx_word' id='word_1_60' title='bbox 1421 723 1666 778; x_wconf 71' lang='lat' dir='ltr'><em>mayistros&#39;.</em></span> <span class='ocrx_word' id='word_1_61' title='bbox 1729 726 1892 767; x_wconf 78' lang='lat' dir='ltr'><em>Aeneas</em></span> <span class='ocrx_word' id='word_1_62' title='bbox 1922 725 2030 767; x_wconf 88' lang='lat' dir='ltr'><em>enim</em></span> 
     </span>
     <span class='ocr_line' id='line_1_13' title="bbox 323 795 2030 852; baseline -0.001 -13"><span class='ocrx_word' id='word_1_63' title='bbox 323 797 537 840; x_wconf 77' lang='lat' dir='ltr'><em>abscedens</em></span> <span class='ocrx_word' id='word_1_64' title='bbox 569 797 831 852; x_wconf 88' lang='lat' dir='ltr'><em>principibus</em></span> <span class='ocrx_word' id='word_1_65' title='bbox 868 797 1055 839; x_wconf 89' lang='lat' dir='ltr'><em>omnium</em></span> <span class='ocrx_word' id='word_1_66' title='bbox 1091 810 1229 838; x_wconf 87' lang='lat' dir='ltr'><em>rerum</em></span> <span class='ocrx_word' id='word_1_67' title='bbox 1266 797 1524 838; x_wconf 76' lang='lat' dir='ltr'><em>commiserat</em></span> <span class='ocrx_word' id='word_1_68' title='bbox 1552 810 1707 838; x_wconf 88' lang='lat' dir='ltr'><em>curam.</em></span> <span class='ocrx_word' id='word_1_69' title='bbox 1767 797 1845 838; x_wconf 89' lang='lat' dir='ltr'><em>alii</em></span> <span class='ocrx_word' id='word_1_70' title='bbox 1876 795 2030 838; x_wconf 73' lang='lat' dir='ltr'><em>‘ducis&#39;</em></span> 
     </span>
     <span class='ocr_line' id='line_1_14' title="bbox 321 868 2032 922; baseline -0.001 -11"><span class='ocrx_word' id='word_1_71' title='bbox 321 869 555 911; x_wconf 81' lang='lat' dir='ltr'><em>Ascanium</em></span> <span class='ocrx_word' id='word_1_72' title='bbox 599 868 816 922; x_wconf 86' lang='lat' dir='ltr'><em>accipiunt.</em></span> <span class='ocrx_word' id='word_1_73' title='bbox 878 868 956 910; x_wconf 89' lang='lat' dir='ltr'><em>alii</em></span> <span class='ocrx_word' id='word_1_74' title='bbox 998 868 1256 910; x_wconf 76' lang='lat' dir='ltr'><em>commissam</em></span> <span class='ocrx_word' id='word_1_75' title='bbox 1304 868 1391 910; x_wconf 88' lang='lat' dir='ltr'><em>ideo</em></span> <span class='ocrx_word' id='word_1_76' title='bbox 1436 868 1619 910; x_wconf 86' lang='lat' dir='ltr'><em>clausam</em></span> <span class='ocrx_word' id='word_1_77' title='bbox 1661 869 1885 922; x_wconf 86' lang='lat' dir='ltr'><em>accipiunt,</em></span> <span class='ocrx_word' id='word_1_78' title='bbox 1932 868 2032 922; x_wconf 78' lang='lat' dir='ltr'><em>quia</em></span> 
     </span>
     <span class='ocr_line' id='line_1_15' title="bbox 321 939 2033 995; baseline -0.001 -12"><span class='ocrx_word' id='word_1_79' title='bbox 321 940 511 994; x_wconf 85' lang='lat' dir='ltr'><em>superius</em></span> <span class='ocrx_word' id='word_1_80' title='bbox 543 940 657 995; x_wconf 85' lang='lat'>&lt;37&gt;</span> <span class='ocrx_word' id='word_1_81' title='bbox 690 940 834 982; x_wconf 87' lang='lat' dir='ltr'><em>lectum</em></span> <span class='ocrx_word' id='word_1_82' title='bbox 873 943 932 982; x_wconf 85' lang='lat' dir='ltr'><em>est</em></span> <span class='ocrx_word' id='word_1_83' title='bbox 968 939 1083 982; x_wconf 75' lang='lat' dir='ltr'><em>‘heia</em></span> <span class='ocrx_word' id='word_1_84' title='bbox 1119 941 1275 994; x_wconf 66' lang='lat' dir='ltr'><em>inqenti</em></span> <span class='ocrx_word' id='word_1_85' title='bbox 1311 940 1487 982; x_wconf 87' lang='lat' dir='ltr'><em>clamore</em></span> <span class='ocrx_word' id='word_1_86' title='bbox 1513 953 1587 993; x_wconf 89' lang='lat' dir='ltr'><em>per</em></span> <span class='ocrx_word' id='word_1_87' title='bbox 1617 953 1754 982; x_wconf 89' lang='lat' dir='ltr'><em>omnes</em></span> <span class='ocrx_word' id='word_1_88' title='bbox 1784 941 1964 982; x_wconf 83' lang='lat' dir='ltr'><em>condunt</em></span> <span class='ocrx_word' id='word_1_89' title='bbox 1991 954 2033 982; x_wconf 92' lang='lat' dir='ltr'><em>se</em></span> 
     </span>
     <span class='ocr_line' id='line_1_16' title="bbox 326 1010 2032 1066; baseline 0 -13"><span class='ocrx_word' id='word_1_90' title='bbox 326 1012 473 1053; x_wconf 80' lang='lat' dir='ltr'><em>Teucri</em></span> <span class='ocrx_word' id='word_1_91' title='bbox 496 1010 687 1065; x_wconf 87' lang='lat' dir='ltr'><em>portas’:</em></span> <span class='ocrx_word' id='word_1_92' title='bbox 718 1011 863 1064; x_wconf 80' lang='lat' dir='ltr'><em>quietis</em></span> <span class='ocrx_word' id='word_1_93' title='bbox 894 1012 1017 1053; x_wconf 85' lang='lat' dir='ltr'><em>enim·</em></span> <span class='ocrx_word' id='word_1_94' title='bbox 1033 1011 1152 1054; x_wconf 83' lang='lat' dir='ltr'><em>rebus</em></span> <span class='ocrx_word' id='word_1_95' title='bbox 1178 1014 1322 1065; x_wconf 87' lang='lat' dir='ltr'><em>portae</em></span> <span class='ocrx_word' id='word_1_96' title='bbox 1343 1011 1559 1066; x_wconf 83' lang='lat' dir='ltr'><em>patebant,</em></span> <span class='ocrx_word' id='word_1_97' title='bbox 1582 1025 1661 1065; x_wconf 93' lang='lat' dir='ltr'><em>per</em></span> <span class='ocrx_word' id='word_1_98' title='bbox 1690 1025 1792 1065; x_wconf 77' lang='lat' dir='ltr'><em>quas</em></span> <span class='ocrx_word' id='word_1_99' title='bbox 1819 1025 1859 1054; x_wconf 89' lang='lat' dir='ltr'><em>se</em></span> <span class='ocrx_word' id='word_1_100' title='bbox 1888 1011 2032 1054; x_wconf 82' lang='lat' dir='ltr'><em>Teucri</em></span> 
     </span>
     <span class='ocr_line' id='line_1_17' title="bbox 323 1081 2033 1136; baseline -0.001 -11"><span class='ocrx_word' id='word_1_101' title='bbox 323 1083 398 1125; x_wconf 86' lang='lat' dir='ltr'><em>sub</em></span> <span class='ocrx_word' id='word_1_102' title='bbox 428 1084 646 1125; x_wconf 84' lang='lat' dir='ltr'><em>adventum</em></span> <span class='ocrx_word' id='word_1_103' title='bbox 677 1082 803 1124; x_wconf 80' lang='lat' dir='ltr'><em>hostis</em></span> <span class='ocrx_word' id='word_1_104' title='bbox 833 1086 1087 1136; x_wconf 75' lang='lat' dir='ltr'><em>receperant:</em></span> <span class='ocrx_word' id='word_1_105' title='bbox 1125 1086 1339 1136; x_wconf 86' lang='lat' dir='ltr'><em>propterea</em></span> <span class='ocrx_word' id='word_1_106' title='bbox 1375 1083 1484 1136; x_wconf 78' lang='lat' dir='ltr'><em>quod</em></span> <span class='ocrx_word' id='word_1_107' title='bbox 1511 1083 1575 1124; x_wconf 83' lang='lat' dir='ltr'><em>ait</em></span> <span class='ocrx_word' id='word_1_108' title='bbox 1604 1082 1719 1136; x_wconf 84' lang='lat'>&lt;39&gt;</span> <span class='ocrx_word' id='word_1_109' title='bbox 1753 1081 1944 1136; x_wconf 80' lang='lat' dir='ltr'><em>‘namque</em></span> <span class='ocrx_word' id='word_1_110' title='bbox 1972 1083 2033 1125; x_wconf 83' lang='lat' dir='ltr'><em>ita</em></span> 
     </span>
     <span class='ocr_line' id='line_1_18' title="bbox 323 1154 2033 1208; baseline -0.001 -12"><span class='ocrx_word' id='word_1_111' title='bbox 323 1155 527 1196; x_wconf 78' lang='lat' dir='ltr'><em>discedens</em></span> <span class='ocrx_word' id='word_1_112' title='bbox 562 1157 826 1208; x_wconf 74' lang='lat' dir='ltr'><em>praeceperat</em></span> <span class='ocrx_word' id='word_1_113' title='bbox 866 1154 1044 1207; x_wconf 85' lang='lat' dir='ltr'><em>optimus</em></span> <span class='ocrx_word' id='word_1_114' title='bbox 1085 1154 1217 1196; x_wconf 88' lang='lat' dir='ltr'><em>armis</em></span> <span class='ocrx_word' id='word_1_115' title='bbox 1253 1154 1433 1205; x_wconf 84' lang='lat' dir='ltr'><em>Aeneas,</em></span> <span class='ocrx_word' id='word_1_116' title='bbox 1477 1154 1515 1196; x_wconf 89' lang='lat' dir='ltr'><em>si</em></span> <span class='ocrx_word' id='word_1_117' title='bbox 1554 1167 1636 1208; x_wconf 80' lang='lat' dir='ltr'><em>qua</em></span> <span class='ocrx_word' id='word_1_118' title='bbox 1672 1154 1826 1196; x_wconf 88' lang='lat' dir='ltr'><em>interea</em></span> <span class='ocrx_word' id='word_1_119' title='bbox 1861 1154 2033 1207; x_wconf 82' lang='lat' dir='ltr'><em>fortuna</em></span> 
     </span>
     <span class='ocr_line' id='line_1_19' title="bbox 320 1214 2032 1280; baseline 0 -13"><span class='ocrx_word' id='word_1_120' title='bbox 320 1226 484 1279; x_wconf 83' lang='lat' dir='ltr'><em>fuisset,</em></span> <span class='ocrx_word' id='word_1_121' title='bbox 523 1225 638 1280; x_wconf 80' lang='lat'>&lt;55&gt;</span> <span class='ocrx_word' id='word_1_122' title='bbox 671 1239 753 1267; x_wconf 89' lang='lat' dir='ltr'><em>non</em></span> <span class='ocrx_word' id='word_1_123' title='bbox 785 1238 912 1278; x_wconf 79' lang='lat' dir='ltr'><em>aequo</em></span> <span class='ocrx_word' id='word_1_124' title='bbox 948 1226 1047 1267; x_wconf 91' lang='lat' dir='ltr'><em>dare</em></span> <span class='ocrx_word' id='word_1_125' title='bbox 1076 1238 1118 1267; x_wconf 88' lang='lat' dir='ltr'><em>se</em></span> <span class='ocrx_word' id='word_1_126' title='bbox 1149 1238 1310 1280; x_wconf 88' lang='lat' dir='ltr'><em>campo,</em></span> <span class='ocrx_word' id='word_1_127' title='bbox 1345 1239 1430 1268; x_wconf 92' lang='lat' dir='ltr'><em>non</em></span> <span class='ocrx_word' id='word_1_128' title='bbox 1466 1225 1584 1267; x_wconf 85' lang='lat' dir='ltr'><em>obvia</em></span> <span class='ocrx_word' id='word_1_129' title='bbox 1618 1214 1726 1277; x_wconf 82' lang='lat' dir='ltr'><em>ferre</em></span> <span class='ocrx_word' id='word_1_130' title='bbox 1761 1239 1883 1267; x_wconf 90' lang='lat' dir='ltr'><em>arma</em></span> <span class='ocrx_word' id='word_1_131' title='bbox 1912 1226 2032 1280; x_wconf 85' lang='lat' dir='ltr'><em>viros,</em></span> 
     </span>
     <span class='ocr_line' id='line_1_20' title="bbox 323 1295 2032 1350; baseline -0.001 -10"><span class='ocrx_word' id='word_1_132' title='bbox 323 1299 394 1340; x_wconf 86' lang='lat' dir='ltr'><em>sed</em></span> <span class='ocrx_word' id='word_1_133' title='bbox 428 1300 566 1340; x_wconf 85' lang='lat' dir='ltr'><em>castra</em></span> <span class='ocrx_word' id='word_1_134' title='bbox 600 1296 766 1350; x_wconf 78' lang='lat' dir='ltr'><em>fovere&#39;.</em></span> <span class='ocrx_word' id='word_1_135' title='bbox 822 1310 922 1339; x_wconf 87' lang='lat' dir='ltr'><em>sane</em></span> <span class='ocrx_word' id='word_1_136' title='bbox 953 1295 1212 1339; x_wconf 75' lang='lat' dir='ltr'><em>‘commissa&#39;</em></span> <span class='ocrx_word' id='word_1_137' title='bbox 1243 1297 1350 1339; x_wconf 87' lang='lat' dir='ltr'><em>deest</em></span> <span class='ocrx_word' id='word_1_138' title='bbox 1387 1295 1505 1338; x_wconf 72' lang='lat' dir='ltr'><em>‘sibi&#39;</em></span> <span class='ocrx_word' id='word_1_139' title='bbox 1543 1297 1605 1339; x_wconf 83' lang='lat' dir='ltr'><em>vel</em></span> <span class='ocrx_word' id='word_1_140' title='bbox 1636 1295 1775 1340; x_wconf 49' lang='grc' dir='ltr'><strong>(11ῐὶεῆ</strong></span> <span class='ocrx_word' id='word_1_141' title='bbox 1896 1307 2032 1339; x_wconf 83' lang='lat' dir='ltr'><em>Dvcls</em></span> 
     </span>
     <span class='ocr_line' id='line_1_21' title="bbox 324 1367 2033 1423; baseline -0.001 -13"><span class='ocrx_word' id='word_1_142' title='bbox 324 1380 520 1411; x_wconf 78' lang='lat' dir='ltr'><strong>IMPERIO</strong></span> <span class='ocrx_word' id='word_1_143' title='bbox 554 1380 785 1412; x_wconf 81' lang='lat' dir='ltr'>COMMISSA</span> <span class='ocrx_word' id='word_1_144' title='bbox 824 1368 982 1411; x_wconf 84' lang='lat' dir='ltr'><em>scimus</em></span> <span class='ocrx_word' id='word_1_145' title='bbox 1021 1367 1135 1423; x_wconf 89' lang='lat' dir='ltr'><em>quod</em></span> <span class='ocrx_word' id='word_1_146' title='bbox 1165 1368 1395 1411; x_wconf 90' lang='lat' dir='ltr'><em>Mnestheo</em></span> <span class='ocrx_word' id='word_1_147' title='bbox 1436 1370 1480 1410; x_wconf 90' lang='lat' dir='ltr'><em>et</em></span> <span class='ocrx_word' id='word_1_148' title='bbox 1510 1368 1607 1410; x_wconf 88' lang='lat' dir='ltr'><em>aliis</em></span> <span class='ocrx_word' id='word_1_149' title='bbox 1639 1368 1818 1410; x_wconf 89' lang='lat' dir='ltr'><em>ducibus</em></span> <span class='ocrx_word' id='word_1_150' title='bbox 1850 1368 2033 1423; x_wconf 89' lang='lat' dir='ltr'><em>impera-</em></span> 
     </span>
     <span class='ocr_line' id='line_1_22' title="bbox 323 1438 2033 1496; baseline -0.001 -14"><span class='ocrx_word' id='word_1_151' title='bbox 323 1442 448 1483; x_wconf 86' lang='lat' dir='ltr'><em>verat</em></span> <span class='ocrx_word' id='word_1_152' title='bbox 479 1440 668 1496; x_wconf 83' lang='lat' dir='ltr'><em>Aeneas,</em></span> <span class='ocrx_word' id='word_1_153' title='bbox 709 1439 761 1482; x_wconf 88' lang='lat' dir='ltr'><em>ad</em></span> <span class='ocrx_word' id='word_1_154' title='bbox 799 1439 987 1495; x_wconf 89' lang='lat' dir='ltr'><em>petenda</em></span> <span class='ocrx_word' id='word_1_155' title='bbox 1019 1438 1180 1481; x_wconf 89' lang='lat' dir='ltr'><em>auxilia</em></span> <span class='ocrx_word' id='word_1_156' title='bbox 1211 1438 1502 1494; x_wconf 89' lang='lat' dir='ltr'><em>proficiscens,</em></span> <span class='ocrx_word' id='word_1_157' title='bbox 1540 1454 1594 1481; x_wconf 91' lang='lat' dir='ltr'><em>ne</em></span> <span class='ocrx_word' id='word_1_158' title='bbox 1625 1441 1775 1494; x_wconf 87' lang='lat' dir='ltr'><em>portas</em></span> <span class='ocrx_word' id='word_1_159' title='bbox 1808 1439 2033 1494; x_wconf 87' lang='lat' dir='ltr'><em>aperirent,</em></span> 
     </span>
     <span class='ocr_line' id='line_1_23' title="bbox 323 1510 2033 1567; baseline -0.001 -14"><span class='ocrx_word' id='word_1_160' title='bbox 323 1515 373 1554; x_wconf 89' lang='lat' dir='ltr'><em>ut</em></span> <span class='ocrx_word' id='word_1_161' title='bbox 405 1512 519 1567; x_wconf 79' lang='lat'>&lt;42&gt;</span> <span class='ocrx_word' id='word_1_162' title='bbox 552 1511 710 1553; x_wconf 78' lang='lat' dir='ltr'><em>‘castra</em></span> <span class='ocrx_word' id='word_1_163' title='bbox 742 1510 868 1552; x_wconf 92' lang='lat' dir='ltr'><em>modo</em></span> <span class='ocrx_word' id='word_1_164' title='bbox 902 1512 945 1552; x_wconf 90' lang='lat' dir='ltr'><em>et</em></span> <span class='ocrx_word' id='word_1_165' title='bbox 975 1512 1096 1553; x_wconf 88' lang='lat' dir='ltr'><em>tutos</em></span> <span class='ocrx_word' id='word_1_166' title='bbox 1128 1512 1350 1553; x_wconf 88' lang='lat' dir='ltr'><em>servarent</em></span> <span class='ocrx_word' id='word_1_167' title='bbox 1381 1524 1539 1566; x_wconf 80' lang='lat' dir='ltr'><em>aggere</em></span> <span class='ocrx_word' id='word_1_168' title='bbox 1571 1510 1746 1553; x_wconf 90' lang='lat' dir='ltr'><em>muros’.</em></span> <span class='ocrx_word' id='word_1_169' title='bbox 1790 1511 1896 1553; x_wconf 90' lang='lat' dir='ltr'><em>item</em></span> <span class='ocrx_word' id='word_1_170' title='bbox 1927 1510 2033 1566; x_wconf 84' lang='lat' dir='ltr'><em>legi-</em></span> 
     </span>
     <span class='ocr_line' id='line_1_24' title="bbox 324 1580 2032 1638; baseline -0.001 -13"><span class='ocrx_word' id='word_1_171' title='bbox 324 1598 419 1625; x_wconf 85' lang='lat' dir='ltr'><em>mus</em></span> <span class='ocrx_word' id='word_1_172' title='bbox 445 1581 676 1625; x_wconf 88' lang='lat' dir='ltr'><em>Mnesthea</em></span> <span class='ocrx_word' id='word_1_173' title='bbox 702 1584 746 1623; x_wconf 90' lang='lat' dir='ltr'><em>et</em></span> <span class='ocrx_word' id='word_1_174' title='bbox 770 1580 989 1624; x_wconf 82' lang='lat' dir='ltr'><em>Serestum</em></span> <span class='ocrx_word' id='word_1_175' title='bbox 1023 1581 1222 1624; x_wconf 89' lang='lat' dir='ltr'><em>ductores</em></span> <span class='ocrx_word' id='word_1_176' title='bbox 1254 1582 1389 1624; x_wconf 87' lang='lat' dir='ltr'><em>fuisse</em></span> <span class='ocrx_word' id='word_1_177' title='bbox 1422 1584 1465 1624; x_wconf 87' lang='lat' dir='ltr'><em>et</em></span> <span class='ocrx_word' id='word_1_178' title='bbox 1492 1596 1636 1624; x_wconf 89' lang='lat' dir='ltr'><em>rerum</em></span> <span class='ocrx_word' id='word_1_179' title='bbox 1662 1582 1916 1638; x_wconf 87' lang='lat' dir='ltr'><em>magistros,</em></span> <span class='ocrx_word' id='word_1_180' title='bbox 1945 1596 2032 1624; x_wconf 88' lang='lat' dir='ltr'><em>non</em></span> 
     </span>
     <span class='ocr_line' id='line_1_25' title="bbox 326 1652 2034 1708; baseline -0.001 -12"><span class='ocrx_word' id='word_1_181' title='bbox 326 1654 573 1696; x_wconf 87' lang='lat' dir='ltr'><em>Pandarum</em></span> <span class='ocrx_word' id='word_1_182' title='bbox 599 1654 643 1695; x_wconf 90' lang='lat' dir='ltr'><em>et</em></span> <span class='ocrx_word' id='word_1_183' title='bbox 667 1652 850 1695; x_wconf 86' lang='lat' dir='ltr'><em>Bitiam:</em></span> <span class='ocrx_word' id='word_1_184' title='bbox 883 1652 994 1694; x_wconf 88' lang='lat' dir='ltr'><em>unde</em></span> <span class='ocrx_word' id='word_1_185' title='bbox 1019 1655 1203 1708; x_wconf 81' lang='lat' dir='ltr'><em>apparet</em></span> <span class='ocrx_word' id='word_1_186' title='bbox 1229 1653 1330 1708; x_wconf 91' lang='lat' dir='ltr'><em>quia</em></span> <span class='ocrx_word' id='word_1_187' title='bbox 1360 1653 1472 1695; x_wconf 90' lang='lat' dir='ltr'><em>hunc</em></span> <span class='ocrx_word' id='word_1_188' title='bbox 1504 1653 1644 1695; x_wconf 87' lang='lat' dir='ltr'><em>locum</em></span> <span class='ocrx_word' id='word_1_189' title='bbox 1676 1653 1788 1695; x_wconf 89' lang='lat' dir='ltr'><em>male</em></span> <span class='ocrx_word' id='word_1_190' title='bbox 1819 1653 2034 1695; x_wconf 73' lang='lat' dir='ltr'><em>intellexit</em></span> 
     </span>
     <span class='ocr_line' id='line_1_26' title="bbox 324 1724 2034 1781; baseline -0.001 -13"><span class='ocrx_word' id='word_1_191' title='bbox 324 1725 544 1781; x_wconf 75' lang='lat' dir='ltr'><em>Donatus,</em></span> <span class='ocrx_word' id='word_1_192' title='bbox 581 1725 745 1780; x_wconf 89' lang='lat' dir='ltr'><em>dicens,</em></span> <span class='ocrx_word' id='word_1_193' title='bbox 784 1724 1059 1767; x_wconf 84' lang='lat' dir='ltr'><em>commissam</em></span> <span class='ocrx_word' id='word_1_194' title='bbox 1096 1726 1286 1780; x_wconf 88' lang='lat' dir='ltr'><em>portam,</em></span> <span class='ocrx_word' id='word_1_195' title='bbox 1322 1724 1366 1766; x_wconf 86' lang='lat' dir='ltr'><em>id</em></span> <span class='ocrx_word' id='word_1_196' title='bbox 1398 1726 1464 1767; x_wconf 88' lang='lat' dir='ltr'><em>est</em></span> <span class='ocrx_word' id='word_1_197' title='bbox 1495 1724 1722 1780; x_wconf 89' lang='lat' dir='ltr'><em>creditam,</em></span> <span class='ocrx_word' id='word_1_198' title='bbox 1759 1724 1958 1767; x_wconf 85' lang='lat' dir='ltr'><em>Pandaro</em></span> <span class='ocrx_word' id='word_1_199' title='bbox 1991 1725 2034 1765; x_wconf 91' lang='lat' dir='ltr'><em>et</em></span> 
     </span>
     <span class='ocr_line' id='line_1_27' title="bbox 324 1794 2033 1852; baseline -0.001 -13"><span class='ocrx_word' id='word_1_200' title='bbox 324 1796 484 1839; x_wconf 86' lang='lat' dir='ltr'><em>Bitiae:</em></span> <span class='ocrx_word' id='word_1_201' title='bbox 515 1796 590 1852; x_wconf 90' lang='lat' dir='ltr'><em>qui</em></span> <span class='ocrx_word' id='word_1_202' title='bbox 622 1796 749 1838; x_wconf 89' lang='lat' dir='ltr'><em>duces</em></span> <span class='ocrx_word' id='word_1_203' title='bbox 780 1810 869 1838; x_wconf 90' lang='lat' dir='ltr'><em>non</em></span> <span class='ocrx_word' id='word_1_204' title='bbox 894 1798 1027 1838; x_wconf 88' lang='lat' dir='ltr'><em>erant.</em></span> <span class='ocrx_word' id='word_1_205' title='bbox 1073 1794 1290 1838; x_wconf 72' lang='lat' dir='ltr'><em>Cornutus</em></span> <span class='ocrx_word' id='word_1_206' title='bbox 1320 1809 1416 1838; x_wconf 90' lang='lat' dir='ltr'><em>vere</em></span> <span class='ocrx_word' id='word_1_207' title='bbox 1442 1798 1486 1838; x_wconf 90' lang='lat' dir='ltr'><em>et</em></span> <span class='ocrx_word' id='word_1_208' title='bbox 1511 1795 1665 1838; x_wconf 88' lang='lat' dir='ltr'><em>melius</em></span> <span class='ocrx_word' id='word_1_209' title='bbox 1692 1796 1844 1851; x_wconf 89' lang='lat' dir='ltr'><em>sensit,</em></span> <span class='ocrx_word' id='word_1_210' title='bbox 1875 1795 2033 1851; x_wconf 86' lang='lat' dir='ltr'><em>dicens,</em></span> 
     </span>
     <span class='ocr_line' id='line_1_28' title="bbox 322 1867 2031 1924; baseline -0.001 -13"><span class='ocrx_word' id='word_1_211' title='bbox 322 1871 495 1924; x_wconf 87' lang='lat' dir='ltr'><em>portam</em></span> <span class='ocrx_word' id='word_1_212' title='bbox 526 1882 635 1924; x_wconf 92' lang='lat' dir='ltr'><em>quae</em></span> <span class='ocrx_word' id='word_1_213' title='bbox 667 1867 785 1910; x_wconf 87' lang='lat' dir='ltr'><em>ducis</em></span> <span class='ocrx_word' id='word_1_214' title='bbox 824 1867 1006 1923; x_wconf 88' lang='lat' dir='ltr'><em>imperio</em></span> <span class='ocrx_word' id='word_1_215' title='bbox 1045 1867 1276 1910; x_wconf 84' lang='lat' dir='ltr'><em>commissa</em></span> <span class='ocrx_word' id='word_1_216' title='bbox 1311 1867 1472 1923; x_wconf 86' lang='lat' dir='ltr'><em>fuerat,</em></span> <span class='ocrx_word' id='word_1_217' title='bbox 1511 1867 1595 1910; x_wconf 90' lang='lat' dir='ltr'><em>hoc</em></span> <span class='ocrx_word' id='word_1_218' title='bbox 1633 1870 1699 1910; x_wconf 91' lang='lat' dir='ltr'><em>est</em></span> <span class='ocrx_word' id='word_1_219' title='bbox 1736 1868 1900 1923; x_wconf 86' lang='lat' dir='ltr'><em>clausa,</em></span> <span class='ocrx_word' id='word_1_220' title='bbox 1938 1882 2031 1910; x_wconf 88' lang='lat' dir='ltr'><em>eam</em></span> 
     </span>
     <span class='ocr_line' id='line_1_29' title="bbox 324 1938 2034 1996; baseline -0.001 -14"><span class='ocrx_word' id='word_1_221' title='bbox 324 1942 596 1996; x_wconf 87' lang='lat' dir='ltr'><em>aperuerunt.</em></span> <span class='ocrx_word' id='word_1_222' title='bbox 658 1939 940 1981; x_wconf 86' lang='lat' dir='ltr'><em>commissura</em></span> <span class='ocrx_word' id='word_1_223' title='bbox 978 1939 1093 1981; x_wconf 91' lang='lat' dir='ltr'><em>enim</em></span> <span class='ocrx_word' id='word_1_224' title='bbox 1132 1939 1287 1982; x_wconf 90' lang='lat' dir='ltr'><em>dicitur</em></span> <span class='ocrx_word' id='word_1_225' title='bbox 1324 1938 1571 1981; x_wconf 88' lang='lat' dir='ltr'><em>tabularum</em></span> <span class='ocrx_word' id='word_1_226' title='bbox 1617 1938 1878 1993; x_wconf 90' lang='lat' dir='ltr'><em>coniunctio,</em></span> <span class='ocrx_word' id='word_1_227' title='bbox 1923 1938 2034 1980; x_wconf 90' lang='lat' dir='ltr'><em>sicut</em></span> 
     </span>
     <span class='ocr_line' id='line_1_30' title="bbox 323 2009 2031 2066; baseline -0.001 -13"><span class='ocrx_word' id='word_1_228' title='bbox 323 2010 473 2054; x_wconf 87' lang='lat' dir='ltr'><em>Cicero</em></span> <span class='ocrx_word' id='word_1_229' title='bbox 499 2010 545 2052; x_wconf 90' lang='lat' dir='ltr'><em>in</em></span> <span class='ocrx_word' id='word_1_230' title='bbox 564 2009 848 2052; x_wconf 83' lang='lat' dir='ltr'><em>Fundaniana</em></span> <span class='ocrx_word' id='word_1_231' title='bbox 873 2010 1083 2052; x_wconf 87' lang='lat' dir='ltr'><em>meminit.</em></span> <span class='ocrx_word' id='word_1_232' title='bbox 1128 2023 1232 2066; x_wconf 86' lang='lat' dir='ltr'><em>ergo</em></span> <span class='ocrx_word' id='word_1_233' title='bbox 1266 2010 1417 2052; x_wconf 91' lang='lat' dir='ltr'><em>melius</em></span> <span class='ocrx_word' id='word_1_234' title='bbox 1450 2012 1516 2052; x_wconf 91' lang='lat' dir='ltr'><em>est</em></span> <span class='ocrx_word' id='word_1_235' title='bbox 1539 2012 1589 2051; x_wconf 91' lang='lat' dir='ltr'><em>ut</em></span> <span class='ocrx_word' id='word_1_236' title='bbox 1613 2010 1888 2052; x_wconf 87' lang='lat' dir='ltr'><em>commissam</em></span> <span class='ocrx_word' id='word_1_237' title='bbox 1919 2009 2031 2051; x_wconf 85' lang='lat' dir='ltr'><em>dica-</em></span> 
     </span>
     <span class='ocr_line' id='line_1_31' title="bbox 324 2080 1556 2137; baseline -0.002 -13"><span class='ocrx_word' id='word_1_238' title='bbox 324 2098 419 2125; x_wconf 90' lang='lat' dir='ltr'><em>mus</em></span> <span class='ocrx_word' id='word_1_239' title='bbox 452 2082 664 2137; x_wconf 85' lang='lat' dir='ltr'><em>clausam,</em></span> <span class='ocrx_word' id='word_1_240' title='bbox 697 2096 826 2137; x_wconf 91' lang='lat' dir='ltr'><em>quam</em></span> <span class='ocrx_word' id='word_1_241' title='bbox 859 2081 1068 2123; x_wconf 85' lang='lat' dir='ltr'><em>creditam</em></span> <span class='ocrx_word' id='word_1_242' title='bbox 1098 2080 1297 2123; x_wconf 88' lang='lat' dir='ltr'><em>Pandaro</em></span> <span class='ocrx_word' id='word_1_243' title='bbox 1330 2083 1373 2122; x_wconf 90' lang='lat' dir='ltr'><em>et</em></span> <span class='ocrx_word' id='word_1_244' title='bbox 1403 2080 1556 2123; x_wconf 87' lang='lat' dir='ltr'><em>Bitiae.</em></span> 
     </span>
    </p>

    <p class='ocr_par' dir='ltr' id='par_1_9' title="bbox 443 2151 1207 2207">
     <span class='ocr_line' id='line_1_32' title="bbox 443 2151 1207 2207; baseline -0.001 -11"><span class='ocrx_word' id='word_1_245' title='bbox 443 2153 541 2196; x_wconf 83' lang='grc'><strong>673.</strong></span> <span class='ocrx_word' id='word_1_246' title='bbox 590 2169 790 2196; x_wconf 80' lang='lat' dir='ltr'><em>MOENIBVS</em></span> <span class='ocrx_word' id='word_1_247' title='bbox 812 2167 894 2207; x_wconf 85' lang='lat' dir='ltr'><em>pro</em></span> <span class='ocrx_word' id='word_1_248' title='bbox 926 2151 987 2195; x_wconf 70' lang='lat' dir='ltr'><em>‘in</em></span> <span class='ocrx_word' id='word_1_249' title='bbox 1016 2151 1207 2195; x_wconf 82' lang='lat' dir='ltr'><em>moenia’.</em></span> 
     </span>
    </p>

    <p class='ocr_par' dir='ltr' id='par_1_10' title="bbox 442 2223 1916 2279">
     <span class='ocr_line' id='line_1_33' title="bbox 442 2223 1916 2279; baseline -0.001 -13"><span class='ocrx_word' id='word_1_250' title='bbox 442 2225 541 2267; x_wconf 83' lang='lat'><em>674.</em></span> <span class='ocrx_word' id='word_1_251' title='bbox 591 2235 680 2266; x_wconf 86' lang='lat' dir='ltr'><em>PRO</em></span> <span class='ocrx_word' id='word_1_252' title='bbox 714 2236 945 2267; x_wconf 79' lang='lat' dir='ltr'>TVRRIBVS</span> <span class='ocrx_word' id='word_1_253' title='bbox 978 2226 1053 2266; x_wconf 91' lang='lat' dir='ltr'><em>aut</em></span> <span class='ocrx_word' id='word_1_254' title='bbox 1084 2224 1175 2266; x_wconf 88' lang='lat' dir='ltr'><em>vice</em></span> <span class='ocrx_word' id='word_1_255' title='bbox 1206 2224 1408 2266; x_wconf 90' lang='lat' dir='ltr'><em>turrium:</em></span> <span class='ocrx_word' id='word_1_256' title='bbox 1441 2226 1516 2267; x_wconf 88' lang='lat' dir='ltr'><em>aut</em></span> <span class='ocrx_word' id='word_1_257' title='bbox 1546 2238 1625 2279; x_wconf 86' lang='lat' dir='ltr'><em>pro</em></span> <span class='ocrx_word' id='word_1_258' title='bbox 1659 2223 1916 2266; x_wconf 84' lang='lat' dir='ltr'><em>defensione.</em></span> 
     </span>
    </p>
   </div>
   <div class='ocr_carea' id='block_1_8' title="bbox 325 2375 2031 2471">
    <p class='ocr_par' dir='ltr' id='par_1_11' title="bbox 325 2375 2031 2471">
     <span class='ocr_line' id='line_1_34' title="bbox 418 2375 2031 2423; baseline -0.001 -10"><span class='ocrx_word' id='word_1_259' title='bbox 418 2381 463 2413; x_wconf 94' lang='grc'><em>20</em></span> <span class='ocrx_word' id='word_1_260' title='bbox 495 2378 664 2413; x_wconf 85' lang='lat' dir='ltr'><em>Donatus</em></span> <span class='ocrx_word' id='word_1_261' title='bbox 699 2377 826 2413; x_wconf 88' lang='lat' dir='ltr'><em>dicens</em></span> <span class='ocrx_word' id='word_1_262' title='bbox 853 2405 861 2413; x_wconf 95' lang='lat'><em>.</em></span> <span class='ocrx_word' id='word_1_263' title='bbox 888 2405 896 2412; x_wconf 90' lang='lat'><em>.</em></span> <span class='ocrx_word' id='word_1_264' title='bbox 924 2404 931 2412; x_wconf 90' lang='lat'><em>.</em></span> <span class='ocrx_word' id='word_1_265' title='bbox 959 2375 1156 2423; x_wconf 87' lang='lat' dir='ltr'><em>creditam]</em></span> <span class='ocrx_word' id='word_1_266' title='bbox 1189 2376 1234 2412; x_wconf 85' lang='lat' dir='ltr'><em>cf.</em></span> <span class='ocrx_word' id='word_1_267' title='bbox 1260 2375 1356 2412; x_wconf 88' lang='lat' dir='ltr'><em>Non.</em></span> <span class='ocrx_word' id='word_1_268' title='bbox 1382 2388 1419 2422; x_wconf 87' lang='lat' dir='ltr'><em>p.</em></span> <span class='ocrx_word' id='word_1_269' title='bbox 1445 2380 1525 2421; x_wconf 86' lang='grc'>249,</span> <span class='ocrx_word' id='word_1_270' title='bbox 1554 2380 1595 2411; x_wconf 95' lang='grc'><em>12</em></span> <span class='ocrx_word' id='word_1_271' title='bbox 1621 2377 1669 2412; x_wconf 93' lang='lat' dir='ltr'><em>M.</em></span> <span class='ocrx_word' id='word_1_272' title='bbox 1707 2378 1720 2423; x_wconf 85' lang='grc' dir='ltr'><em>ΙΙ</em></span> <span class='ocrx_word' id='word_1_273' title='bbox 1756 2380 1801 2411; x_wconf 85' lang='grc'>24</span> <span class='ocrx_word' id='word_1_274' title='bbox 1834 2376 1960 2411; x_wconf 85' lang='lat' dir='ltr'><em>Cicero</em></span> <span class='ocrx_word' id='word_1_275' title='bbox 1992 2377 2031 2411; x_wconf 90' lang='lat' dir='ltr'><em>in</em></span> 
     </span>
     <span class='ocr_line' id='line_1_35' title="bbox 325 2423 1177 2471; baseline 0 -12"><span class='ocrx_word' id='word_1_276' title='bbox 325 2425 585 2471; x_wconf 81' lang='lat' dir='ltr'><em>Fundaniana]</em></span> <span class='ocrx_word' id='word_1_277' title='bbox 611 2425 744 2471; x_wconf 87' lang='lat' dir='ltr'><em>fragm.</em></span> <span class='ocrx_word' id='word_1_278' title='bbox 772 2429 794 2459; x_wconf 85' lang='lat'>4</span> <span class='ocrx_word' id='word_1_279' title='bbox 820 2435 879 2470; x_wconf 90' lang='lat' dir='ltr'><em>ap.</em></span> <span class='ocrx_word' id='word_1_280' title='bbox 907 2423 1020 2460; x_wconf 88' lang='grc'><strong>01611.</strong></span> <span class='ocrx_word' id='word_1_281' title='bbox 1046 2436 1081 2470; x_wconf 90' lang='lat' dir='ltr'><em>p.</em></span> <span class='ocrx_word' id='word_1_282' title='bbox 1109 2427 1177 2459; x_wconf 85' lang='grc'>932</span> 
     </span>
    </p>
   </div>
   <div class='ocr_carea' id='block_1_9' title="bbox 322 2532 2032 2896">
    <p class='ocr_par' dir='ltr' id='par_1_12' title="bbox 1196 2532 1235 2557">
     <span class='ocr_line' id='line_1_36' title="bbox 1196 2532 1235 2557; baseline 0.026 -1"><span class='ocrx_word' id='word_1_283' title='bbox 1196 2532 1235 2557; x_wconf 94' lang='lat' dir='ltr'><em>bo</em></span> 
     </span>
    </p>

    <p class='ocr_par' dir='ltr' id='par_1_13' title="bbox 322 2566 2032 2896">
     <span class='ocr_line' id='line_1_37' title="bbox 421 2566 2030 2613; baseline 0 -11"><span class='ocrx_word' id='word_1_284' title='bbox 421 2571 438 2602; x_wconf 95' lang='lat'>1</span> <span class='ocrx_word' id='word_1_285' title='bbox 470 2566 579 2602; x_wconf 89' lang='lat' dir='ltr'><em>idaeo</em></span> <span class='ocrx_word' id='word_1_286' title='bbox 611 2566 646 2601; x_wconf 90' lang='lat' dir='ltr'><strong><em>L</em></strong></span> <span class='ocrx_word' id='word_1_287' title='bbox 687 2566 771 2601; x_wconf 88' lang='lat' dir='ltr'><em>ideo</em></span> <span class='ocrx_word' id='word_1_288' title='bbox 797 2566 847 2601; x_wconf 89' lang='lat' dir='ltr'><em>M</em></span> <span class='ocrx_word' id='word_1_289' title='bbox 878 2568 891 2612; x_wconf 75' lang='lat' dir='ltr'>ss</span> <span class='ocrx_word' id='word_1_290' title='bbox 928 2566 1138 2612; x_wconf 87' lang='lat' dir='ltr'><em>arboribus]</em></span> <span class='ocrx_word' id='word_1_291' title='bbox 1172 2566 1316 2601; x_wconf 87' lang='lat' dir='ltr'><em>arribus</em></span> <span class='ocrx_word' id='word_1_292' title='bbox 1342 2566 1377 2600; x_wconf 91' lang='lat' dir='ltr'><em>L</em></span> <span class='ocrx_word' id='word_1_293' title='bbox 1408 2567 1529 2612; x_wconf 88' lang='lat' dir='ltr'><em>(prius</em></span> <span class='ocrx_word' id='word_1_294' title='bbox 1554 2579 1572 2601; x_wconf 92' lang='lat' dir='ltr'><em>r</em></span> <span class='ocrx_word' id='word_1_295' title='bbox 1596 2567 1638 2602; x_wconf 90' lang='lat' dir='ltr'><em>in</em></span> <span class='ocrx_word' id='word_1_296' title='bbox 1662 2578 1735 2603; x_wconf 85' lang='lat' dir='ltr'><em>ras.</em></span> <span class='ocrx_word' id='word_1_297' title='bbox 1762 2571 1795 2603; x_wconf 87' lang='lat' dir='ltr'><em>et</em></span> <span class='ocrx_word' id='word_1_298' title='bbox 1818 2578 1846 2603; x_wconf 90' lang='lat' dir='ltr'><em>s.</em></span> <span class='ocrx_word' id='word_1_299' title='bbox 1871 2578 1903 2604; x_wconf 84' lang='lat' dir='ltr'><em>v.</em></span> <span class='ocrx_word' id='word_1_300' title='bbox 1930 2568 1978 2603; x_wconf 93' lang='lat' dir='ltr'><em>bo</em></span> <span class='ocrx_word' id='word_1_301' title='bbox 2004 2568 2030 2613; x_wconf 89' lang='lat' dir='ltr'><em>l)</em></span> 
     </span>
     <span class='ocr_line' id='line_1_38' title="bbox 323 2613 2029 2660; baseline 0 -10"><span class='ocrx_word' id='word_1_302' title='bbox 323 2615 475 2650; x_wconf 81' lang='lat' dir='ltr'><em>auribus</em></span> <span class='ocrx_word' id='word_1_303' title='bbox 501 2614 546 2649; x_wconf 91' lang='lat' dir='ltr'><em>H</em></span> <span class='ocrx_word' id='word_1_304' title='bbox 579 2613 774 2649; x_wconf 82' lang='lat' dir='ltr'><em>ardoribus</em></span> <span class='ocrx_word' id='word_1_305' title='bbox 802 2614 851 2648; x_wconf 90' lang='lat' dir='ltr'><em>M</em></span> <span class='ocrx_word' id='word_1_306' title='bbox 866 2615 879 2659; x_wconf 81' lang='grc' dir='ltr'><em>ΙΙ</em></span> <span class='ocrx_word' id='word_1_307' title='bbox 904 2618 925 2648; x_wconf 93' lang='grc'>2</span> <span class='ocrx_word' id='word_1_308' title='bbox 952 2613 987 2648; x_wconf 88' lang='grc'><em>61</em></span> <span class='ocrx_word' id='word_1_309' title='bbox 1011 2614 1150 2649; x_wconf 81' lang='lat' dir='ltr'><em>Daniel</em></span> <span class='ocrx_word' id='word_1_310' title='bbox 1167 2615 1180 2660; x_wconf 80' lang='grc' dir='ltr'><em>ΙΙ</em></span> <span class='ocrx_word' id='word_1_311' title='bbox 1205 2618 1226 2648; x_wconf 92' lang='grc'><strong>3</strong></span> <span class='ocrx_word' id='word_1_312' title='bbox 1253 2614 1342 2659; x_wconf 86' lang='lat' dir='ltr'><em>quid</em></span> <span class='ocrx_word' id='word_1_313' title='bbox 1369 2614 1418 2658; x_wconf 81' lang='lat' dir='ltr'><em>F,</em></span> <span class='ocrx_word' id='word_1_314' title='bbox 1444 2625 1534 2650; x_wconf 76' lang='lat' dir='ltr'><em>corr.</em></span> <span class='ocrx_word' id='word_1_315' title='bbox 1555 2614 1724 2660; x_wconf 79' lang='lat' dir='ltr'><em>Danielfl</em></span> <span class='ocrx_word' id='word_1_316' title='bbox 1751 2618 1773 2650; x_wconf 88' lang='lat'>8</span> <span class='ocrx_word' id='word_1_317' title='bbox 1799 2615 1927 2650; x_wconf 80' lang='lat' dir='ltr'><em>clausa</em></span> <span class='ocrx_word' id='word_1_318' title='bbox 1950 2614 2029 2650; x_wconf 89' lang='lat' dir='ltr'><em>Da-</em></span> 
     </span>
     <span class='ocr_line' id='line_1_39' title="bbox 323 2660 2029 2708; baseline -0.001 -10"><span class='ocrx_word' id='word_1_319' title='bbox 323 2664 398 2698; x_wconf 85' lang='lat' dir='ltr'><em>niel</em></span> <span class='ocrx_word' id='word_1_320' title='bbox 415 2664 428 2708; x_wconf 82' lang='grc' dir='ltr'><em>ΙΙ</em></span> <span class='ocrx_word' id='word_1_321' title='bbox 449 2666 492 2697; x_wconf 89' lang='grc'><em>10</em></span> <span class='ocrx_word' id='word_1_322' title='bbox 517 2661 701 2708; x_wconf 86' lang='lat' dir='ltr'><em>patebant</em></span> <span class='ocrx_word' id='word_1_323' title='bbox 724 2661 880 2696; x_wconf 80' lang='lat' dir='ltr'><em>Daniel:</em></span> <span class='ocrx_word' id='word_1_324' title='bbox 905 2661 1091 2706; x_wconf 84' lang='lat' dir='ltr'><em>putabant</em></span> <span class='ocrx_word' id='word_1_325' title='bbox 1117 2660 1157 2696; x_wconf 81' lang='lat' dir='ltr'><strong><em>F</em></strong></span> <span class='ocrx_word' id='word_1_326' title='bbox 1171 2662 1184 2706; x_wconf 75' lang='lat' dir='ltr'>n</span> <span class='ocrx_word' id='word_1_327' title='bbox 1205 2665 1247 2696; x_wconf 90' lang='lat'><em>13</em></span> <span class='ocrx_word' id='word_1_328' title='bbox 1275 2672 1313 2697; x_wconf 86' lang='lat' dir='ltr'><em>se</em></span> <span class='ocrx_word' id='word_1_329' title='bbox 1340 2661 1428 2697; x_wconf 82' lang='lat' dir='ltr'><em>dare</em></span> <span class='ocrx_word' id='word_1_330' title='bbox 1455 2662 1495 2696; x_wconf 84' lang='lat' dir='ltr'><em>F</em></span> <span class='ocrx_word' id='word_1_331' title='bbox 1511 2663 1522 2708; x_wconf 74' lang='grc' dir='ltr'><em>ΙΙ</em></span> <span class='ocrx_word' id='word_1_332' title='bbox 1544 2667 1587 2697; x_wconf 91' lang='grc'><em>14</em></span> <span class='ocrx_word' id='word_1_333' title='bbox 1614 2662 1832 2698; x_wconf 84' lang='lat' dir='ltr'><em>Servianum</em></span> <span class='ocrx_word' id='word_1_334' title='bbox 1855 2663 2029 2698; x_wconf 77' lang='lat' dir='ltr'><em>scholium</em></span> 
     </span>
     <span class='ocr_line' id='line_1_40' title="bbox 323 2707 2032 2755; baseline 0 -10"><span class='ocrx_word' id='word_1_335' title='bbox 323 2712 417 2746; x_wconf 81' lang='lat' dir='ltr'><em>deest</em></span> <span class='ocrx_word' id='word_1_336' title='bbox 451 2710 494 2745; x_wconf 84' lang='lat' dir='ltr'><em>in</em></span> <span class='ocrx_word' id='word_1_337' title='bbox 525 2709 770 2745; x_wconf 80' lang='lat' dir='ltr'><em>Floriacensi.</em></span> <span class='ocrx_word' id='word_1_338' title='bbox 822 2707 1114 2744; x_wconf 78' lang='lat' dir='ltr'><em>Caroliruhensis</em></span> <span class='ocrx_word' id='word_1_339' title='bbox 1151 2713 1183 2744; x_wconf 88' lang='lat' dir='ltr'><em>et</em></span> <span class='ocrx_word' id='word_1_340' title='bbox 1215 2709 1468 2754; x_wconf 74' lang='lat' dir='ltr'><em>Sanyallensis</em></span> <span class='ocrx_word' id='word_1_341' title='bbox 1505 2713 1589 2744; x_wconf 80' lang='lat' dir='ltr'><em>ante</em></span> <span class='ocrx_word' id='word_1_342' title='bbox 1620 2710 1739 2745; x_wconf 79' lang='lat' dir='ltr'><em>Servii</em></span> <span class='ocrx_word' id='word_1_343' title='bbox 1776 2710 2032 2755; x_wconf 77' lang='lat' dir='ltr'><em>expositionem</em></span> 
     </span>
     <span class='ocr_line' id='line_1_41' title="bbox 322 2756 2031 2802; baseline -0.001 -9"><span class='ocrx_word' id='word_1_344' title='bbox 322 2759 408 2793; x_wconf 79' lang='lat' dir='ltr'><em>haec</em></span> <span class='ocrx_word' id='word_1_345' title='bbox 433 2757 601 2793; x_wconf 78' lang='lat' dir='ltr'><em>exhibent</em></span> <span class='ocrx_word' id='word_1_346' title='bbox 631 2767 724 2802; x_wconf 75' lang='lat' dir='ltr'><em>quae</em></span> <span class='ocrx_word' id='word_1_347' title='bbox 755 2756 800 2791; x_wconf 90' lang='lat' dir='ltr'><em>ab</em></span> <span class='ocrx_word' id='word_1_348' title='bbox 831 2756 972 2791; x_wconf 84' lang='lat' dir='ltr'><em>homine</em></span> <span class='ocrx_word' id='word_1_349' title='bbox 1003 2757 1171 2800; x_wconf 84' lang='lat' dir='ltr'><em>imperito</em></span> <span class='ocrx_word' id='word_1_350' title='bbox 1203 2768 1220 2791; x_wconf 93' lang='lat' dir='ltr'><em>e</em></span> <span class='ocrx_word' id='word_1_351' title='bbox 1246 2756 1480 2792; x_wconf 85' lang='lat' dir='ltr'><em>Floriacensi</em></span> <span class='ocrx_word' id='word_1_352' title='bbox 1510 2758 1644 2792; x_wconf 85' lang='lat' dir='ltr'><em>scholio</em></span> <span class='ocrx_word' id='word_1_353' title='bbox 1663 2759 1783 2802; x_wconf 84' lang='lat' dir='ltr'><em>petita</em></span> <span class='ocrx_word' id='word_1_354' title='bbox 1813 2761 1899 2792; x_wconf 90' lang='lat' dir='ltr'><em>sunt</em></span> <span class='ocrx_word' id='word_1_355' title='bbox 1929 2769 2031 2792; x_wconf 58' lang='grc' dir='ltr'><strong>ονε-13</strong></span> 
     </span>
     <span class='ocr_line' id='line_1_42' title="bbox 323 2802 2030 2849; baseline 0 -11"><span class='ocrx_word' id='word_1_356' title='bbox 323 2817 466 2840; x_wconf 59' lang='lat' dir='ltr'><em>nummo</em></span> <span class='ocrx_word' id='word_1_357' title='bbox 493 2816 667 2839; x_wconf 72' lang='lat' dir='ltr'><em>commssA</em></span> <span class='ocrx_word' id='word_1_358' title='bbox 692 2804 757 2839; x_wconf 89' lang='lat' dir='ltr'><em>aut</em></span> <span class='ocrx_word' id='word_1_359' title='bbox 781 2814 877 2848; x_wconf 88' lang='lat' dir='ltr'><em>quae</em></span> <span class='ocrx_word' id='word_1_360' title='bbox 898 2802 952 2838; x_wconf 87' lang='lat' dir='ltr'><em>eis</em></span> <span class='ocrx_word' id='word_1_361' title='bbox 973 2803 1170 2839; x_wconf 86' lang='lat' dir='ltr'><em>commissa</em></span> <span class='ocrx_word' id='word_1_362' title='bbox 1195 2803 1319 2839; x_wconf 87' lang='lat' dir='ltr'><em>fuerat</em></span> <span class='ocrx_word' id='word_1_363' title='bbox 1342 2803 1500 2849; x_wconf 86' lang='lat' dir='ltr'><em>imperio</em></span> <span class='ocrx_word' id='word_1_364' title='bbox 1521 2805 1727 2840; x_wconf 87' lang='lat' dir='ltr'><em>habeuntes</em></span> <span class='ocrx_word' id='word_1_365' title='bbox 1753 2803 1936 2849; x_wconf 83' lang='lat' dir='ltr'><em>(abeuntis</em></span> <span class='ocrx_word' id='word_1_366' title='bbox 1956 2803 2030 2847; x_wconf 82' lang='lat' dir='ltr'><em>Sa)</em></span> 
     </span>
     <span class='ocr_line' id='line_1_43' title="bbox 323 2849 2031 2896; baseline -0.001 -9"><span class='ocrx_word' id='word_1_367' title='bbox 323 2863 461 2887; x_wconf 87' lang='lat' dir='ltr'><em>aeneae</em></span> <span class='ocrx_word' id='word_1_368' title='bbox 494 2853 561 2886; x_wconf 86' lang='lat' dir='ltr'><em>aut</em></span> <span class='ocrx_word' id='word_1_369' title='bbox 591 2851 691 2896; x_wconf 90' lang='lat' dir='ltr'><em>quod</em></span> <span class='ocrx_word' id='word_1_370' title='bbox 725 2852 783 2886; x_wconf 88' lang='lat' dir='ltr'><em>est</em></span> <span class='ocrx_word' id='word_1_371' title='bbox 813 2849 946 2885; x_wconf 87' lang='lat' dir='ltr'><em>melius</em></span> <span class='ocrx_word' id='word_1_372' title='bbox 982 2860 1076 2894; x_wconf 87' lang='lat' dir='ltr'><em>quae</em></span> <span class='ocrx_word' id='word_1_373' title='bbox 1111 2851 1268 2896; x_wconf 85' lang='lat' dir='ltr'><em>imperio</em></span> <span class='ocrx_word' id='word_1_374' title='bbox 1305 2862 1443 2887; x_wconf 82' lang='lat' dir='ltr'><em>aeneae</em></span> <span class='ocrx_word' id='word_1_375' title='bbox 1478 2851 1600 2887; x_wconf 83' lang='lat' dir='ltr'><em>fuerat</em></span> <span class='ocrx_word' id='word_1_376' title='bbox 1634 2851 1831 2886; x_wconf 84' lang='lat' dir='ltr'><em>commissa</em></span> <span class='ocrx_word' id='word_1_377' title='bbox 1864 2851 2031 2895; x_wconf 87' lang='lat' dir='ltr'><em>pandoro</em></span> 
     </span>
    </p>
   </div>
   <div class='ocr_carea' id='block_1_10' title="bbox 290 2898 2029 2945">
    <p class='ocr_par' dir='ltr' id='par_1_14' title="bbox 290 2898 2029 2945">
     <span class='ocr_line' id='line_1_44' title="bbox 290 2898 2029 2945; baseline -0.001 -11"><span class='ocrx_word' id='word_1_378' title='bbox 290 2925 294 2927; x_wconf 85' lang='lat'><em>-</em></span> <span class='ocrx_word' id='word_1_379' title='bbox 323 2900 504 2945; x_wconf 84' lang='lat' dir='ltr'><em>(pandaro</em></span> <span class='ocrx_word' id='word_1_380' title='bbox 531 2900 567 2944; x_wconf 89' lang='lat' dir='ltr'><em>a)</em></span> <span class='ocrx_word' id='word_1_381' title='bbox 605 2900 643 2934; x_wconf 87' lang='lat' dir='ltr'><em>et</em></span> <span class='ocrx_word' id='word_1_382' title='bbox 668 2898 784 2934; x_wconf 86' lang='lat' dir='ltr'><em>bitiae</em></span> <span class='ocrx_word' id='word_1_383' title='bbox 808 2909 854 2933; x_wconf 88' lang='lat' dir='ltr'><em>ne</em></span> <span class='ocrx_word' id='word_1_384' title='bbox 881 2898 1107 2933; x_wconf 86' lang='lat' dir='ltr'><em>contrarium</em></span> <span class='ocrx_word' id='word_1_385' title='bbox 1135 2898 1185 2933; x_wconf 85' lang='lat' dir='ltr'><em>sit</em></span> <span class='ocrx_word' id='word_1_386' title='bbox 1209 2899 1309 2944; x_wconf 89' lang='lat' dir='ltr'><em>quod</em></span> <span class='ocrx_word' id='word_1_387' title='bbox 1336 2898 1431 2933; x_wconf 86' lang='lat' dir='ltr'><em>dixit</em></span> <span class='ocrx_word' id='word_1_388' title='bbox 1456 2899 1618 2934; x_wconf 84' lang='lat' dir='ltr'><em>rectores</em></span> <span class='ocrx_word' id='word_1_389' title='bbox 1643 2899 1818 2933; x_wconf 90' lang='lat' dir='ltr'><em>iuuenum</em></span> <span class='ocrx_word' id='word_1_390' title='bbox 1845 2901 1884 2932; x_wconf 83' lang='lat' dir='ltr'><em>et</em></span> <span class='ocrx_word' id='word_1_391' title='bbox 1907 2910 2029 2933; x_wconf 86' lang='lat' dir='ltr'><em>rerum</em></span> 
     </span>
    </p>
   </div>
   <div class='ocr_carea' id='block_1_11' title="bbox 321 2945 2030 3277">
    <p class='ocr_par' dir='ltr' id='par_1_15' title="bbox 321 2945 2030 3277">
     <span class='ocr_line' id='line_1_45' title="bbox 323 2945 1988 2991; baseline 0 -11"><span class='ocrx_word' id='word_1_392' title='bbox 323 2947 428 2982; x_wconf 88' lang='lat' dir='ltr'><em>dedit</em></span> <span class='ocrx_word' id='word_1_393' title='bbox 458 2957 538 2982; x_wconf 86' lang='lat' dir='ltr'><em>esse</em></span> <span class='ocrx_word' id='word_1_394' title='bbox 570 2945 783 2991; x_wconf 86' lang='lat' dir='ltr'><em>magistros.</em></span> <span class='ocrx_word' id='word_1_395' title='bbox 833 2946 955 2981; x_wconf 88' lang='lat' dir='ltr'><em>eadem</em></span> <span class='ocrx_word' id='word_1_396' title='bbox 985 2946 1099 2980; x_wconf 80' lang='lat' dir='ltr'><em>edidit</em></span> <span class='ocrx_word' id='word_1_397' title='bbox 1125 2945 1350 2990; x_wconf 76' lang='lat' dir='ltr'><em>Stephanus,</em></span> <span class='ocrx_word' id='word_1_398' title='bbox 1386 2947 1462 2981; x_wconf 83' lang='lat' dir='ltr'><em>nisi</em></span> <span class='ocrx_word' id='word_1_399' title='bbox 1492 2947 1587 2990; x_wconf 78' lang='lat' dir='ltr'><em>quod</em></span> <span class='ocrx_word' id='word_1_400' title='bbox 1618 2946 1651 2980; x_wconf 89' lang='lat' dir='ltr'><em>ei</em></span> <span class='ocrx_word' id='word_1_401' title='bbox 1680 2956 1751 2990; x_wconf 87' lang='lat' dir='ltr'><em>pro</em></span> <span class='ocrx_word' id='word_1_402' title='bbox 1783 2945 1835 2980; x_wconf 83' lang='lat' dir='ltr'><em>eis</em></span> <span class='ocrx_word' id='word_1_403' title='bbox 1861 2946 1988 2990; x_wconf 86' lang='lat' dir='ltr'><em>posuit</em></span> 
     </span>
     <span class='ocr_line' id='line_1_46' title="bbox 325 2992 1965 3039; baseline -0.001 -11"><span class='ocrx_word' id='word_1_404' title='bbox 325 2998 368 3029; x_wconf 82' lang='grc'><em>16</em></span> <span class='ocrx_word' id='word_1_405' title='bbox 394 2993 631 3039; x_wconf 84' lang='lat' dir='ltr'><em>proficiscens</em></span> <span class='ocrx_word' id='word_1_406' title='bbox 657 2993 797 3028; x_wconf 84' lang='lat' dir='ltr'><em>auxilia</em></span> <span class='ocrx_word' id='word_1_407' title='bbox 823 2993 894 3028; x_wconf 83' lang='lat' dir='ltr'><em>AS</em></span> <span class='ocrx_word' id='word_1_408' title='bbox 903 2993 953 3028; x_wconf 91' lang='lat' dir='ltr'><em>M</em></span> <span class='ocrx_word' id='word_1_409' title='bbox 987 2992 1126 3027; x_wconf 83' lang='lat' dir='ltr'><em>auxilia</em></span> <span class='ocrx_word' id='word_1_410' title='bbox 1150 3003 1216 3028; x_wconf 91' lang='lat' dir='ltr'><em>om.</em></span> <span class='ocrx_word' id='word_1_411' title='bbox 1243 2993 1288 3028; x_wconf 88' lang='lat' dir='ltr'><em>H</em></span> <span class='ocrx_word' id='word_1_412' title='bbox 1315 2995 1326 3039; x_wconf 88' lang='grc' dir='ltr'><em>ΙΙ</em></span> <span class='ocrx_word' id='word_1_413' title='bbox 1366 2997 1406 3029; x_wconf 87' lang='grc'><em>17</em></span> <span class='ocrx_word' id='word_1_414' title='bbox 1433 2993 1492 3039; x_wconf 89' lang='lat' dir='ltr'><em>ut]</em></span> <span class='ocrx_word' id='word_1_415' title='bbox 1517 2992 1558 3027; x_wconf 91' lang='lat' dir='ltr'><em>in</em></span> <span class='ocrx_word' id='word_1_416' title='bbox 1583 2994 1619 3027; x_wconf 86' lang='lat' dir='ltr'><em>A</em></span> <span class='ocrx_word' id='word_1_417' title='bbox 1650 2994 1662 3039; x_wconf 81' lang='grc' dir='ltr'><em>ΙΙ</em></span> <span class='ocrx_word' id='word_1_418' title='bbox 1700 2995 1743 3027; x_wconf 91' lang='grc'><em>18</em></span> <span class='ocrx_word' id='word_1_419' title='bbox 1770 2993 1965 3027; x_wconf 86' lang='lat' dir='ltr'><em>mnesthea</em></span> 
     </span>
     <span class='ocr_line' id='line_1_47' title="bbox 321 3039 2028 3086; baseline -0.001 -10"><span class='ocrx_word' id='word_1_420' title='bbox 321 3041 492 3077; x_wconf 82' lang='lat' dir='ltr'><em>mnestea</em></span> <span class='ocrx_word' id='word_1_421' title='bbox 515 3040 552 3075; x_wconf 82' lang='lat' dir='ltr'><em>R</em></span> <span class='ocrx_word' id='word_1_422' title='bbox 588 3041 780 3076; x_wconf 83' lang='lat' dir='ltr'><em>mnesthae</em></span> <span class='ocrx_word' id='word_1_423' title='bbox 805 3039 857 3075; x_wconf 89' lang='lat' dir='ltr'><em>L:</em></span> <span class='ocrx_word' id='word_1_424' title='bbox 882 3042 1089 3075; x_wconf 83' lang='lat' dir='ltr'><em>mnesteum</em></span> <span class='ocrx_word' id='word_1_425' title='bbox 1116 3040 1189 3075; x_wconf 81' lang='lat' dir='ltr'><em>AS</em></span> <span class='ocrx_word' id='word_1_426' title='bbox 1225 3042 1411 3075; x_wconf 84' lang='lat' dir='ltr'><em>mnestum</em></span> <span class='ocrx_word' id='word_1_427' title='bbox 1440 3041 1485 3074; x_wconf 92' lang='lat' dir='ltr'><em>M</em></span> <span class='ocrx_word' id='word_1_428' title='bbox 1522 3041 1778 3075; x_wconf 84' lang='lat' dir='ltr'><em>mnesthaeum</em></span> <span class='ocrx_word' id='word_1_429' title='bbox 1807 3040 1819 3074; x_wconf 96' lang='lat' dir='ltr'><em>l</em></span> <span class='ocrx_word' id='word_1_430' title='bbox 1848 3042 1860 3086; x_wconf 85' lang='grc' dir='ltr'><em>ΙΙ</em></span> <span class='ocrx_word' id='word_1_431' title='bbox 1890 3041 2028 3086; x_wconf 86' lang='lat' dir='ltr'><em>rerum]</em></span> 
     </span>
     <span class='ocr_line' id='line_1_48' title="bbox 322 3085 2028 3134; baseline -0.001 -11"><span class='ocrx_word' id='word_1_432' title='bbox 322 3088 437 3124; x_wconf 85' lang='lat' dir='ltr'><em>fuisse</em></span> <span class='ocrx_word' id='word_1_433' title='bbox 462 3089 547 3124; x_wconf 80' lang='lat' dir='ltr'><em>add.</em></span> <span class='ocrx_word' id='word_1_434' title='bbox 573 3088 647 3123; x_wconf 78' lang='lat' dir='ltr'><em>AS</em></span> <span class='ocrx_word' id='word_1_435' title='bbox 677 3089 688 3134; x_wconf 91' lang='grc' dir='ltr'><em>ΙΙ</em></span> <span class='ocrx_word' id='word_1_436' title='bbox 722 3091 765 3123; x_wconf 85' lang='grc'><em>19</em></span> <span class='ocrx_word' id='word_1_437' title='bbox 791 3087 909 3123; x_wconf 86' lang='lat' dir='ltr'><em>bitian</em></span> <span class='ocrx_word' id='word_1_438' title='bbox 934 3087 970 3121; x_wconf 91' lang='lat' dir='ltr'><em>L</em></span> <span class='ocrx_word' id='word_1_439' title='bbox 1004 3085 1101 3122; x_wconf 89' lang='lat' dir='ltr'><em>bitia</em></span> <span class='ocrx_word' id='word_1_440' title='bbox 1125 3087 1170 3121; x_wconf 77' lang='lat' dir='ltr'><em>ll</em></span> <span class='ocrx_word' id='word_1_441' title='bbox 1196 3090 1208 3132; x_wconf 79' lang='lat' dir='ltr'>ss</span> <span class='ocrx_word' id='word_1_442' title='bbox 1240 3091 1285 3123; x_wconf 89' lang='grc'><em>20</em></span> <span class='ocrx_word' id='word_1_443' title='bbox 1311 3088 1457 3133; x_wconf 85' lang='lat' dir='ltr'><em>partem</em></span> <span class='ocrx_word' id='word_1_444' title='bbox 1482 3087 1527 3121; x_wconf 92' lang='lat' dir='ltr'><em>H</em></span> <span class='ocrx_word' id='word_1_445' title='bbox 1552 3088 1565 3131; x_wconf 79' lang='lat' dir='ltr'>ss</span> <span class='ocrx_word' id='word_1_446' title='bbox 1602 3091 1646 3121; x_wconf 91' lang='grc'><em>21</em></span> <span class='ocrx_word' id='word_1_447' title='bbox 1672 3097 1760 3121; x_wconf 86' lang='lat' dir='ltr'><em>uere</em></span> <span class='ocrx_word' id='word_1_448' title='bbox 1786 3088 1825 3122; x_wconf 82' lang='lat' dir='ltr'><em>et</em></span> <span class='ocrx_word' id='word_1_449' title='bbox 1850 3086 2028 3123; x_wconf 83' lang='lat' dir='ltr'><em>ASRH:</em></span> 
     </span>
     <span class='ocr_line' id='line_1_49' title="bbox 322 3134 2029 3181; baseline -0.002 -9"><span class='ocrx_word' id='word_1_450' title='bbox 322 3148 411 3172; x_wconf 86' lang='lat' dir='ltr'><em>uero</em></span> <span class='ocrx_word' id='word_1_451' title='bbox 437 3138 476 3172; x_wconf 84' lang='lat' dir='ltr'><em>et</em></span> <span class='ocrx_word' id='word_1_452' title='bbox 500 3135 534 3170; x_wconf 92' lang='lat' dir='ltr'><em>L</em></span> <span class='ocrx_word' id='word_1_453' title='bbox 576 3146 664 3170; x_wconf 88' lang='lat' dir='ltr'><em>uero</em></span> <span class='ocrx_word' id='word_1_454' title='bbox 693 3136 741 3169; x_wconf 91' lang='lat' dir='ltr'><em>M</em></span> <span class='ocrx_word' id='word_1_455' title='bbox 775 3136 788 3181; x_wconf 76' lang='lat' dir='ltr'>ss</span> <span class='ocrx_word' id='word_1_456' title='bbox 830 3139 875 3170; x_wconf 87' lang='grc'><em>22</em></span> <span class='ocrx_word' id='word_1_457' title='bbox 901 3135 1123 3180; x_wconf 84' lang='lat' dir='ltr'><em>portamque</em></span> <span class='ocrx_word' id='word_1_458' title='bbox 1149 3135 1222 3169; x_wconf 83' lang='lat' dir='ltr'><em>AS</em></span> <span class='ocrx_word' id='word_1_459' title='bbox 1258 3136 1479 3180; x_wconf 82' lang='lat' dir='ltr'><em>partemque</em></span> <span class='ocrx_word' id='word_1_460' title='bbox 1506 3135 1554 3168; x_wconf 91' lang='lat' dir='ltr'><em>M</em></span> <span class='ocrx_word' id='word_1_461' title='bbox 1588 3135 1601 3179; x_wconf 77' lang='grc' dir='ltr'><em>ΙΙ</em></span> <span class='ocrx_word' id='word_1_462' title='bbox 1643 3138 1688 3169; x_wconf 88' lang='grc'><em>23</em></span> <span class='ocrx_word' id='word_1_463' title='bbox 1715 3136 1969 3179; x_wconf 83' lang='lat' dir='ltr'><em>apparuerunt</em></span> <span class='ocrx_word' id='word_1_464' title='bbox 1993 3134 2029 3169; x_wconf 90' lang='lat' dir='ltr'><em>A</em></span> 
     </span>
     <span class='ocr_line' id='line_1_50' title="bbox 322 3181 2030 3229; baseline -0.001 -11"><span class='ocrx_word' id='word_1_465' title='bbox 322 3183 574 3229; x_wconf 74' lang='lat' dir='ltr'><em>apparuerunt</em></span> <span class='ocrx_word' id='word_1_466' title='bbox 599 3182 628 3218; x_wconf 79' lang='lat' dir='ltr'><em>S</em></span> <span class='ocrx_word' id='word_1_467' title='bbox 634 3194 658 3217; x_wconf 88' lang='lat' dir='ltr'><em>a</em></span> <span class='ocrx_word' id='word_1_468' title='bbox 694 3183 919 3227; x_wconf 85' lang='lat' dir='ltr'><em>aperuerant</em></span> <span class='ocrx_word' id='word_1_469' title='bbox 941 3181 977 3215; x_wconf 94' lang='lat' dir='ltr'><em>L</em></span> <span class='ocrx_word' id='word_1_470' title='bbox 996 3183 1008 3228; x_wconf 84' lang='grc' dir='ltr'><em>ΙΙ</em></span> <span class='ocrx_word' id='word_1_471' title='bbox 1026 3181 1237 3216; x_wconf 74' lang='lat' dir='ltr'><em>tabularum</em></span> <span class='ocrx_word' id='word_1_472' title='bbox 1263 3182 1400 3217; x_wconf 87' lang='lat' dir='ltr'><em>dicitur</em></span> <span class='ocrx_word' id='word_1_473' title='bbox 1425 3182 1461 3216; x_wconf 80' lang='lat' dir='ltr'><em>R</em></span> <span class='ocrx_word' id='word_1_474' title='bbox 1479 3182 1492 3228; x_wconf 81' lang='grc' dir='ltr'><em>ΙΙ</em></span> <span class='ocrx_word' id='word_1_475' title='bbox 1510 3185 1556 3216; x_wconf 87' lang='grc'>24</span> <span class='ocrx_word' id='word_1_476' title='bbox 1580 3182 1619 3216; x_wconf 83' lang='grc'><em>111</em></span> <span class='ocrx_word' id='word_1_477' title='bbox 1644 3181 1825 3217; x_wconf 89' lang='lat' dir='ltr'><em>fundania</em></span> <span class='ocrx_word' id='word_1_478' title='bbox 1851 3193 1936 3217; x_wconf 86' lang='lat' dir='ltr'><em>nam</em></span> <span class='ocrx_word' id='word_1_479' title='bbox 1955 3181 2030 3217; x_wconf 80' lang='lat' dir='ltr'><em>AS</em></span> 
     </span>
     <span class='ocr_line' id='line_1_51' title="bbox 323 3228 1605 3277; baseline -0.003 -10"><span class='ocrx_word' id='word_1_480' title='bbox 323 3233 429 3277; x_wconf 86' lang='lat' dir='ltr'><em>(corr.</em></span> <span class='ocrx_word' id='word_1_481' title='bbox 457 3232 494 3276; x_wconf 90' lang='lat' dir='ltr'><em>a)</em></span> <span class='ocrx_word' id='word_1_482' title='bbox 531 3229 571 3265; x_wconf 90' lang='lat' dir='ltr'><em>in</em></span> <span class='ocrx_word' id='word_1_483' title='bbox 595 3229 803 3265; x_wconf 88' lang='lat' dir='ltr'><em>Fonteiana</em></span> <span class='ocrx_word' id='word_1_484' title='bbox 829 3230 1036 3265; x_wconf 82' lang='lat' dir='ltr'><em>Masvicius</em></span> <span class='ocrx_word' id='word_1_485' title='bbox 1059 3230 1072 3274; x_wconf 83' lang='grc' dir='ltr'><em>ΙΙ</em></span> <span class='ocrx_word' id='word_1_486' title='bbox 1097 3232 1141 3263; x_wconf 79' lang='grc'>27</span> <span class='ocrx_word' id='word_1_487' title='bbox 1169 3231 1235 3264; x_wconf 88' lang='lat' dir='ltr'><em>aut</em></span> <span class='ocrx_word' id='word_1_488' title='bbox 1258 3233 1343 3265; x_wconf 84' lang='lat' dir='ltr'><em>ante</em></span> <span class='ocrx_word' id='word_1_489' title='bbox 1367 3229 1451 3264; x_wconf 85' lang='lat' dir='ltr'><em>uice</em></span> <span class='ocrx_word' id='word_1_490' title='bbox 1477 3239 1543 3264; x_wconf 86' lang='lat' dir='ltr'><em>om.</em></span> <span class='ocrx_word' id='word_1_491' title='bbox 1564 3228 1605 3263; x_wconf 88' lang='lat' dir='ltr'><strong><em>F</em></strong></span> 
     </span>
    </p>
   </div>
  </div>
 </body>
</html>
