2124 3600
266 663 286 694 5

245 1021 290 1052 10

248 1378 289 1409 15

311 262 336 302 8
1082 262 1245 298 SERVII

310 372 444 425 stupri
474 370 612 413 dolum
641 370 876 423 fabricasse.
984 382 1155 413 MINOIA
1187 382 1339 413 REGNA
1374 370 1548 414 Cretam
1578 373 1739 424 seilicet,
1770 374 1816 415 id
1844 377 1901 416 est
1930 373 2015 415 Mi-

310 443 402 484 nois
431 442 656 484 saevitiam.

434 512 500 555 15.
549 503 865 556 PRAEPETIBVS
897 526 1064 556 PENNIS
1103 513 1318 556 felicibus:
1359 516 1585 569 praepetes
1624 515 1739 557 enim
1778 518 1879 558 sunt
1916 531 2016 559 aves

313 584 416 626 boni
459 584 647 640 augurii,
690 584 803 640 quod
842 585 943 627 huie
983 585 1074 640 dat,
1119 585 1219 639 quia
1261 585 1468 640 pervenit.
1588 603 1853 630 PRAEPETJBVS
1878 604 2020 631 PENNJS

312 655 520 700 velocibus.
570 659 783 710 praepetes
820 659 955 699 autem
992 657 1122 699 dietae
1158 656 1218 699 vel
1253 657 1362 710 quod
1388 656 1539 710 priora
1567 660 1730 710 petant,
1770 658 1831 700 vel
1866 659 2019 701 sumnn'

311 727 488 782 volatus,
517 727 579 769 vel
607 741 711 781 quae
733 728 937 782 praepetit
965 727 1164 783 volatum,
1193 728 1254 770 vel
1281 741 1383 781 quae
1406 729 1627 770 seeundum
1653 729 1884 783 auspicium
1905 730 2018 783 facit.

312 802 350 841 et
386 799 556 852 quidam
594 802 802 854 praepetes
845 799 1015 841 tradunt
1057 812 1139 841 non
1184 802 1344 841 tantum
1386 813 1480 841 aves
1522 800 1604 841 diei
1645 814 1749 853 quae
1781 801 2020 854 prosperius

305 870 568 924 praevolant,
607 871 679 912 sed
715 871 834 912 etiam
873 870 976 912 locos
1007 884 1106 923 quos
1142 871 1326 925 capiunt,
1363 871 1471 923 quod
1499 871 1634 913 idonei
1662 871 1872 925 felicesque
1900 875 2018 915 sunt:

313 942 420 983 ‘caule
450 941 544 984 bene
565 939 748 983 Daedali
770 942 931 994 pinnas
956 945 1181 997 praepetes,
1213 942 1313 995 quia
1337 943 1384 984 de
1410 942 1523 997 loeis,
1555 943 1599 984 in
1624 942 1770 996 quibus
1789 943 2019 997 perieulum
2061 934 2067 938 ⁶

316 1013 531 1068 metuebat,
562 1013 608 1054 in
641 1013 728 1055 loea
754 1013 907 1055 tutiora
930 1014 1126 1067 pervenit.
1216 1025 1358 1056 Avsvs
1386 1025 1438 1056 SE
1466 1025 1680 1056 CREDERE
1708 1025 1860 1057 CAELo
1895 1014 2018 1069 quasi

315 1084 468 1127 alienis
519 1084 704 1126 sedibus.
772 1083 980 1127 Horatius
1031 1087 1274 1140 expertus
1325 1099 1534 1127 vacuum
1586 1084 1843 1127 Daedalus
1895 1089 2019 1128 aera

315 1155 498 1210 pennis
530 1170 628 1197 non
658 1155 853 1198 homini
886 1155 1035 1198 datis.

438 1227 504 1269 16.
553 1238 792 1269 INSVETVM
823 1226 1071 1269 hominibus
1104 1227 1279 1269 scilieet.
1400 1239 1573 1270 ENAVIT
1606 1238 1668 1269 AD
1701 1239 1880 1270 Aneros
1912 1228 2021 1270 bene

316 1300 543 1353 utrumque
581 1298 752 1340 miscet:
789 1313 892 1340 nare
930 1299 1043 1340 enim
1085 1301 1128 1340 et
1166 1298 1217 1340 de
1250 1299 1433 1341 navibus
1467 1299 1664 1354 dicimus,
1702 1301 1750 1340 ut
1781 1298 1873 1353 <IV
1906 1299 2020 1354 398>

314 1372 468 1413 natat
497 1371 650 1412 uncta
683 1370 861 1411 carina
892 1371 996 1412 item
1028 1369 1119 1424 <IV
1151 1370 1268 1425 613>
1307 1373 1355 1412 et
1392 1370 1551 1413 terris
1592 1370 1780 1412 adnare
1811 1385 2023 1413 neeesse

316 1443 412 1496 est,
445 1443 488 1483 et
521 1440 571 1482 de
603 1441 769 1496 volatu,
806 1443 854 1483 ut
884 1456 1005 1483 nare
1038 1440 1134 1496 per
1156 1443 1409 1483 aestatem
1443 1440 1693 1496 liquidam
1728 1442 2022 1496 suspexeris

316 1526 507 1568 agmen.
570 1510 647 1553 ead
679 1511 843 1554 arctos'
876 1515 1038 1568 autem,
1078 1512 1115 1553 si
1147 1512 1200 1553 ad
1231 1511 1442 1567 fabulam,
1475 1514 1626 1555 eontra
1658 1514 2023 1568 septemtrionem,

315 1587 363 1626 ut
390 1584 560 1637 quidam
589 1583 732 1626 volunt
751 1587 923 1638 propter
950 1584 1150 1637 fervorem
1180 1583 1278 1626 solis
1309 1586 1346 1625 et
1372 1587 1529 1626 ceratas
1551 1584 1729 1639 pinnas,
1761 1585 1798 1626 si
1830 1585 1882 1626 ad
1915 1585 2022 1626 veri-v

316 1657 471 1709 tatem,
503 1654 556 1697 ad
589 1655 910 1709 septemtrionis
943 1654 1308 1709 observationem,
1338 1656 1446 1708 quod
1474 1656 1764 1710 aaviyana‘bas
1794 1657 1987 1698 convenit.

439 1727 504 1768 17,
554 1737 931 1777 CHALGIDICAQVE
974 1741 1103 1781 quam
1140 1726 1363 1768 civitatem
1395 1725 1699 1768 Chalcidenses
1731 1726 2024 1782 condiderunt,

317 1801 366 1840 ut
398 1813 527 1853 supra
554 1797 640 1852 (2)
674 1798 728 1840 ab
760 1798 903 1840 insula
930 1796 1088 1841 Cumas
1120 1797 1348 1840 civitatem.
1376 1797 1628 1840 nominavit.
1670 1811 1780 1840 nune
1810 1814 1835 1840 a
1866 1798 2026 1840 civitate

316 1871 425 1913 dedit
453 1869 663 1924 epitheton.

414 2003 435 2034 5
461 1999 522 2034 vel
547 1998 682 2053 summi
707 1999 868 2044 volatus]
897 1999 941 2034 ef.
970 1999 1073 2033 Luet.
1100 1998 1200 2033 Plac.
1228 1999 1276 2052 ad
1302 1998 1394 2034 Stat.
1422 1998 1538 2034 Theb.
1567 1998 1616 2033 IX
1641 2002 1706 2033 122
1726 1999 1739 2043 ΙΙ
1765 2003 1784 2034 7
1811 1999 1849 2034 et
1864 1986 2025 2044 ¹quidam

318 2046 603 2129 iffbgervemt]
630 2046 674 2082 cf.
702 2046 797 2083 Gell.
824 2046 892 2082 VII
919 2050 952 2089 6,
973 2050 993 2081 8
1019 2048 1030 2092 ΙΙ
1059 2050 1100 2080 11
1127 2045 1319 2092 Horatms]
1347 2057 1457 2081 carm.
1486 2046 1501 2080 I
1528 2050 1560 2090 3,
1581 2050 1625 2081 34
1651 2047 1663 2091 ΙΙ
1698 2050 1739 2081 16
1765 2046 1870 2092 nare]
1898 2057 2023 2092 georg.

418 2218 435 2248 1
462 2213 598 2248 scholia
623 2214 672 2248 ad
691 2225 814 2248 MINOIA
833 2225 949 2248 msam
975 2216 1007 2249 et
1026 2213 1075 2248 acl
1094 2223 1146 2247 vv.
1168 2215 1305 2248 15—21
1326 2223 1392 2247 om.
1414 2212 1447 2247 G
1467 2213 1478 2257 fl
1498 2213 1547 2247 acl
1565 2224 1689 2246 Mmom
1708 2224 1825 2247 neem
1850 2212 1892 2247 in
1909 2223 2024 2258 mary.

320 2260 399 2296 siue
425 2261 567 2296 cretam
593 2259 670 2295 siue
696 2259 831 2295 minois
858 2259 1030 2296 seuitiam
1059 2260 1091 2294 T
1112 2260 1125 2305 ΙΙ
1153 2259 1191 2294 id
1217 2262 1274 2295 est
1299 2270 1318 2294 e
1344 2258 1480 2295 minois
1507 2259 1668 2295 saeuitia
1691 2259 1732 2294 F
1755 2260 1766 2305 ΙΙ
1797 2265 1818 2294 3
1845 2260 1894 2295 aa
1918 2271 2025 2295 PRAE—

302 2321 460 2343 vmmvs
487 2308 529 2343 in
546 2302 660 2353 'mara
688 2306 880 2343 uelocibus
906 2308 966 2344 uel
985 2307 1157 2343 felicibus
1178 2308 1217 2342 et
1234 2318 1308 2342 non
1326 2307 1472 2342 tantum
1500 2308 1696 2353 praepetes
1723 2307 1897 2342 dicuntur
1920 2307 2024 2352 ipsae

321 2367 409 2390 aues
435 2355 500 2390 sed
527 2355 640 2390 etiam
665 2354 750 2400 ipsa
774 2355 858 2390 loca
884 2366 979 2399 quae
1005 2353 1158 2400 capiunt
1183 2365 1248 2389 suo
1275 2354 1405 2390 uolatu
1431 2356 1469 2390 et
1493 2354 1577 2390 ideo
1601 2355 1797 2400 praepetes
1810 2354 1920 2389 istius
1941 2354 2023 2390 alae

320 2402 410 2447 quia
434 2402 480 2437 de
505 2402 597 2437 locis
622 2402 661 2436 in
687 2401 820 2446 quibus
845 2403 1054 2447 periculum
1078 2402 1238 2437 timebat
1263 2401 1312 2437 ad
1337 2401 1479 2437 tutiora
1504 2401 1675 2448 peruenit
1703 2401 1736 2435 Τ
1751 2403 1764 2447 ΙΙ
1787 2414 2024 2437 PBAEPETIBVS

319 2462 441 2485 ruums
467 2449 528 2484 uel
553 2449 745 2485 uelocibus
771 2449 832 2485 uel
856 2449 1028 2485 felicibus
1064 2449 1163 2494 quod
1188 2449 1275 2484 huic
1302 2451 1367 2484 dat
1392 2449 1456 2494 qui
1481 2448 1651 2495 peruenit
1677 2450 1871 2494 praepetes
1898 2448 2025 2484 autem

351 2525 358 2532 .
381 2526 388 2534 .
414 2497 455 2532 in
479 2497 563 2532 loca
587 2497 728 2532 tutiora
759 2498 931 2542 peruenit
955 2497 1152 2543 praepetes
1178 2497 1276 2532 enim
1303 2498 1389 2532 sunt
1414 2507 1502 2532 aues
1528 2495 1617 2532 boni
1641 2495 1788 2541 augurii
1813 2496 1914 2540 quod
1938 2496 2025 2532 huie

320 2568 386 2603 dat
411 2567 499 2612 quia
522 2568 695 2612 peruenit
719 2567 759 2602 F
784 2569 796 2613 ΙΙ
827 2581 940 2604 PINNIS
968 2568 1048 2604 GH
1070 2569 1083 2614 ΙΙ
1113 2567 1301 2614 felicibus]
1328 2567 1521 2603 uelocibus
1547 2566 1620 2603 AS
1654 2567 1717 2602 uel
1741 2555 1934 2602 uelocibus
1965 2567 2027 2602 uel

321 2614 494 2651 felicibus
522 2614 620 2660 0114
645 2615 833 2662 pervenit]
860 2615 1020 2652 feliciter
1046 2627 1119 2661 quo
1146 2615 1321 2660 cupiebat
1346 2616 1430 2651 add.
1458 2615 1489 2650 D
1508 2616 1521 2660 ΙΙ
1540 2618 1560 2649 5
1586 2614 1647 2650 vel
1672 2615 1806 2649 summi
1833 2643 1840 2650 .
1862 2643 1870 2651 .
1891 2641 1899 2649 .
1925 2615 2026 2650 vola-

322 2662 418 2708 tum]
445 2663 600 2706 fortasse
625 2662 685 2698 vel
711 2663 810 2707 quod
836 2664 970 2698 summi
996 2663 1142 2699 volatus
1169 2663 1253 2699 sint.
1295 2663 1356 2699 vel
1380 2673 1537 2708 praepes
1563 2673 1660 2707 quae
1685 2661 1873 2707 praepetit
1897 2662 2027 2697 volatu

321 2711 368 2754 ef.
389 2710 488 2745 Serv.
516 2710 565 2745 ad
589 2710 681 2745 Aen.
703 2710 754 2744 ΙΙΙ
775 2714 842 2745 361
870 2714 902 2745 et
927 2710 1027 2746 Fest.
1050 2711 1166 2746 Pauli
1189 2721 1216 2746 s.
1240 2721 1271 2746 v.
1293 2713 1482 2756 praepetes
1508 2720 1589 2745 aves
1607 2710 1618 2755 u
1639 2713 1658 2743 6
1685 2721 1781 2754 quae
1802 2709 2024 2745 Masvieius:

323 2756 389 2802 qui
415 2756 456 2792 F
469 2757 483 2802 ΙΙ
501 2760 522 2791 8
549 2756 649 2802 quod
674 2756 828 2792 Daniel:
856 2769 946 2802 quos
967 2757 1008 2792 F
1023 2759 1035 2803 ll
1060 2762 1080 2792 9
1106 2758 1260 2801 fortasse
1283 2758 1480 2803 praepetes
1507 2756 1598 2792 dicit
1616 2758 1628 2803 ΙΙ
1656 2760 1697 2791 11
1725 2755 1888 2801 sedibus]
1917 2755 2025 2792 rebus

323 2804 363 2839 F
387 2805 400 2850 ΙΙ
430 2805 621 2849 expertus]
648 2805 839 2848 expertum
866 2804 989 2839 ΑΒΗ
1011 2805 1024 2848 ΙΙ
1055 2806 1227 2849 expertus
1253 2804 1428 2850 vacuum]
1457 2815 1678 2849 expercussa
1704 2815 1812 2838 cuum
1839 2802 1870 2838 O
1897 2804 1910 2848 ΙΙ
1941 2813 2025 2838 aere

322 2852 395 2887 As
431 2862 542 2894 aerea
567 2852 616 2886 M
642 2852 654 2895 ΙΙ
688 2854 729 2885 12
756 2850 882 2895 pinnis
909 2850 986 2885 CH
1011 2853 1024 2896 ΙΙ
1054 2851 1158 2886 homi
1182 2852 1228 2886 H
1246 2853 1259 2897 ss
1292 2856 1335 2887 14
1360 2852 1493 2887 miscet
1517 2853 1714 2896 utrumque
1742 2850 1773 2885 O
1794 2854 1827 2885 et
1851 2850 1990 2886 Daniel
2014 2850 2025 2895 ΙΙ

326 2903 369 2934 15
390 2898 442 2944 et]
463 2909 506 2933 ac
533 2898 714 2944 Veryilius
732 2900 744 2943 ΙΙ
766 2902 808 2933 16
828 2900 960 2942 nature
979 2900 1015 2933 A
1040 2910 1143 2933 mare
1162 2899 1207 2933 H
1221 2900 1233 2943 ΙΙ
1251 2898 1444 2943 liquadam
1463 2899 1500 2934 R
1520 2900 1625 2943 (corr.
1645 2899 1720 2934 ead.
1736 2897 1848 2942 man.)
1867 2898 1880 2942 ΙΙ
1901 2900 1943 2931 18
1965 2908 2024 2932 ce-

324 2946 415 2982 ratis
442 2945 492 2989 F,
517 2956 610 2982 corr.
636 2945 774 2981 Daniel
804 2946 816 2991 ΙΙ
856 2949 897 2980 19
924 2945 973 2980 ad
997 2949 1081 2981 ante
1106 2946 1382 2990 septemtrionis
1408 2957 1474 2981 om.
1500 2945 1670 2981 ARSH
1685 2944 1890 2990 Stephanus
1919 2946 1932 2988 ΙΙ
1962 2944 2023 2979 ob-

325 2993 574 3029 seruationem
600 3004 644 3028 ea·
669 2992 946 3028 obseruationes
966 2992 1015 3036 A,
1041 2992 1301 3028 obseruatione
1319 3004 1364 3028 εκ
1383 2993 1682 3028 obseruationem
1702 2991 1732 3027 S
1768 2991 2024 3027 observatione

325 3041 532 3086 Stephanus
557 3042 570 3086 ΙΙ
595 3039 911 3085 observationem]
939 3040 1042 3075 cuius
1069 3039 1182 3075 ductu
1207 3041 1341 3075 nautae
1365 3052 1479 3076 naues
1504 3040 1641 3084 regunt
1665 3039 1749 3075 aad.
1774 3039 1814 3073 D
1837 3039 1849 3083 ΙΙ
1875 3042 1920 3073 20
1946 3050 2026 3072 CAL-

325 3100 518 3128 cuncAQvn
542 3087 764 3123 ARSHM
797 3089 809 3133 ΙΙ
846 3086 1073 3123 calcidenses
1099 3086 1223 3121 ASH
1227 3087 1275 3121 M
1310 3087 1564 3122 oalchidenses
1589 3087 1625 3122 R
1661 3088 1673 3130 ΙΙ
1715 3090 1758 3120 21
1787 3086 1843 3131 ut]
1877 3087 1916 3120 et
1941 3085 1973 3120 C
1993 3089 2027 3121 et

324 3136 463 3172 Daniel
486 3137 499 3182 ΙΙ
524 3136 571 3171 ab
596 3135 719 3170 insula
742 3135 795 3170 R:
821 3133 944 3170 insula
968 3134 1091 3170 ΑΒΗ
1111 3134 1173 3178 (ab
1210 3133 1332 3169 insula
1358 3136 1417 3177 as)
1455 3134 1615 3169 insulam
1641 3133 1690 3168 M
1723 3132 1768 3167 de
1793 3132 1916 3167 insula
1942 3132 1973 3167 Ο
1994 3136 2026 3167 et

324 3184 464 3219 Daniel
481 3185 494 3230 ΙΙ
520 3182 656 3218 Cumas
683 3210 691 3218 .
713 3209 721 3216 .
743 3210 750 3218 .
775 3181 985 3218 nominavit
1009 3193 1074 3218 om.
1103 3180 1176 3216 OD
1201 3185 1234 3216 et
1257 3181 1395 3216 Daniel
1413 3182 1425 3226 ΙΙ
1454 3192 1564 3216 cuma
1587 3183 1623 3215 A
1650 3182 1789 3225 (cumas
1816 3180 1852 3224 a)
1879 3191 2025 3215 cumam

326 3231 354 3266 S
371 3231 384 3275 ΙΙ
410 3230 562 3266 ciuitate
588 3230 634 3266 H
652 3230 665 3276 ΙΙ
688 3228 899 3266 nominauit
924 3229 1117 3265 ciuitatem
1143 3228 1180 3264 R
1204 3229 1217 3275 ΙΙ
1247 3240 1344 3264 nunc
1369 3240 1392 3264 a
1417 3227 1571 3263 ciuitate
1597 3227 1701 3263 dedit
1725 3226 1918 3272 epitheton
1943 3228 2024 3263 hab.
