2092 3614
561 267 710 305 COMM.
737 267 789 304 IN
814 267 959 305 VERG.
985 268 1096 304 AEN.
1122 268 1157 304 X
1182 271 1382 304 371—393.
1738 267 1826 310 433

115 377 314 420 cussione
355 377 535 421 divellit.
597 379 677 421 tale
712 381 772 422 est
806 381 846 421 et
879 378 988 421 illud
1017 377 1090 433 <11
1123 366 1237 432 671>
1275 378 1524 433 clipeoque
1563 379 1828 422 sinistram

114 450 421 492 insertabam
451 453 644 505 aptans.

235 520 335 563 384.
386 538 497 569 QVEM
523 539 604 565 NON
637 539 761 565 svesa
795 538 963 565 ooevfflr
1000 521 1139 575 ‘quem
1177 520 1321 576 super'
1360 522 1541 577 Layum,
1581 522 1828 565 subauditur

115 591 338 634 estantem'.
431 604 576 636 SVPER
609 604 820 636 OCGVPAT
853 601 1092 648 quem’non
1117 592 1299 647 desuper
1324 595 1524 648 occupat:
1556 593 1652 636 ideo
1679 595 1824 636 autem

115 661 341 719 ‘desuper'‚
373 664 476 719 quia
506 664 653 707 Pallas
686 664 740 706 ad
771 663 1036 706 evellendam
1066 663 1239 706 hastam
1269 663 1413 706 fuerat
1443 664 1688 706 inclinatus.

234 735 333 777 385.
383 747 482 777 ΝΛΜ
514 747 692 778 PALLAs
724 747 849 777 ANTE
881 746 1109 777 RVENTEM
1145 747 1248 777 DVM
1279 746 1421 778 Fvnrr
1460 735 1565 778 ordo
1604 738 1688 778 est:
1725 751 1826 778 nam

116 805 298 848 eundem
322 806 467 848 Pallas
494 810 595 849 ante
621 806 800 862 excipit,
831 805 876 865 id
902 809 968 848 est
993 806 1092 848 dolo
1117 806 1348 861 interimit3
1378 806 1453 848 ille
1483 807 1597 849 enim
1627 807 1828 849 incautus

114 876 275 932 fuerat,
312 877 459 920 furens
496 881 674 934 propter
712 877 928 920 crudelem
966 878 1152 920 mortem
1191 878 1370 933 sodalis,
1407 878 1518 920 unde
1550 881 1594 921 et
1625 879 1828 922 incautus

116 948 270 991 fuerat.

233 1021 332 1063 387.
382 1033 564 1064 TVMIDO
590 1034 641 1063 IN
667 1032 891 1065 PVLMONE
925 1024 969 1064 et
999 1021 1260 1064 naturaliter
1290 1021 1477 1076 tumido,
1509 1024 1551 1063 et
1583 1022 1827 1087 quia-fure-

114 1091 205 1135 bat.
248 1091 309 1134 ‘in
328 1092 548 1148 pulmone'
571 1095 716 1135 autem
736 1092 960 1136 ‘recondit’
981 1093 1248 1136 archaismos
1275 1095 1343 1135 est
1360 1108 1438 1148 pro
1466 1093 1527 1136 ‘in
1546 1092 1828 1148 pulmonem’.

233 1163 333 1206 388.
381 1181 480 1208 mne
503 1181 712 1208 STHENIVM
738 1181 854 1208 PETIT
872 1179 954 1220 pro
986 1164 1126 1220 ‘tune'‚
1158 1165 1234 1207 loci
1258 1165 1496 1207 adverbium
1519 1179 1600 1219 pro
1626 1166 1829 1220 temporis.

172 1246 349 1278 RHOETI
379 1248 443 1278 DE
477 1247 632 1278 GENTE
665 1248 875 1279 vnrvs'rA
908 1249 1231 1280 ANCHEMOLVM
1262 1236 1370 1279 haec
1401 1236 1552 1279 fabula
1582 1238 1629 1279 in
1659 1236 1828 1279 Latinis

113 1321 327 1362 nusquam
366 1307 587 1349 invenitur
624 1309 885 1351 auctoribus.
941 1309 1133 1351 Avienus
1172 1311 1338 1364 tamen,
1375 1309 1448 1364 qui
1485 1311 1629 1351 totum
1661 1308 1830 1352 Livium

113 1378 272 1420 iambis
306 1378 496 1434 scripsit,
533 1379 646 1421 hanc
678 1382 1008 1431 commemorat,
1046 1380 1190 1439 dicens
1224 1379 1434 1422 Graecam
1466 1395 1573 1423 esse.
1634 1380 1828 1424 Rhoetus

114 1463 218 1506 ergo
249 1448 572 1492 Marrubiorum
604 1464 680 1492 rex
711 1450 853 1493 fuerat
884 1452 930 1493 in
960 1440 1110 1506 Italia,
1142 1451 1215 1506 qui
1244 1450 1513 1494 Anchemolo
1545 1451 1638 1494 filio
1672 1450 1828 1508 Caspe-

113 1521 223 1563 riam
256 1521 509 1577 superduxit
539 1536 791 1564 novercam:
829 1521 939 1563 hanc
977 1522 1204 1578 privignus
1244 1521 1473 1577 stupravit.
1535 1537 1619 1578 quo
1652 1523 1828 1578 cognito

115 1606 213 1635 cum
245 1607 342 1635 eum
374 1595 501 1648 pater
530 1594 863 1649 persequeretur
889 1595 933 1635 et
957 1593 1012 1635 ad
1037 1607 1223 1647 poenam
1250 1597 1442 1647 vocaret,
1473 1594 1644 1650 fugiens
1677 1594 1751 1636 ille
1784 1609 1829 1637 se

116 1663 170 1705 ad
201 1663 396 1706 Turnum
427 1665 632 1706 contulit:
664 1666 722 1708 ad
749 1664 967 1707 Daunum.
1016 1665 1160 1707 merito
1190 1679 1282 1720 erqo
1312 1666 1360 1707 in
1391 1665 1490 1708 bello
1518 1666 1654 1708 Turni
1678 1665 1830 1709 Dauni

115 1735 202 1789 filio
233 1735 508 1778 Anchemolus
535 1737 720 1790 qratiam
750 1737 894 1779 reddit.
951 1735 1104 1791 ‘yente'
1137 1740 1274 1779 autem
1306 1735 1503 1779 ‘vetusta'
1535 1738 1641 1792 ideo,
1670 1739 1771 1792 quia
1802 1753 1831 1781 a

113 1805 293 1858 Phorco,
337 1808 409 1850 deo
451 1808 635 1860 marino,
680 1808 879 1862 oriyinem
917 1808 1059 1850 ducere
1097 1808 1253 1862 legitur.
1315 1808 1389 1850 hoe
1425 1811 1552 1850 totum
1589 1809 1830 1852 Alexander

115 1877 348 1932 Polyhistor
379 1881 523 1934 tradit,
553 1875 852 1934 quem'Lueius
877 1878 998 1921 Sulla
1029 1879 1189 1921 civitate
1220 1881 1399 1922 donavit.

235 1950 334 1993 390.
390 1968 457 1994 vos
486 1968 612 1994 ETJAM
640 1969 784 1995 GEMJNJ
816 1954 865 1993 ut
897 1965 1028 2005 supra
1066 1951 1208 2006 (324)
1247 1955 1298 1993 tu
1335 1966 1520 2006 quoque
1562 1952 1830 2005 flaventem

111 2022 280 2075 prima
312 2022 548 2079 lanuyine
577 2023 747 2065 malas.

235 2093 336 2137 392.
385 2105 484 2137 SVIS
522 2094 654 2136 etiam
692 2094 802 2136 suis:
845 2092 1044 2136 L'ucanus
1077 2093 1170 2147 <III
1202 2094 1317 2149 608>
1356 2097 1405 2136 et
1442 2095 1686 2138 amissum
1728 2096 1829 2139 fra-

115 2166 247 2207 trem
278 2165 585 2222 lugentibus
618 2165 792 2209 offert.
842 2169 881 2208 et
909 2169 967 2208 est
996 2166 1242 2218 absolutum,
1273 2167 1362 2209 suis
1392 2167 1597 2223 omnibus,
1628 2182 1713 2210 non
1742 2168 1830 2210 suis

109 2237 353 2291 parentibus
383 2240 557 2279 tantum.

235 2308 335 2351 393.
383 2320 661 2352 mscmmNA
693 2308 971 2351 differentias.

212 2488 233 2519 2
261 2485 395 2530 aptant
419 2484 460 2520 F
493 2486 505 2532 ΙΙ
541 2490 562 2521 3
588 2486 714 2521 malim
742 2486 868 2531 ‘quem
894 2485 1019 2531 super'
1047 2485 1085 2520 id
1111 2487 1167 2521 est
1199 2498 1308 2532 super
1333 2487 1488 2533 Lagum.
1541 2488 1579 2522 et
1609 2488 1829 2525 subauditur

120 2531 314 2568 ‘stantem’
325 2546 334 2567 ε
360 2536 402 2568 ut
425 2533 605 2578 interpres
625 2537 770 2578 poetam
794 2534 859 2570 hoe
883 2534 1039 2569 voluisse
1062 2534 1181 2569 dieat:
1208 2534 1416 2570 Pallantem
1435 2546 1545 2580 super
1564 2534 1710 2582 Layum
1729 2539 1828 2572 stan·

118 2583 186 2615 tem
210 2590 286 2615 non
310 2584 464 2625 occwpat
483 2580 611 2617 Hisbo.
631 2581 644 2625 11
663 2584 685 2615 4
711 2583 872 2617 stantem
898 2581 937 2616 id
963 2582 1020 2616 est
1044 2592 1155 2626 quem
1181 2593 1208 2617 e.
1229 2594 1260 2627 q.
1280 2593 1308 2618 s.
1331 2583 1540 2618 Masvicius
1558 2584 1570 2629 ΙΙ
1590 2597 1698 2619 ενιηιιι
1723 2596 1827 2620 occv-

118 2639 184 2662 mr
211 2656 219 2663 .
241 2654 249 2662 .
271 2654 279 2661 .
306 2629 465 2672 occupat
488 2638 554 2664 om.
581 2628 621 2663 F
637 2630 649 2675 ΙΙ
673 2640 783 2674 quem
809 2629 959 2664 Servius
984 2629 1034 2664 ad
1061 2629 1271 2665 Pallantem
1295 2631 1427 2674 referri
1451 2631 1528 2666 vult
1545 2632 1558 2676 ΙΙ
1592 2635 1611 2666 7
1637 2629 1829 2666 interemit

118 2674 159 2709 F
188 2675 200 2720 ΙΙ
237 2677 258 2709 8
291 2674 413 2710 fuerat
443 2674 575 2710 RLH
580 2676 628 2710 M
634 2690 645 2710 :
676 2687 743 2712 om.
770 2676 860 2720 AS,
894 2676 1028 2711 ruebat
1058 2675 1098 2710 F
1126 2681 1159 2712 et
1198 2676 1398 2712 Vossianus
1427 2678 1652 2714 Burmanni.
1702 2681 1830 2714 ruerat

119 2721 336 2758 Masvieius.
374 2722 500 2757 malim
524 2722 589 2757 ille
615 2722 715 2758 euim
739 2724 875 2759 ruebat
899 2724 1024 2758 furens
1042 2724 1055 2768 ΙΙ
1076 2727 1117 2758 12
1147 2737 1327 2760 smmum
1348 2725 1382 2760 G
1400 2727 1413 2771 ΙΙ
1434 2730 1476 2760 13
1502 2738 1633 2761 nomm
1651 2727 1706 2761 vel
1724 2738 1828 2761 norm

118 2769 208 2805 libri
237 2770 249 2816 ΙΙ
285 2769 430 2804 Latinis
455 2780 522 2805 om.
548 2769 599 2805 M
624 2771 635 2816 ΙΙ
674 2774 718 2805 14
743 2771 897 2806 abienus
924 2771 973 2805 M
980 2769 1021 2805 F
1047 2772 1060 2818 ΙΙ
1096 2772 1159 2816 qui
1185 2772 1308 2807 totum
1333 2773 1394 2808 uel
1422 2773 1614 2818 uirgilium
1639 2775 1678 2808 et
1702 2775 1829 2809 roetus

118 2816 252 2852 linium
276 2816 412 2852 iambis
437 2816 585 2862 scripsit
616 2818 708 2853 haec
740 2819 1007 2854 commemorat
1033 2818 1098 2862 M,
1132 2819 1219 2855 hine
1243 2819 1307 2865 qui
1331 2822 1454 2856 totum
1479 2819 1681 2866 Virgilium
1707 2821 1746 2856 et
1769 2820 1828 2857 Li-

118 2863 221 2899 vium
234 2864 441 2910 Stephanus
458 2866 471 2909 ΙΙ
488 2863 623 2900 libiam
635 2864 677 2899 F
691 2866 704 2910 ΙΙ
724 2869 768 2900 15
788 2866 918 2901 scribit
930 2865 966 2900 R
984 2866 997 2912 ΙΙ
1018 2868 1061 2902 16
1075 2867 1180 2913 ergo]
1202 2877 1250 2912 go
1268 2868 1316 2902 M
1331 2870 1344 2913 ΙΙ
1362 2867 1650 2903 miarrubiorum
1664 2868 1710 2903 H
1731 2880 1828 2904 mar-

119 2911 282 2947 ruiorum
308 2912 348 2947 F
363 2913 375 2958 ΙΙ
402 2912 441 2947 in
467 2911 578 2947 ltalia
602 2923 669 2948 om.
695 2912 735 2947 F
751 2914 763 2959 ΙΙ
791 2913 1032 2949 anechemolo
1058 2914 1159 2949 As'h
1195 2925 1219 2950 a
1244 2926 1312 2950 nec
1338 2916 1493 2951 hemoco
1519 2916 1564 2950 H
1578 2917 1590 2962 ΙΙ
1618 2915 1827 2961 oasperiam

121 2959 171 2993 M
186 2960 199 3004 ΙΙ
220 2962 261 2994 17
288 2971 363 3004 qua.
387 2971 427 2995 re
453 2959 606 3005 cognita
630 2959 671 2994 F
685 2961 698 3005 ΙΙ
719 2963 762 2994 18
787 2961 1046 3005 insequeretur
1070 2961 1111 2995 F
1126 2962 1138 3008 ΙΙ
1157 2971 1196 2997 se
1220 2961 1287 2998 ille
1312 2962 1353 2997 F
1368 2964 1380 3009 11
1401 2967 1444 2998 19
1471 2963 1518 2998 ad
1545 2963 1712 2998 Turnum
1737 2963 1828 2999 Flo-

118 3006 316 3042 riacensem
346 3018 484 3053 quoque
513 3008 579 3043 hoe
610 3008 684 3043 loco
708 3008 837 3043 habere
862 3008 1024 3043 consulto
1048 3019 1191 3052 moneo,
1222 3020 1261 3044 se
1292 3009 1357 3045 ille
1390 3010 1551 3046 contulit
1581 3010 1630 3046 ad
1655 3011 1827 3046 Daunum

120 3052 362 3090 Commelinus
402 3054 469 3090 ille
502 3066 540 3090 se
571 3054 620 3090 ad
651 3054 822 3090 Daunum
855 3053 1015 3090 contulit
1045 3055 1249 3092 Masvieius
1285 3058 1297 3102 ΙΙ
1334 3057 1382 3092 ad
1410 3058 1596 3104 Daunum]
1630 3059 1828 3102 corriyitur

122 3099 339 3137 Servianum
362 3102 538 3139 scholium
562 3114 607 3138 ex
631 3103 730 3138 alius
753 3103 961 3147 interpretis
985 3104 1205 3147 testimonio,
1230 3106 1295 3149 qui
1320 3106 1369 3140 ad
1388 3104 1588 3150 Daunum,
1618 3105 1736 3141 Turni
1756 3117 1827 3150 pa-

121 3150 209 3182 trem
233 3149 491 3185 Anchemolum
515 3150 660 3196 fuqisse·
675 3150 845 3186 narravit
863 3151 876 3196 ΙΙ
903 3162 953 3186 an
976 3149 1125 3188 Turno?
1144 3153 1156 3198 ΙΙ
1187 3155 1233 3186 20
1259 3153 1499 3188 anchemelus
1526 3153 1566 3188 F
1581 3154 1594 3198 ΙΙ
1624 3153 1674 3188 ad
1698 3163 1730 3188 v.
1758 3156 1826 3188 388

121 3195 164 3230 in
187 3205 301 3241 mary.
327 3196 412 3232 ideo
445 3196 539 3233 dicit
569 3198 615 3233 de
640 3199 752 3243 gente
783 3199 933 3233 uetusta
964 3197 1052 3242 quia
1076 3210 1099 3233 a
1123 3199 1193 3234 deo
1219 3199 1358 3244 phorco
1385 3200 1527 3235 marino
1554 3199 1736 3245 originem
1763 3199 1827 3235 du-

120 3240 217 3277 xisse
242 3242 380 3289 legitur
402 3244 436 3278 T
448 3245 461 3289 ΙΙ
485 3249 528 3280 21
556 3245 656 3281 forco
677 3244 717 3279 F
732 3246 744 3291 Η
769 3245 912 3291 origine
933 3245 973 3280 F
988 3246 999 3290 ΙΙ
1024 3249 1069 3280 22
1089 3245 1238 3281 lucilius
1259 3246 1345 3282 silla
1365 3247 1405 3282 F
1419 3250 1432 3292 ΙΙ
1458 3251 1503 3282 26
1530 3246 1758 3292 lugientibus
1780 3248 1830 3282 M

1857 1032 1899 1063 10

1860 1389 1900 1420 15

1854 1748 1900 1779 20

1854 2106 1900 2137 25
