2092 3614
239 1022 281 1054 10

239 1379 282 1411 15

237 1737 284 1769 20

238 2095 283 2127 25

306 258 392 299 398
1078 257 1239 295 SERVII

306 367 582 423 tempestatis
614 367 803 409 futurae:
835 368 1020 422 quadam
1053 368 1166 409 enim
1201 382 1358 410 arcana
1383 367 1552 410 ratione
1584 368 1634 410 fit
1658 369 1707 409 ut
1732 368 1789 410 sit
1819 383 2012 410 murmur

306 439 350 480 in
382 438 502 481 silvis
535 441 634 480 ante
665 441 893 481 ventorum
924 440 1176 482 adventum:
1216 439 1328 480 unde
1361 439 1422 481 ait
1453 438 1596 481 ‘caeca
1628 439 1873 495 murmura',
1910 454 2012 494 quo—

306 525 402 551 rum
433 510 544 552 ratio
577 525 665 552 non
692 512 889 566 apparet,
919 513 969 553 ut
993 510 1082 565 <IV
1104 510 1220 565 209)
1253 510 1494 565 caecique
1526 510 1577 551 in
1607 510 1831 552 nubibus
1862 510 2010 565 ignes

287 581 606 623 terrificant
639 581 847 624 animos.
913 582 973 624 sic
1004 583 1050 623 in
1081 581 1297 637 georgicis
1331 581 1380 636 <I
1412 581 1528 636 356>
1561 581 1805 624 continuo
1840 581 2010 623 ventis

308 654 644 708 surgentibus
670 656 758 695 aut
782 654 918 696 freta
950 654 1097 708 ponti
1128 653 1390 708 incipiunt
1415 653 1619 708 agitata
1649 654 1937 695 tumescere
1964 654 2014 694 et

307 724 481 767 aridus
514 725 639 767 altis
672 725 936 767 montibus
969 725 1141 767 audiri
1171 725 1363 781 fragor.

430 797 525 839 102.
575 808 885 839 TREMEFACTA
918 808 1036 840 SOLO
1072 807 1249 839 TELLVS
1281 796 1481 851 loquente
1513 794 1614 837 Iove
1646 798 1796 850 stupor
1828 796 2012 837 elemen-

305 870 449 910 torum
475 870 660 911 omnium
687 867 931 910 ostenditur
963 882 1039 922 per
1069 869 1251 909 naturae
1281 866 1585 908 mutationem:
1616 881 1717 908 nam
1744 868 1787 908 et
1811 866 2013 921 quicquid

306 940 351 981 in
383 942 555 982 aeterno
588 942 710 983 motu
742 942 824 994 est,
858 939 1038 995 quievit,
1070 941 1113 981 et
1145 940 1298 981 contra
1327 939 1444 980 terra
1475 938 1593 980 mota
1619 939 1704 994 est,
1735 952 1904 992 semper
1934 938 2011 979 im-

308 1011 499 1066 mobilis,
530 1011 643 1053 unde
675 1010 883 1053 Horatius
916 1012 965 1053 et
998 1008 1151 1052 bruta
1181 1010 1354 1052 tellus.

429 1083 526 1125 103.
579 1099 751 1125 ZEPHYRI
778 1098 952 1125 PosvfflzE
981 1081 1207 1125 Sallustius
1237 1082 1336 1123 iam
1360 1084 1556 1135 repente
1579 1081 1714 1123 visus
1739 1080 1894 1123 lenire
1923 1079 2014 1122 Ta—

303 1169 402 1209 yus.
523 1171 671 1197 parmi*
692 1170 856 1197 PLAOIDA
888 1154 934 1196 id
962 1156 1022 1196 est
1044 1154 1264 1207 premendo
1294 1153 1428 1195 reddit
1451 1153 1631 1207 placida.

432 1226 527 1269 104.
577 1237 788 1269 Aconum
820 1237 945 1268 ERGO
978 1236 1139 1267 Annus
1177 1226 1297 1266 totus
1334 1224 1404 1266 hic
1441 1224 1562 1266 100118
1601 1223 1651 1264 de
1689 1223 1829 1277 primo
1860 1222 2016 1265 Lucilii

308 1297 546 1340 translatus
587 1300 653 1339 est
685 1298 805 1353 libro,
846 1297 921 1339 ubi
958 1296 1218 1338 inducuntur
1256 1295 1315 1337 dii
1352 1295 1512 1338 habere
1549 1295 1778 1337 concilium
1811 1296 1854 1336 et
1887 1307 2014 1350 agere

308 1369 450 1424 primo
483 1369 534 1410 de
566 1369 744 1411 interitu
769 1368 880 1424 Lupi
912 1368 1133 1411 cuiusdam
1165 1367 1284 1410 ducis
1315 1367 1361 1410 in
1393 1366 1631 1422 republica,
1663 1367 1814 1421 postea
1846 1367 2014 1407 senten-

307 1441 392 1483 tias
420 1440 572 1483 dicere.
623 1441 698 1482 sed
730 1440 812 1483 hoc
843 1440 946 1495 quia
977 1439 1202 1495 indignum
1236 1441 1329 1481 erat
1359 1439 1493 1481 heroo
1519 1438 1724 1492 carmine,
1757 1437 1942 1479 mutavit
1973 1438 2017 1478 et

308 1513 478 1555 induxit
508 1512 649 1568 primo
676 1513 924 1568 loquentem
950 1510 1097 1553 Iovem
1123 1511 1174 1552 de
1199 1510 1454 1565 interruptis
1480 1509 1744 1564 foederibus,
1775 1508 1895 1550 cuius
1922 1523 2014 1550 ora-

307 1584 469 1626 tionem
514 1583 746 1639 interrupit
785 1582 951 1638 Venus,
994 1585 1095 1637 post
1138 1584 1285 1624 secuta
1322 1581 1499 1624 Iunonis
1543 1580 1677 1623 verba
1718 1582 1819 1622 sunt
1859 1579 2015 1635 quibus

308 1655 531 1711 redarguit
555 1655 785 1698 Venerem:
817 1654 927 1697 unde
959 1656 1071 1696 nunc
1102 1653 1297 1710 Iuppiter
1327 1653 1436 1695 illud
1467 1653 1581 1708 quod
1613 1651 1834 1706 omiserat,
1865 1650 2016 1705 reddit,

310 1726 471 1773 dicens:
504 1741 608 1783 ergo
641 1726 845 1782 quoniam
876 1740 1025 1781 pacem
1058 1740 1150 1768 esse
1182 1739 1267 1767 non
1298 1725 1460 1779 sinitis,
1492 1739 1542 1765 ea
1568 1738 1675 1778 quae
1703 1737 1797 1765 sum
1824 1722 2015 1765 dicturus

311 1798 507 1854 accipite.
567 1802 605 1840 et
633 1798 706 1841 hoo
736 1797 974 1853 siqnifieanl
1001 1810 1157 1849 versus,
1189 1798 1261 1851 qui
1290 1796 1599 1850 subsequuntur.

431 1870 527 1913 105.
579 1880 955 1921 QVANDOQVIDEM
985 1870 1093 1911 bene
1126 1868 1362 1911 sententiae
1395 1866 1596 1910 dicendae
1629 1865 1822 1908 ordinem
1855 1866 2016 1907 servat:

309 1957 411 1985 nam
443 1942 555 1984 sicut
586 1944 630 1984 et
660 1941 704 1983 in
738 1939 945 1983 Sallustio
978 1942 1022 1983 et
1051 1941 1097 1982 in
1126 1939 1381 1996 Philippicis
1419 1939 1623 1994 legimus,
1662 1939 1762 1980 ante
1794 1952 1924 1992 quam
1957 1935 2016 1978 di-

310 2016 434 2057 catur
465 2013 697 2068 sententia,
735 2012 826 2055 eius
858 2012 1152 2067 praemittitur
1188 2011 1321 2054 ratio:
1364 2010 1477 2066 quod
1507 2009 1719 2065 hodieque
1751 2009 1794 2051 in
1827 2023 1908 2050 usu
1939 2010 2017 2050 est.

432 2085 529 2128 106.
577 2096 707 2127 HAVD
746 2094 941 2127 morrvn
977 2095 1064 2127 Es'r
1106 2085 1149 2125 et
1189 2082 1350 2125 ‘licuit'
1390 2081 1570 2124 dicimus
1609 2082 1652 2122 et
1690 2079 1878 2122 ‘licitum
1917 2078 2018 2134 est',

312 2157 422 2200 sicut
454 2158 497 2199 et
529 2155 734 2212 ‘placuiss
754 2157 797 2198 et
829 2154 1060 2211 ‘placitum
1083 2153 1182 2197 est’:
1226 2153 1453 2196 Terentius
1485 2152 1572 2195 ubi
1610 2153 1729 2194 sunt
1759 2151 2017 2208 cognitae,

311 2228 538 2285 placitae
571 2229 701 2271 sunt.

410 2338 453 2370 10
478 2332 674 2380 Horatius]
700 2345 811 2369 carm.
838 2333 855 2368 Ι
880 2336 937 2375 34,
963 2336 984 2367 9
1009 2333 1023 2378 11
1053 2335 1093 2367 11
1123 2330 1339 2378 Sallustius]
1365 2330 1451 2365 hist.
1477 2329 1548 2366 inc.
1576 2332 1618 2364 71
1644 2327 1831 2381 Dietschq·
1849 2331 1892 2362 37
1919 2326 1980 2361 Kr.
2003 2326 2036 2420 fi]

315 2386 358 2416 13
385 2381 432 2417 de
457 2380 578 2427 primo
604 2380 756 2427 Lucilii]
782 2381 915 2426 fragm.
936 2379 987 2414 IV
1013 2390 1072 2424 ap.
1093 2378 1220 2414 Muell.
1246 2390 1282 2423 p.
1305 2382 1323 2413 1
1344 2379 1356 2424 ΙΙ
1375 2381 1419 2412 25
1445 2377 1483 2412 et
1508 2376 1616 2411 licuit
1641 2402 1650 2411 .
1671 2402 1678 2410 .
1700 2403 1708 2410 .
1736 2375 1916 2420 plamtum
1942 2375 2001 2410 est

314 2429 359 2465 cf.
386 2429 478 2465 Don.
505 2429 553 2464 ad
578 2429 660 2464 Ter.
688 2429 801 2464 Andr.
827 2428 861 2462 II
887 2432 919 2474 6,
948 2431 990 2462 12
1022 2428 1034 2472 ΙΙ
1066 2431 1110 2462 26
1137 2425 1348 2471 Terentius]
1374 2425 1463 2460 Hec.
1489 2423 1581 2469 prol.
1610 2423 1642 2458 II
1671 2427 1712 2457 12

409 2529 429 2560 2
456 2524 677 2570 adventum]
702 2525 746 2559 ut
768 2523 930 2559 testatur
954 2521 1109 2557 lucanus
1128 2521 1175 2566 (V
1189 2521 1271 2565 551)
1298 2530 1381 2554 cum
1401 2518 1566 2564 amyclas
1586 2517 1726 2553 caesari
1744 2517 1889 2554 futurae
1910 2516 2018 2563 signa

314 2572 551 2617 tempestatis
577 2572 727 2607 enarrat
755 2571 836 2606 ‘sed
860 2568 955 2605 mihi
979 2580 1047 2604 nec
1071 2569 1195 2603 motus
1220 2578 1412 2602 nemorum
1438 2578 1506 2602 nec
1530 2566 1652 2601 litoris
1677 2565 1772 2600 ictus
1797 2576 1866 2601 nec
1891 2565 2017 2610 placet

313 2620 477 2655 incertus
504 2620 568 2665 qui
592 2619 772 2664 prouocat
797 2628 961 2662 aequora
986 2614 1153 2660 delphin'
1182 2615 1267 2650 add.
1282 2614 1322 2649 D
1340 2615 1352 2660 ll
1371 2625 1483 2649 caeca
1510 2642 1517 2649 .
1539 2640 1546 2647 .
1570 2642 1577 2650 .
1604 2614 1647 2649 ut
1671 2624 1737 2648 om.
1752 2612 1792 2647 F
1807 2614 1819 2658 ΙΙ
1848 2617 1868 2647 3
1894 2611 2016 2657 ignes]

315 2667 442 2712 ignem
467 2667 516 2711 F,
544 2666 729 2702 coruratio
753 2676 829 2701 non
854 2663 1012 2709 apparet
1036 2664 1174 2698 addens
1191 2663 1204 2708 ΙΙ
1229 2666 1252 2696 4
1276 2661 1480 2697 terrificant
1505 2661 1649 2696 animos
1675 2671 1740 2696 om.
1761 2660 1802 2695 F
1817 2662 1829 2706 ΙΙ
1857 2664 1878 2695 6
1903 2658 2018 2695 aridis

315 2715 411 2750 AM
433 2715 603 2760 (corr..a)
639 2713 776 2749 arduus
801 2713 814 2747 l
837 2714 850 2757 ΙΙ
880 2714 901 2746 8
926 2713 1083 2746 naturae
1108 2721 1174 2746 om.
1201 2710 1240 2744 F
1256 2710 1269 2755 ΙΙ
1299 2708 1547 2745 munitionem
1571 2709 1606 2743 L
1631 2708 1734 2753 (corr.
1763 2709 1789 2752 l)
1807 2708 1821 2753 11
1851 2707 1890 2743 et
1915 2706 2016 2752 quic-

315 2762 421 2808 quid]
449 2762 579 2797 aether
604 2762 688 2797 add.
715 2759 787 2795 AS
812 2758 1003 2804 (quicquid
1028 2759 1094 2793 del.
1120 2761 1153 2793 et
1178 2757 1243 2802 qui
1263 2761 1347 2802 post
1372 2757 1502 2793 aether
1526 2767 1554 2792 s.
1580 2767 1612 2791 v.
1639 2756 1723 2792 add.
1749 2756 1779 2799 s)
1803 2756 1816 2800 ΙΙ
1841 2758 1862 2789 9
1889 2754 2018 2790 contra

316 2821 381 2845 om.
408 2810 448 2844 F
463 2810 476 2854 ΙΙ
495 2810 619 2844 motus
645 2808 680 2843 L
705 2810 810 2850 (corr.
837 2808 863 2852 l)
882 2808 894 2852 ΙΙ
926 2810 966 2841 11
994 2818 1133 2842 znpnnu
1160 2805 1200 2839 F
1214 2806 1227 2851 ss
1245 2805 1330 2840 iane
1356 2805 1405 2847 F,
1430 2815 1521 2840 corr.
1541 2804 1680 2839 Daniel
1697 2804 1710 2848 u
1728 2802 1844 2838 lenire
1867 2801 2015 2845 scripsi:

314 2856 433 2892 lanire
461 2856 502 2891 F
535 2856 677 2891 saevire
702 2854 850 2890 Daniel.
889 2854 934 2897 ef.
965 2852 1055 2888 Gell.
1082 2852 1204 2888 XVIII
1231 2857 1273 2887 12
1306 2856 1338 2887 et
1363 2852 1506 2887 Lorenz
1537 2852 1586 2887 ad
1611 2850 1734 2886 Plaut.
1765 2850 1840 2884 mil.
1865 2849 1954 2894 ylor.
1982 2848 2016 2883 ΙΙ

317 2908 350 2947 6,
378 2907 445 2939 100
472 2904 527 2949 (10.
556 2904 638 2948 148)
652 2903 669 2949 fl
687 2903 786 2947 tagis
812 2901 861 2945 F,
886 2912 976 2936 corr.
995 2901 1134 2935 Daniel
1152 2901 1164 2946 ΙΙ
1186 2904 1227 2935 12
1253 2901 1303 2936 ad
1327 2912 1456 2935 Pnnmr
1481 2912 1511 2934 P.
1537 2910 1570 2934 A.
1596 2911 1626 2933 Ρ.
1652 2908 1681 2932 s.
1707 2908 1739 2932 v.
1764 2907 1838 2931 non
1862 2906 1901 2930 re
1927 2906 2017 2930 uera

316 2951 466 2997 placida
489 2950 627 2996 premit
652 2950 717 2985 sed
741 2949 943 2994 premendo
967 2948 1090 2983 reddit
1114 2946 1265 2991 placida
1293 2947 1326 2982 T
1348 2949 1359 2993 1}
1384 2946 1547 2982 reddidit
1573 2945 1613 2980 F
1633 2946 1645 2991 ΙΙ
1675 2948 1717 2979 13
1742 2942 1848 2978 lucili
1873 2942 1913 2977 F
1933 2943 1946 2988 ΙΙ
1973 2946 2017 2977 14

316 2997 531 3035 indicuntur
555 2997 596 3032 F
611 2998 622 3044 ΙΙ
654 2998 692 3032 di
717 2997 763 3032 H
782 2997 794 3042 ΙΙ
831 3000 874 3031 15
899 2995 1003 3031 ducis
1031 2996 1079 3029 M
1085 2994 1133 3038 F,
1159 3006 1224 3030 om.
1250 2995 1393 3040 reliqui.
1419 2993 1552 3028 iudicis
1579 2992 1786 3027 Maevicius
1812 2992 1824 3034 ΙΙ
1854 2990 1891 3025 in
1917 3001 1957 3025 re
1981 3002 2018 3035 p.

317 3045 478 3082 ASMJ:
503 3045 542 3081 in
567 3045 677 3080 rebus
702 3044 847 3087 RLH,
871 3054 939 3079 om.
965 3043 1004 3077 F
1020 3044 1032 3089 ΙΙ
1054 3046 1096 3077 16
1123 3042 1226 3088 quia]
1253 3053 1346 3087 quor
1370 3041 1502 3087 171118
1528 3037 1722 3084 sequentia
1746 3037 1838 3073 ASZ
1875 3037 2019 3073 secutia

317 3094 363 3129 H
377 3096 389 3139 ΙΙ
410 3097 453 3129 19
479 3104 577 3128 1111110
602 3104 657 3127 om
683 3092 755 3127 AS
773 3093 785 3139 ΙΙ
804 3096 850 3127 20
875 3089 1010 3135 sinitis]
1037 3089 1151 3125 uultis
1170 3090 1220 3124 Μ
1223 3090 1263 3124 F
1277 3091 1290 3135 ΙΙ
1309 3093 1352 3125 21
1380 3087 1566 3134 significat
1583 3086 1721 3121 Daniel
1739 3086 1751 3130 ΙΙ
1770 3086 2018 3130 subsequatur

319 3141 360 3176 F
393 3140 629 3185 subsequitur
654 3139 792 3181 Daniel
817 3140 829 3186 ss
860 3143 903 3174 22
930 3137 1108 3173 dicendae
1135 3136 1341 3172 sententiae
1369 3136 1417 3171 M
1422 3135 1462 3170 F
1477 3136 1490 3182 ΙΙ
1519 3133 1595 3169 tiae
1622 3134 1678 3179 (de
1703 3133 1922 3178 sententiae)
1948 3160 1957 3170 .
1976 3158 1984 3165 .
2007 3158 2015 3167 .

317 3188 356 3223 in
382 3188 460 3224 eius
487 3187 631 3223 scilicet
656 3186 1014 3233 commendationem
1040 3195 1106 3220 om.
1127 3185 1171 3219 H
1185 3185 1197 3230 ΙΙ
1225 3188 1270 3219 23
1297 3184 1467 3218 dicantur
1492 3180 1699 3217 sententiae
1724 3180 1802 3215 RL
1828 3182 1934 3226 (corr.
1955 3180 1981 3225 l)
2006 3178 2018 3225 ΙΙ

319 3241 365 3271 25
390 3249 454 3272 1181·
479 3246 546 3272 om.
568 3236 618 3271 M
639 3237 652 3281 ΙΙ
678 3234 824 3270 licitum
849 3233 922 3280 est]
950 3233 1112 3269 edictum
1138 3233 1195 3267 est
1219 3232 1304 3268 adel.
1324 3231 1359 3266 L
1387 3230 1466 3276 (del.
1493 3230 1520 3274 l)
