2092 3614
544 249 695 287 OOMM.
722 250 776 286 IN
801 249 945 287 VERG.
971 249 1086 286 AEN.
1112 250 1147 286 X
1173 253 1373 288 115—135.
1728 251 1813 293 401

224 359 322 401 126.
370 370 497 401 ALTA
528 360 677 402 nobili.
798 376 914 403 LYC'IA
940 376 1186 404 GOMITANTVR
1211 377 1262 403 AB
1289 361 1408 414 Ama]
1439 375 1540 415 qnos
1571 361 1820 403 comitantur

102 430 176 484 qni
205 433 305 473 snnt
333 430 466 486 Lycia
496 431 548 474 ab
579 432 678 475 atta.

223 502 320 544 127.
370 519 474 546 FERT
494 520 640 547 INGENS
665 520 756 546 roro
786 503 957 558 quidam
987 504 1076 546 sine
1100 503 1242 556 effecta
1271 504 1466 557 ferentem
1496 518 1647 547 saxam
1677 505 1817 559 inpro-

95 574 190 628 prie
220 574 433 617 inductam
464 575 694 628 aooipinnae
726 575 798 617 sed
819 575 892 617 hoo
914 575 976 617 ita
1000 575 1223 630 resolvant,
1254 577 1363 629 quod
1385 577 1458 630 qni
1481 576 1636 618 iactam
1666 590 1818 619 saxam

100 645 239 701 refert,
259 644 404 688 ‘anias
441 649 603 689 tantum
633 647 695 689 rei
724 649 908 689 eventum
939 647 1127 700 ostendit,
1165 647 1238 701 qni
1271 646 1466 700 ferentem
1497 648 1612 703 dicit,
1651 649 1815 703 lonynm
1842 656 1863 687 5

100 720 237 759 aetam
267 721 395 760 notat.

223 789 319 832 128.
367 801 622 832 LYRNESIVS
655 789 700 832 id
732 792 800 832 est
824 789 990 846 Phryx:
1022 789 1240 845 Lyrnesos
1267 791 1379 833 enim
1408 791 1560 834 civitas
1588 793 1655 833 est
1679 791 1816 847 Phry-

100 861 216 916 giae,
248 861 362 903 unde
393 860 477 902 fuit
502 860 683 917 Briseis,
714 875 840 915 qnam
871 862 1074 904 civitatem
1099 862 1282 905 Achilles
1312 864 1571 919 eoeffmqnavit.
1622 863 1817 905 *Acmon

98 945 189 986 eryo
220 935 259 975 et
286 932 548 975 Menestheus
575 933 658 988 filii
689 932 862 988 Clytii*

220 1004 317 1046 129.
365 1015 649 1047 MENESTHEO
681 1019 770 1047 non
802 1004 1085 1058 ‘Mnestheo',
1125 1005 1175 1048 de
1208 1021 1293 1061 quo
1325 1007 1456 1062 paulo
1488 1009 1590 1062 post
1620 1007 1811 1049 dicturus
1843 1016 1885 1046 10

98 1078 183 1131 est,
214 1075 444 1132 legendum
477 1079 559 1132 est,
591 1091 646 1119 ne
678 1091 827 1119 versus
858 1091 946 1120 non
980 1079 1084 1132 stet,
1124 1078 1197 1119 sed
1230 1077 1542 1135 ‘Menestheo'‚
1573 1079 1636 1121 i’ta
1667 1081 1815 1121 tamen

98 1150 147 1189 ut
178 1148 499 1191 meminerimus
537 1148 583 1191 in
620 1149 774 1191 ultima
810 1149 977 1204 syllaba
1009 1163 1102 1191 esse
1145 1149 1398 1204 synaeresin
1435 1153 1615 1206 propter
1650 1153 1814 1193 rectam

99 1219 385 1262 scansionem.
527 1227 531 1230 ’
1715 1229 1719 1231 ·

219 1291 315 1334 130.
364 1304 415 1334 HI
446 1303 631 1335 IAOVLIS
663 1292 816 1335 Rutuli
849 1292 1022 1335 seilicet
1116 1309 1203 1335 ιιι]
1224 1309 1400 1336 CERTANT
1422 1311 1659 1338 DEFENDERE
1682 1305 1813 1337 SAXIS

94 1363 142 1404 id
169 1366 230 1405 est
258 1363 446 1407 Troiani.
1841 1374 1884 1406 15

142 1438 145 1440 '
217 1435 314 1478 131.
363 1452 581 1483 MOLIRIQVE
603 1453 733 1480 IGNEM
758 1436 861 1490 qnid
889 1440 948 1479 est
977 1428 1119 1480 moliri
1125 1424 1148 1478 ‚9
1185 1451 1287 1479 num
1326 1437 1491 1492 inicere,
1529 1451 1587 1480 an
1618 1441 1814 1492 temptare

92 1506 252 1549 iacere?
267 1510 323 1549 .et
352 1507 681 1550 subandiendum
713 1507 807 1550 ‘alii
838 1511 958 1563 atque
988 1507 1095 1551 alii'.

215 1578 312 1622 132.
361 1591 561 1622 vannius
593 1579 856 1623 lvsrlssmA
889 1591 1013 1624 cvRA
1050 1581 1099 1623 de
1134 1594 1212 1635 quo
1250 1581 1394 1624 merito
1433 1584 1565 1624 curet:
1607 1581 1709 1637 quia
1747 1582 1812 1624 illi

94 1649 334 1692 debebatur
365 1651 605 1706 imperium.

215 1722 312 1764 133.
363 1733 510 1765 CAPVT
536 1734 778 1766 DETEOTVS
812 1723 904 1766 sine
936 1724 1079 1780 galea,
1112 1724 1236 1780 quasi
1267 1739 1355 1767 non
1386 1727 1678 1781 pugnaturus3
1709 1740 1810 1767 nam
1837 1734 1883 1765 20

93 1793 289 1836 audierat
321 1793 413 1849 <IX
448 1793 565 1848 653>
605 1796 778 1837 cetera
815 1810 967 1850 parce
1005 1809 1130 1851 puer
1168 1796 1319 1847 bello.
1383 1798 1476 1838 erat
1514 1799 1659 1839 autem
1697 1797 1811 1839 inter

93 1865 222 1908 duces
255 1866 379 1921 quasi
413 1865 510 1908 dux.
609 1883 702 1909 Eoos
722 1880 804 1920 pro
835 1867 1112 1909 admiratione
1142 1870 1180 1909 et
1209 1868 1563 1911 demonstratione.
1662 1880 1808 1912 ΙΙΟΝΕ-

93 1947 217 1979 STVM
243 1937 492 1992 pulchrum:
525 1937 753 1981 Terentius
780 1939 856 1981 ita
881 1953 954 1980 me
980 1939 1030 1981 di
1055 1939 1184 1981 bene
1217 1942 1408 1995 ament,
1439 1940 1691 1982 honestus
1719 1944 1808 1984 est.

215 2009 310 2051 134.
359 2021 505 2051 MIOAT
538 2009 702 2051 seilicet
735 2009 949 2052 Ascanius
981 2010 1123 2066 fulget
1155 2011 1340 2066 qualiter
1372 2025 1557 2067 gemma.

214 2080 311 2122 135.
360 2091 451 2122 Avr
485 2092 639 2123 0012110
673 2093 765 2124 Avr
798 2073 956 2124 0A131'r1
993 2083 1197 2138 figurate:
1236 2098 1337 2125 nam
1370 2082 1496 2125 ‘colli
1528 2084 1595 2126 vel
1629 2084 1806 2140 capitis'
1833 2092 1878 2124 25

92 2153 185 2193 erat
217 2165 454 2194 commune.

187 2247 232 2279 23
259 2244 472 2292 Terentius]
498 2245 591 2282 Eun.
618 2245 671 2280 III
696 2249 730 2292 2,
756 2249 812 2281 21.
852 2246 897 2282 ef.
924 2247 1017 2283 Don.
1045 2247 1093 2283 ad.
1118 2248 1154 2284 h.
1181 2259 1215 2284 v.

1768 2202 1782 2221 ί

188 2332 204 2363 1
233 2340 331 2363 mem
356 2341 447 2363 Ani-A
471 2328 590 2364 nobili
616 2341 708 2374 quos
736 2330 962 2366 comitantur
987 2342 1013 2367 e.
1040 2343 1072 2376 q.
1100 2342 1128 2367 ε.
1155 2331 1196 2366 F
1219 2333 1330 2378 (mou
1354 2332 1435 2367 hab.
1459 2333 1521 2378 M)
1541 2333 1553 2379 ΙΙ
1578 2336 1598 2367 3
1624 2344 1651 2368 s.
1678 2344 1709 2369 υ.
1739 2337 1805 2368 127

90 2375 245 2420 quidam
266 2405 273 2412 .
291 2404 299 2412 .
314 2403 322 2410 .
342 2375 498 2422 longum
524 2378 649 2412 actum
676 2377 866 2423 significat
893 2378 926 2412 T
943 2379 955 2425 ΙΙ
979 2383 1001 2413 4
1028 2380 1128 2424 quod
1152 2380 1208 2415 ita
1232 2379 1434 2416 resoluitur
1462 2380 1495 2415 T
1511 2381 1522 2427 ss
1542 2384 1563 2415 5
1589 2380 1713 2416 iunius
1733 2381 1774 2415 F
1796 2381 1807 2428 Η

90 2423 154 2466 qui
179 2424 361 2459 ferentem
387 2423 480 2459 dicit
523 2425 588 2470 qui
614 2425 688 2461 fert
717 2426 751 2460 T
770 2427 782 2471 ss
814 2426 923 2472 dicit]
951 2425 994 2461 ds·
1022 2427 1056 2462 G
1080 2428 1092 2473 ss
1124 2427 1278 2473 longum
1303 2428 1444 2463 iactum
1471 2427 1630 2471 Daniel;
1654 2430 1716 2464 sed
1740 2429 1830 2467 hoe.

88 2471 205 2506 voluit
234 2471 431 2516 interpres:
511 2473 663 2518 eryilins
700 2484 782 2509 oum
814 2474 987 2518 ferentem
1021 2485 1154 2511 saxum
1185 2477 1380 2511 Aomonem
1413 2477 1577 2519 inducit,
1615 2487 1696 2511 eum
1728 2487 1804 2511 non

88 2518 209 2561 semel,
240 2519 303 2554 sed
331 2519 478 2564 saepius
508 2530 641 2555 saxam
666 2522 792 2557 tulisse
816 2525 850 2557 et
873 2522 995 2557 iecisse
1019 2523 1215 2568 siqnificat.
1253 2524 1265 2570 ΙΙ
1303 2528 1323 2559 6
1355 2523 1480 2570 notat]
1517 2522 1704 2569 significat
1732 2524 1765 2558 Τ

91 2569 109 2600 7
136 2565 176 2600 id.
202 2567 260 2601 est
283 2565 355 2601 frix
380 2577 513 2602 aemon
540 2578 629 2613 ergo
656 2597 663 2605 .
686 2595 693 2603 .
716 2597 724 2604 .
752 2568 862 2614 elyoii
889 2569 968 2614 (sie)
996 2581 1083 2605 nam
1107 2570 1310 2616 lyrnessos.
1323 2571 1457 2606 ciuitas
1483 2574 1541 2607 est
1565 2582 1592 2606 e.
1618 2583 1649 2616 q.
1676 2582 1703 2606 s.
1731 2571 1772 2606 F

89 2623 176 2647 nam
202 2613 387 2657 lyrnessos
414 2615 462 2648 M
478 2616 491 2660 ΙΙ
514 2613 683 2659 lyrnesus
709 2616 744 2651 L
763 2618 775 2662 ΙΙ
800 2620 821 2652 8
847 2616 934 2663 fuit]
961 2617 1060 2662 fugit
1084 2618 1158 2653 AS
1175 2619 1187 2665 ΙΙ
1212 2618 1376 2654 braeseis
1402 2618 1475 2654 AS
1509 2618 1653 2654 breseis
1678 2619 1807 2654 RLH

89 2659 254 2695 bresenis
281 2661 331 2695 M
363 2661 514 2696 bresens
540 2662 580 2696 F
595 2663 608 2708 ΙΙ
628 2666 672 2698 10
698 2676 906 2699 msnssrnso
931 2675 1007 2699 non
1033 2675 1099 2701 om.
1120 2665 1157 2700 R
1176 2668 1187 2712 Η
1208 2670 1250 2701 11
1277 2665 1480 2711 legendum
1506 2695 1512 2702 .
1534 2696 1541 2703 .
1564 2695 1571 2701 .
1600 2667 1689 2713 stet]
1716 2679 1802 2702 nam

88 2719 163 2743 nou
190 2709 267 2743 stat
290 2719 420 2744 uersus
448 2709 497 2744 Μ
504 2708 546 2744 F
573 2711 585 2756 ΙΙ
618 2711 684 2746 sed
708 2711 928 2747 Menestheo
956 2740 963 2747 .
986 2738 993 2746 .
1017 2739 1023 2747 .
1051 2713 1284 2749 scansionem
1312 2725 1377 2749 om.
1407 2715 1456 2748 M
1462 2713 1503 2749 F
1530 2715 1542 2760 ΙΙ
1572 2716 1739 2749 mnesteo
1765 2715 1800 2749 A

90 2757 197 2800 (corr.
225 2757 262 2801 a)
302 2756 497 2792 mnestheo
516 2756 546 2791 S
582 2759 772 2794 menesteo
793 2758 829 2793 R
848 2759 860 2804 ΙΙ
882 2763 923 2794 12
949 2758 987 2793 in
1013 2760 1148 2796 ultima
1174 2761 1320 2806 syllaba
1343 2763 1468 2807 vulyo:
1494 2762 1630 2797 ultima
1655 2762 1802 2807 syllaba

88 2803 193 2846 libri,
224 2804 300 2838 nisi
331 2805 427 2849 qaod
458 2804 580 2839 silaba
604 2805 655 2848 L,
680 2806 864 2841 'ultimam
897 2806 1080 2851 syllabam
1106 2809 1138 2843 h.
1172 2810 1294 2854 possis
1331 2813 1364 2844 et
1399 2809 1555 2845 ultimae
1592 2809 1759 2853 syllabae
1792 2810 1801 2855 ΙΙ

89 2853 229 2886 sectam
255 2851 328 2886 AS
358 2853 369 2898 ΙΙ
408 2855 453 2886 14
479 2851 624 2887 scilieet
648 2863 714 2888 om.
741 2853 834 2888 MF
861 2854 873 2899 ΙΙ
910 2866 1008 2889 sinus
1033 2853 1184 2892 Troiani
1211 2867 1276 2893 om.
1303 2856 1340 2891 R
1366 2858 1378 2903 ΙΙ
1408 2870 1478 2891 ILLI
1504 2871 1534 2892 c.
1561 2870 1595 2892 n.
1622 2861 1655 2892 et
1680 2856 1720 2892 id
1745 2861 1803 2892 est

88 2897 169 2934 hab.
196 2899 246 2933 M
259 2899 271 2944 ΙΙ
302 2902 345 2934 16
370 2900 421 2934 ad
444 2911 636 2940 mommqu
663 2913 688 2936 1.
715 2910 741 2935 s.
769 2911 800 2935 v.
827 2900 964 2937 inicere
990 2901 1070 2937 siue
1094 2904 1282 2949 temptare
1307 2905 1557 2947 utinicerent
1585 2904 1618 2939 T
1633 2906 1644 2951 ΙΙ
1669 2905 1801 2940 moleri

89 2944 129 2979 F
144 2946 156 2988 ΙΙ
190 2949 232 2981 18
258 2947 308 2982 ad
331 2959 480 2982 vsnsms
506 2960 529 2981 1.
556 2961 585 2982 c.
612 2957 638 2982 s.
666 2959 697 2982 v.
724 2948 771 2983 de
797 2959 870 2992 quo
896 2949 1030 2985 merito
1057 2951 1213 2987 curabat
1241 2952 1274 2986 T
1290 2954 1302 2997 ΙΙ
1329 2951 1404 2997 illi]
1432 2952 1466 2986 ei
1491 2952 1584 2987 MF
1599 2953 1611 2999 ΙΙ
1642 2956 1687 2987 20
1714 2963 1798 2986 nam

90 2992 283 3043 audierat]
300 2996 453 3040 propter
479 2995 528 3030 M
532 2994 572 3029 F
599 2996 610 3040 ΙΙ
641 2999 684 3030 21
714 2996 794 3030 erat
820 3023 827 3030 .
850 3023 856 3029 .
880 3023 887 3030 .
914 2996 1003 3043 dux]
1036 2997 1216 3034 intererat
1240 2999 1349 3044 quasi
1374 2999 1448 3034 dux
1474 2999 1524 3034 M
1527 2999 1567 3034 F
1594 3002 1607 3044 u
1638 3003 1682 3034 22
1710 3000 1798 3045 dux]

89 3039 201 3075 duces
220 3041 293 3076 AS
310 3044 323 3086 ΙΙ
341 3043 391 3077 ad
409 3055 499 3077 ECGE
518 3056 549 3078 P.
570 3055 604 3077 D.
626 3055 660 3079 Η,
682 3053 709 3077 s.
729 3054 762 3078 v.
790 3042 1030 3079 admirandus
1056 3047 1095 3081 et
1114 3046 1423 3082 demonstrandus
1448 3047 1572 3082 fuerat
1594 3047 1680 3082 ideo
1706 3047 1801 3081 dixit

89 3096 175 3121 eece
205 3088 237 3121 T
252 3089 265 3133 ΙΙ
295 3093 339 3124 23
366 3089 461 3125 bene
487 3101 620 3125 aomen
647 3090 720 3125 AS
755 3090 876 3125 benea
901 3101 1009 3126 omen
1034 3092 1070 3127 R
1108 3093 1202 3129 bene
1228 3102 1336 3129 amen
1362 3095 1407 3129 H
1421 3095 1433 3140 ΙΙ
1459 3095 1635 3130 honestus
1662 3094 1735 3140 est]
1762 3095 1797 3129 h.

90 3133 146 3177 M,
171 3144 237 3169 om.
263 3135 304 3170 F
320 3137 331 3182 ΙΙ
355 3137 552 3172 honestum
576 3137 650 3172 AS
667 3139 680 3183 ΙΙ
710 3141 756 3173 24
783 3149 917 3177 QvAms·
935 3151 1059 3174 GEMMA
1082 3152 1191 3176 MicA'r
1216 3142 1265 3176 M
1279 3143 1290 3187 u
1315 3141 1432 3177 micat
1458 3141 1555 3177 sieut
1579 3152 1729 3188 gemma
1754 3141 1804 3176 M

88 3181 204 3216 micat
229 3184 333 3227 quasi
358 3195 506 3229 gemma
531 3185 572 3220 F
593 3186 605 3230 ΙΙ
637 3189 682 3220 25
708 3198 819 3221 conto
844 3197 954 3221 nscvs
979 3199 1049 3223 Av'r
1075 3188 1125 3222 M
1143 3189 1156 3234 11
1180 3189 1338 3234 figurate
1364 3190 1423 3224 est
1447 3190 1497 3225 M
1528 3190 1714 3234 figuratao
1741 3190 1799 3224 est

88 3227 129 3263 F
144 3230 156 3275 ΙΙ
184 3233 229 3264 26
254 3240 341 3265 nam
367 3242 563 3268 commune
590 3235 647 3268 est
672 3233 760 3269 colli
785 3233 847 3268 uel
874 3233 1009 3278 capitis
1035 3234 1147 3271 decus
1175 3237 1224 3271 M
1230 3237 1280 3281 F,
1304 3237 1381 3272 nisi
1405 3237 1502 3282 quod
1527 3237 1640 3272 decus
1666 3247 1731 3272 om.
1753 3236 1803 3271 M
1845 3274 1850 3277 ,
