<?xml version="1.0" encoding="UTF-8"?>
<!DOCTYPE html PUBLIC "-//W3C//DTD XHTML 1.0 Transitional//EN"
    "http://www.w3.org/TR/xhtml1/DTD/xhtml1-transitional.dtd">
<html xmlns="http://www.w3.org/1999/xhtml" xml:lang="en" lang="en">
 <head>
  <title>
</title>
<meta http-equiv="Content-Type" content="text/html;charset=utf-8" />
  <meta name='ocr-system' content='tesseract 3.04.00' />
  <meta name='ocr-capabilities' content='ocr_page ocr_carea ocr_par ocr_line ocrx_word'/>
</head>
<body>
  <div class='ocr_page' id='page_1' title='image "./invergiliicarmin02servuoft_0506.png"; bbox 0 0 2092 3614; ppageno 0'>
   <div class='ocr_carea' id='block_1_1' title="bbox 297 228 1233 275">
    <p class='ocr_par' dir='ltr' id='par_1_1' title="bbox 297 228 1233 275">
     <span class='ocr_line' id='line_1_1' title="bbox 297 228 1233 275; baseline -0.011 0"><span class='ocrx_word' id='word_1_1' title='bbox 297 231 386 275; x_wconf 87' lang='grc'>492</span> <span class='ocrx_word' id='word_1_2' title='bbox 1072 228 1233 266; x_wconf 80' lang='lat' dir='ltr'><strong>SERVH</strong></span> 
     </span>
    </p>
   </div>
   <div class='ocr_carea' id='block_1_2' title="bbox 232 338 2030 1039">
    <p class='ocr_par' dir='ltr' id='par_1_2' title="bbox 300 338 2004 397">
     <span class='ocr_line' id='line_1_2' title="bbox 300 338 2004 397; baseline 0 -13"><span class='ocrx_word' id='word_1_3' title='bbox 300 344 343 384; x_wconf 88' lang='lat' dir='ltr'>ct</span> <span class='ocrx_word' id='word_1_4' title='bbox 373 340 553 397; x_wconf 76' lang='lat' dir='ltr'>‘pepigi&#39;</span> <span class='ocrx_word' id='word_1_5' title='bbox 592 343 636 383; x_wconf 88' lang='lat' dir='ltr'>et</span> <span class='ocrx_word' id='word_1_6' title='bbox 667 340 836 395; x_wconf 77' lang='lat' dir='ltr'>‘pactus</span> <span class='ocrx_word' id='word_1_7' title='bbox 869 338 978 382; x_wconf 89' lang='lat' dir='ltr'>sum&#39;</span> <span class='ocrx_word' id='word_1_8' title='bbox 1017 339 1143 395; x_wconf 86' lang='lat' dir='ltr'>facit,</span> <span class='ocrx_word' id='word_1_9' title='bbox 1179 339 1290 382; x_wconf 93' lang='lat' dir='ltr'>sicut</span> <span class='ocrx_word' id='word_1_10' title='bbox 1327 339 1382 381; x_wconf 89' lang='lat' dir='ltr'>ab</span> <span class='ocrx_word' id='word_1_11' title='bbox 1420 353 1470 382; x_wconf 92' lang='lat' dir='ltr'>eo</span> <span class='ocrx_word' id='word_1_12' title='bbox 1509 340 1621 395; x_wconf 91' lang='lat' dir='ltr'>quod</span> <span class='ocrx_word' id='word_1_13' title='bbox 1659 342 1724 382; x_wconf 86' lang='lat' dir='ltr'>est</span> <span class='ocrx_word' id='word_1_14' title='bbox 1763 340 1922 396; x_wconf 67' lang='lat' dir='ltr'>‘parco&#39;</span> <span class='ocrx_word' id='word_1_15' title='bbox 1961 344 2004 384; x_wconf 91' lang='lat' dir='ltr'>et</span> 
     </span>
    </p>

    <p class='ocr_par' dir='ltr' id='par_1_3' title="bbox 299 410 2004 468">
     <span class='ocr_line' id='line_1_3' title="bbox 299 410 2004 468; baseline 0 -13"><span class='ocrx_word' id='word_1_16' title='bbox 299 412 448 468; x_wconf 73' lang='lat' dir='ltr'>‘parsi&#39;</span> <span class='ocrx_word' id='word_1_17' title='bbox 470 415 514 455; x_wconf 92' lang='lat' dir='ltr'>et</span> <span class='ocrx_word' id='word_1_18' title='bbox 533 411 735 468; x_wconf 72' lang='lat' dir='ltr'>‘peperci&#39;</span> <span class='ocrx_word' id='word_1_19' title='bbox 752 412 868 466; x_wconf 77' lang='lat' dir='ltr'>facit.</span> <span class='ocrx_word' id='word_1_20' title='bbox 959 422 1077 454; x_wconf 78' lang='lat' dir='ltr'>PAOE</span> <span class='ocrx_word' id='word_1_21' title='bbox 1105 422 1375 462; x_wconf 78' lang='lat' dir='ltr'><strong>SEQVESTRA</strong></span> <span class='ocrx_word' id='word_1_22' title='bbox 1399 410 1558 467; x_wconf 83' lang='lat' dir='ltr'>media3</span> <span class='ocrx_word' id='word_1_23' title='bbox 1582 425 1761 466; x_wconf 78' lang='lat' dir='ltr'>namque</span> <span class='ocrx_word' id='word_1_24' title='bbox 1785 415 2004 468; x_wconf 71' lang='lat' dir='ltr'>sequester</span> 
     </span>
    </p>

    <p class='ocr_par' dir='ltr' id='par_1_4' title="bbox 299 482 2004 539">
     <span class='ocr_line' id='line_1_4' title="bbox 299 482 2004 539; baseline -0.001 -12"><span class='ocrx_word' id='word_1_25' title='bbox 299 487 367 527; x_wconf 89' lang='lat' dir='ltr'>est</span> <span class='ocrx_word' id='word_1_26' title='bbox 396 487 472 526; x_wconf 80' lang='lat' dir='ltr'>aut</span> <span class='ocrx_word' id='word_1_27' title='bbox 507 483 673 526; x_wconf 90' lang='lat' dir='ltr'>medius</span> <span class='ocrx_word' id='word_1_28' title='bbox 711 483 824 526; x_wconf 89' lang='lat' dir='ltr'>inter</span> <span class='ocrx_word' id='word_1_29' title='bbox 862 483 971 526; x_wconf 89' lang='lat' dir='ltr'>duos</span> <span class='ocrx_word' id='word_1_30' title='bbox 1009 483 1285 535; x_wconf 73' lang='lat' dir='ltr'>altercantes,</span> <span class='ocrx_word' id='word_1_31' title='bbox 1322 486 1398 525; x_wconf 76' lang='lat' dir='ltr'>aut</span> <span class='ocrx_word' id='word_1_32' title='bbox 1434 482 1548 538; x_wconf 89' lang='lat' dir='ltr'>apud</span> <span class='ocrx_word' id='word_1_33' title='bbox 1585 498 1710 538; x_wconf 90' lang='lat' dir='ltr'>quem</span> <span class='ocrx_word' id='word_1_34' title='bbox 1749 483 1911 539; x_wconf 90' lang='lat' dir='ltr'>aliquid</span> <span class='ocrx_word' id='word_1_35' title='bbox 1951 484 2004 526; x_wconf 86' lang='lat' dir='ltr'>ad</span> 
     </span>
    </p>

    <p class='ocr_par' dir='ltr' id='par_1_5' title="bbox 298 554 2005 611">
     <span class='ocr_line' id='line_1_5' title="bbox 298 554 2005 611; baseline 0 -13"><span class='ocrx_word' id='word_1_36' title='bbox 298 558 469 611; x_wconf 88' lang='lat' dir='ltr'>tempus</span> <span class='ocrx_word' id='word_1_37' title='bbox 502 554 741 610; x_wconf 73' lang='lat' dir='ltr'>seponitur:</span> <span class='ocrx_word' id='word_1_38' title='bbox 775 555 928 598; x_wconf 53' lang='lat' dir='ltr'>dicium</span> <span class='ocrx_word' id='word_1_39' title='bbox 958 558 1096 597; x_wconf 82' lang='lat' dir='ltr'>autem</span> <span class='ocrx_word' id='word_1_40' title='bbox 1126 568 1154 596; x_wconf 87' lang='lat' dir='ltr'>a</span> <span class='ocrx_word' id='word_1_41' title='bbox 1178 555 1387 608; x_wconf 79' lang='lat' dir='ltr'>sequendo,</span> <span class='ocrx_word' id='word_1_42' title='bbox 1417 555 1526 608; x_wconf 78' lang='lat' dir='ltr'>quod</span> <span class='ocrx_word' id='word_1_43' title='bbox 1554 555 1641 597; x_wconf 87' lang='lat' dir='ltr'>eius</span> <span class='ocrx_word' id='word_1_44' title='bbox 1670 556 1743 609; x_wconf 76' lang='lat' dir='ltr'>qui</span> <span class='ocrx_word' id='word_1_45' title='bbox 1771 555 1916 598; x_wconf 77' lang='lat' dir='ltr'>clectus</span> <span class='ocrx_word' id='word_1_46' title='bbox 1939 556 2005 611; x_wconf 82' lang='lat' dir='ltr'>sit,</span> 
     </span>
    </p>

    <p class='ocr_par' dir='ltr' id='par_1_6' title="bbox 252 625 2006 682">
     <span class='ocr_line' id='line_1_6' title="bbox 252 625 2006 682; baseline 0.001 -15"><span class='ocrx_word' id='word_1_47' title='bbox 252 637 272 667; x_wconf 87' lang='lat'>5</span> <span class='ocrx_word' id='word_1_48' title='bbox 297 631 471 681; x_wconf 77' lang='lat' dir='ltr'>utraque</span> <span class='ocrx_word' id='word_1_49' title='bbox 493 640 601 681; x_wconf 75' lang='lat' dir='ltr'>pars</span> <span class='ocrx_word' id='word_1_50' title='bbox 624 627 747 681; x_wconf 78' lang='lat' dir='ltr'>fidem</span> <span class='ocrx_word' id='word_1_51' title='bbox 770 627 963 680; x_wconf 75' lang='lat' dir='ltr'>sequitu-r.</span> <span class='ocrx_word' id='word_1_52' title='bbox 1008 625 1189 681; x_wconf 75' lang='lat' dir='ltr'>‘pacem&#39;</span> <span class='ocrx_word' id='word_1_53' title='bbox 1218 640 1321 682; x_wconf 83' lang='lat' dir='ltr'>ergo</span> <span class='ocrx_word' id='word_1_54' title='bbox 1349 625 1646 681; x_wconf 75' lang='lat' dir='ltr'>esequestram&#39;</span> <span class='ocrx_word' id='word_1_55' title='bbox 1674 626 1862 669; x_wconf 76' lang='lat' dir='ltr'>indutias</span> <span class='ocrx_word' id='word_1_56' title='bbox 1888 626 2006 682; x_wconf 87' lang='lat' dir='ltr'>dicit,</span> 
     </span>
    </p>

    <p class='ocr_par' dir='ltr' id='par_1_7' title="bbox 297 696 2007 813">
     <span class='ocr_line' id='line_1_7' title="bbox 298 696 2007 754; baseline -0.001 -14"><span class='ocrx_word' id='word_1_57' title='bbox 298 699 341 740; x_wconf 90' lang='lat' dir='ltr'>id</span> <span class='ocrx_word' id='word_1_58' title='bbox 373 700 440 740; x_wconf 88' lang='lat' dir='ltr'>est</span> <span class='ocrx_word' id='word_1_59' title='bbox 474 713 626 754; x_wconf 82' lang='lat' dir='ltr'>pacem</span> <span class='ocrx_word' id='word_1_60' title='bbox 662 697 949 754; x_wconf 85' lang='lat' dir='ltr'>temporalem</span> <span class='ocrx_word' id='word_1_61' title='bbox 988 699 1031 739; x_wconf 90' lang='lat' dir='ltr'>et</span> <span class='ocrx_word' id='word_1_62' title='bbox 1069 696 1253 739; x_wconf 87' lang='lat' dir='ltr'>mediam</span> <span class='ocrx_word' id='word_1_63' title='bbox 1291 697 1404 739; x_wconf 88' lang='lat' dir='ltr'>inter</span> <span class='ocrx_word' id='word_1_64' title='bbox 1442 697 1606 739; x_wconf 90' lang='lat' dir='ltr'>bellum</span> <span class='ocrx_word' id='word_1_65' title='bbox 1642 697 1924 752; x_wconf 88' lang='lat' dir='ltr'>praeteritum</span> <span class='ocrx_word' id='word_1_66' title='bbox 1962 700 2007 740; x_wconf 92' lang='lat' dir='ltr'>et</span> 
     </span>
     <span class='ocr_line' id='line_1_8' title="bbox 297 770 874 813; baseline 0.005 -1"><span class='ocrx_word' id='word_1_67' title='bbox 297 770 503 813; x_wconf 89' lang='lat' dir='ltr'>futurum.</span> <span class='ocrx_word' id='word_1_68' title='bbox 871 808 874 810; x_wconf 14' lang='grc' dir='ltr'>μ</span> 
     </span>
    </p>

    <p class='ocr_par' dir='ltr' id='par_1_8' title="bbox 420 839 2007 896">
     <span class='ocr_line' id='line_1_9' title="bbox 420 839 2007 896; baseline -0.002 -11"><span class='ocrx_word' id='word_1_69' title='bbox 420 842 516 885; x_wconf 86' lang='grc'><strong>134.</strong></span> <span class='ocrx_word' id='word_1_70' title='bbox 566 852 798 891; x_wconf 74' lang='lat' dir='ltr'>mx&#39;rIQVE</span> <span class='ocrx_word' id='word_1_71' title='bbox 831 853 1002 884; x_wconf 80' lang='lat' dir='ltr'>INPVNE</span> <span class='ocrx_word' id='word_1_72' title='bbox 1033 852 1198 882; x_wconf 81' lang='lat' dir='ltr'>LATINI</span> <span class='ocrx_word' id='word_1_73' title='bbox 1230 840 1342 896; x_wconf 89' lang='lat' dir='ltr'>apud</span> <span class='ocrx_word' id='word_1_74' title='bbox 1369 840 1553 882; x_wconf 87' lang='lat' dir='ltr'>maiores</span> <span class='ocrx_word' id='word_1_75' title='bbox 1586 839 1701 882; x_wconf 87' lang='lat' dir='ltr'>enim</span> <span class='ocrx_word' id='word_1_76' title='bbox 1726 853 1887 896; x_wconf 86' lang='lat' dir='ltr'>magna</span> <span class='ocrx_word' id='word_1_77' title='bbox 1913 842 2007 883; x_wconf 87' lang='lat' dir='ltr'>erat</span> 
     </span>
    </p>

    <p class='ocr_par' dir='ltr' id='par_1_9' title="bbox 298 912 2030 969">
     <span class='ocr_line' id='line_1_10' title="bbox 298 912 2030 969; baseline -0.001 -13"><span class='ocrx_word' id='word_1_78' title='bbox 298 929 400 957; x_wconf 85' lang='lat' dir='ltr'>cura</span> <span class='ocrx_word' id='word_1_79' title='bbox 431 913 549 969; x_wconf 85' lang='lat' dir='ltr'>fidei,</span> <span class='ocrx_word' id='word_1_80' title='bbox 581 913 686 955; x_wconf 90' lang='lat' dir='ltr'>adeo</span> <span class='ocrx_word' id='word_1_81' title='bbox 718 914 767 954; x_wconf 91' lang='lat' dir='ltr'>ut</span> <span class='ocrx_word' id='word_1_82' title='bbox 804 913 981 955; x_wconf 77' lang='lat' dir='ltr'>indutiis</span> <span class='ocrx_word' id='word_1_83' title='bbox 1014 912 1139 965; x_wconf 79' lang='lat' dir='ltr'>factis</span> <span class='ocrx_word' id='word_1_84' title='bbox 1175 912 1361 966; x_wconf 76' lang='lat' dir='ltr'>conloqui</span> <span class='ocrx_word' id='word_1_85' title='bbox 1396 912 1507 955; x_wconf 78' lang='lat' dir='ltr'>soliti</span> <span class='ocrx_word' id='word_1_86' title='bbox 1543 914 1675 954; x_wconf 71' lang='lat' dir='ltr'>essent</span> <span class='ocrx_word' id='word_1_87' title='bbox 1709 912 1828 954; x_wconf 82' lang='lat' dir='ltr'>duces</span> <span class='ocrx_word' id='word_1_88' title='bbox 1856 912 2006 965; x_wconf 73' lang='lat' dir='ltr'>populi</span> <span class='ocrx_word' id='word_1_89' title='bbox 2020 963 2030 966; x_wconf 44' lang='grc'>-</span> 
     </span>
    </p>

    <p class='ocr_par' dir='ltr' id='par_1_10' title="bbox 232 983 2003 1039">
     <span class='ocr_line' id='line_1_11' title="bbox 232 983 2003 1039; baseline 0.001 -15"><span class='ocrx_word' id='word_1_90' title='bbox 232 995 272 1025; x_wconf 84' lang='lat'>10</span> <span class='ocrx_word' id='word_1_91' title='bbox 298 985 482 1028; x_wconf 85' lang='lat' dir='ltr'>Romani</span> <span class='ocrx_word' id='word_1_92' title='bbox 512 999 605 1028; x_wconf 85' lang='lat' dir='ltr'>cum</span> <span class='ocrx_word' id='word_1_93' title='bbox 635 984 813 1027; x_wconf 75' lang='lat' dir='ltr'>hostium</span> <span class='ocrx_word' id='word_1_94' title='bbox 843 983 1023 1039; x_wconf 83' lang='lat' dir='ltr'>ducibus,</span> <span class='ocrx_word' id='word_1_95' title='bbox 1054 996 1293 1038; x_wconf 76' lang='lat' dir='ltr'>summaque</span> <span class='ocrx_word' id='word_1_96' title='bbox 1322 984 1532 1026; x_wconf 76' lang='lat' dir='ltr'>severitate</span> <span class='ocrx_word' id='word_1_97' title='bbox 1554 983 1842 1039; x_wconf 76' lang='lat' dir='ltr'>vindicaretur,</span> <span class='ocrx_word' id='word_1_98' title='bbox 1872 984 1911 1026; x_wconf 83' lang='lat' dir='ltr'>si</span> <span class='ocrx_word' id='word_1_99' title='bbox 1939 984 2003 1026; x_wconf 87' lang='lat' dir='ltr'>in-</span> 
     </span>
    </p>
   </div>
   <div class='ocr_carea' id='block_1_3' title="bbox 297 1055 2086 1111">
    <p class='ocr_par' dir='ltr' id='par_1_11' title="bbox 297 1055 2086 1111">
     <span class='ocr_line' id='line_1_12' title="bbox 297 1055 2086 1111; baseline -0.003 -10"><span class='ocrx_word' id='word_1_100' title='bbox 297 1059 456 1101; x_wconf 85' lang='lat' dir='ltr'>iuriam</span> <span class='ocrx_word' id='word_1_101' title='bbox 487 1071 529 1101; x_wconf 85' lang='lat' dir='ltr'>se</span> <span class='ocrx_word' id='word_1_102' title='bbox 551 1070 700 1111; x_wconf 78' lang='lat' dir='ltr'>passos</span> <span class='ocrx_word' id='word_1_103' title='bbox 730 1059 1015 1110; x_wconf 81' lang='lat' dir='ltr'>quererentur:</span> <span class='ocrx_word' id='word_1_104' title='bbox 1047 1056 1218 1109; x_wconf 78' lang='lat' dir='ltr'>denique</span> <span class='ocrx_word' id='word_1_105' title='bbox 1247 1055 1406 1098; x_wconf 80' lang='lat' dir='ltr'>obsessa</span> <span class='ocrx_word' id='word_1_106' title='bbox 1435 1055 1533 1097; x_wconf 87' lang='lat' dir='ltr'>urbe</span> <span class='ocrx_word' id='word_1_107' title='bbox 1563 1069 1591 1097; x_wconf 86' lang='lat' dir='ltr'>a</span> <span class='ocrx_word' id='word_1_108' title='bbox 1618 1055 1861 1109; x_wconf 61' lang='lat' dir='ltr'>Tarquiniis</span> <span class='ocrx_word' id='word_1_109' title='bbox 1891 1055 2006 1097; x_wconf 88' lang='lat' dir='ltr'>inter</span> <span class='ocrx_word' id='word_1_110' title='bbox 2082 1062 2086 1066; x_wconf 84' lang='grc'>·</span> 
     </span>
    </p>
   </div>
   <div class='ocr_carea' id='block_1_4' title="bbox 225 1126 2006 2112">
    <p class='ocr_par' dir='ltr' id='par_1_12' title="bbox 297 1126 2006 1325">
     <span class='ocr_line' id='line_1_13' title="bbox 297 1126 2005 1182; baseline -0.002 -10"><span class='ocrx_word' id='word_1_111' title='bbox 297 1129 562 1172; x_wconf 89' lang='lat' dir='ltr'>Porsennam</span> <span class='ocrx_word' id='word_1_112' title='bbox 594 1131 638 1171; x_wconf 88' lang='lat' dir='ltr'>et</span> <span class='ocrx_word' id='word_1_113' title='bbox 668 1127 890 1170; x_wconf 88' lang='lat' dir='ltr'>Romanos</span> <span class='ocrx_word' id='word_1_114' title='bbox 926 1126 1053 1169; x_wconf 86' lang='lat' dir='ltr'>factis</span> <span class='ocrx_word' id='word_1_115' title='bbox 1084 1126 1280 1182; x_wconf 82' lang='lat' dir='ltr'>indutiis,</span> <span class='ocrx_word' id='word_1_116' title='bbox 1318 1141 1415 1169; x_wconf 89' lang='lat' dir='ltr'>cum</span> <span class='ocrx_word' id='word_1_117' title='bbox 1447 1126 1536 1168; x_wconf 91' lang='lat' dir='ltr'>ludi</span> <span class='ocrx_word' id='word_1_118' title='bbox 1576 1126 1787 1168; x_wconf 82' lang='lat' dir='ltr'>circenses</span> <span class='ocrx_word' id='word_1_119' title='bbox 1825 1126 1871 1168; x_wconf 88' lang='lat' dir='ltr'>in</span> <span class='ocrx_word' id='word_1_120' title='bbox 1900 1126 2005 1169; x_wconf 88' lang='lat' dir='ltr'>urbe</span> 
     </span>
     <span class='ocr_line' id='line_1_14' title="bbox 302 1198 2006 1255; baseline -0.002 -11"><span class='ocrx_word' id='word_1_121' title='bbox 302 1201 636 1255; x_wconf 86' lang='lat' dir='ltr'>celebrarentur,</span> <span class='ocrx_word' id='word_1_122' title='bbox 666 1199 854 1255; x_wconf 87' lang='lat' dir='ltr'>ingressi</span> <span class='ocrx_word' id='word_1_123' title='bbox 885 1198 1079 1241; x_wconf 89' lang='lat' dir='ltr'>hostium</span> <span class='ocrx_word' id='word_1_124' title='bbox 1111 1199 1240 1241; x_wconf 87' lang='lat' dir='ltr'>duces</span> <span class='ocrx_word' id='word_1_125' title='bbox 1273 1198 1410 1240; x_wconf 92' lang='lat' dir='ltr'>curuli</span> <span class='ocrx_word' id='word_1_126' title='bbox 1435 1198 1666 1241; x_wconf 89' lang='lat' dir='ltr'>certamine</span> <span class='ocrx_word' id='word_1_127' title='bbox 1699 1198 2006 1241; x_wconf 88' lang='lat' dir='ltr'>contenderent</span> 
     </span>
     <span class='ocr_line' id='line_1_15' title="bbox 299 1269 1880 1325; baseline -0.002 -10"><span class='ocrx_word' id='word_1_128' title='bbox 299 1275 343 1315; x_wconf 90' lang='lat' dir='ltr'>et</span> <span class='ocrx_word' id='word_1_129' title='bbox 373 1272 558 1315; x_wconf 85' lang='lat' dir='ltr'>victores</span> <span class='ocrx_word' id='word_1_130' title='bbox 591 1272 916 1314; x_wconf 87' lang='lat' dir='ltr'>coronarentur.</span> <span class='ocrx_word' id='word_1_131' title='bbox 977 1269 1161 1325; x_wconf 74' lang='lat' dir='ltr'>‘inpune’</span> <span class='ocrx_word' id='word_1_132' title='bbox 1192 1273 1330 1313; x_wconf 77' lang='lat' dir='ltr'>autem</span> <span class='ocrx_word' id='word_1_133' title='bbox 1359 1270 1432 1313; x_wconf 78' lang='lat' dir='ltr'>hcc</span> <span class='ocrx_word' id='word_1_134' title='bbox 1463 1271 1545 1313; x_wconf 86' lang='lat' dir='ltr'>loco</span> <span class='ocrx_word' id='word_1_135' title='bbox 1575 1271 1663 1313; x_wconf 84' lang='lat' dir='ltr'>sine</span> <span class='ocrx_word' id='word_1_136' title='bbox 1685 1270 1880 1324; x_wconf 76' lang='lat' dir='ltr'>periculo.</span> 
     </span>
    </p>

    <p class='ocr_par' dir='ltr' id='par_1_13' title="bbox 229 1341 2004 1542">
     <span class='ocr_line' id='line_1_16' title="bbox 229 1341 2004 1397; baseline -0.002 -11"><span class='ocrx_word' id='word_1_137' title='bbox 229 1352 270 1382; x_wconf 80' lang='lat'>15</span> <span class='ocrx_word' id='word_1_138' title='bbox 419 1343 515 1386; x_wconf 85' lang='lat'>135.</span> <span class='ocrx_word' id='word_1_139' title='bbox 564 1354 716 1386; x_wconf 82' lang='lat' dir='ltr'><strong>FERRO</strong></span> <span class='ocrx_word' id='word_1_140' title='bbox 747 1354 941 1385; x_wconf 80' lang='lat' dir='ltr'>BIPENNI</span> <span class='ocrx_word' id='word_1_141' title='bbox 975 1342 1027 1384; x_wconf 90' lang='lat' dir='ltr'>ad</span> <span class='ocrx_word' id='word_1_142' title='bbox 1060 1341 1284 1397; x_wconf 89' lang='lat' dir='ltr'>epitheton</span> <span class='ocrx_word' id='word_1_143' title='bbox 1314 1341 1540 1384; x_wconf 84' lang='lat' dir='ltr'>transtulit</span> <span class='ocrx_word' id='word_1_144' title='bbox 1576 1356 1733 1384; x_wconf 90' lang='lat' dir='ltr'>nomen</span> <span class='ocrx_word' id='word_1_145' title='bbox 1764 1341 2004 1396; x_wconf 89' lang='lat' dir='ltr'>proprium:</span> 
     </span>
     <span class='ocr_line' id='line_1_17' title="bbox 298 1412 2004 1472; baseline -0.002 -14"><span class='ocrx_word' id='word_1_146' title='bbox 298 1431 399 1458; x_wconf 89' lang='lat' dir='ltr'>nam</span> <span class='ocrx_word' id='word_1_147' title='bbox 431 1415 631 1472; x_wconf 82' lang='lat' dir='ltr'>bipennis</span> <span class='ocrx_word' id='word_1_148' title='bbox 663 1428 739 1469; x_wconf 88' lang='lat' dir='ltr'>per</span> <span class='ocrx_word' id='word_1_149' title='bbox 771 1428 815 1456; x_wconf 89' lang='lat' dir='ltr'>se</span> <span class='ocrx_word' id='word_1_150' title='bbox 847 1414 1024 1469; x_wconf 89' lang='lat' dir='ltr'>plenum</span> <span class='ocrx_word' id='word_1_151' title='bbox 1057 1416 1125 1456; x_wconf 88' lang='lat' dir='ltr'>est</span> <span class='ocrx_word' id='word_1_152' title='bbox 1157 1415 1200 1456; x_wconf 88' lang='lat' dir='ltr'>et</span> <span class='ocrx_word' id='word_1_153' title='bbox 1232 1413 1414 1456; x_wconf 90' lang='lat' dir='ltr'>securim</span> <span class='ocrx_word' id='word_1_154' title='bbox 1448 1412 1684 1470; x_wconf 81' lang='lat' dir='ltr'>significat,</span> <span class='ocrx_word' id='word_1_155' title='bbox 1716 1415 1765 1455; x_wconf 93' lang='lat' dir='ltr'>ut</span> <span class='ocrx_word' id='word_1_156' title='bbox 1798 1412 1869 1468; x_wconf 88' lang='lat' dir='ltr'>&lt;II</span> <span class='ocrx_word' id='word_1_157' title='bbox 1890 1413 2004 1467; x_wconf 82' lang='lat'>627&gt;</span> 
     </span>
     <span class='ocr_line' id='line_1_18' title="bbox 296 1484 1196 1542; baseline -0.004 -12"><span class='ocrx_word' id='word_1_158' title='bbox 296 1486 597 1542; x_wconf 82' lang='lat' dir='ltr'>crebrisque</span> <span class='ocrx_word' id='word_1_159' title='bbox 629 1484 948 1540; x_wconf 89' lang='lat' dir='ltr'>bipennibus</span> <span class='ocrx_word' id='word_1_160' title='bbox 980 1485 1196 1527; x_wconf 90' lang='lat' dir='ltr'>instant.</span> 
     </span>
    </p>

    <p class='ocr_par' dir='ltr' id='par_1_14' title="bbox 285 1556 2004 1672">
     <span class='ocr_line' id='line_1_19' title="bbox 417 1556 2004 1613; baseline -0.001 -12"><span class='ocrx_word' id='word_1_161' title='bbox 417 1558 514 1601; x_wconf 84' lang='lat'>137.</span> <span class='ocrx_word' id='word_1_162' title='bbox 563 1568 753 1600; x_wconf 84' lang='lat' dir='ltr'>ROBORA</span> <span class='ocrx_word' id='word_1_163' title='bbox 785 1557 912 1599; x_wconf 91' lang='lat' dir='ltr'>modo</span> <span class='ocrx_word' id='word_1_164' title='bbox 952 1571 1089 1613; x_wconf 82' lang='lat' dir='ltr'>genus</span> <span class='ocrx_word' id='word_1_165' title='bbox 1126 1556 1257 1612; x_wconf 87' lang='lat' dir='ltr'>ligni:</span> <span class='ocrx_word' id='word_1_166' title='bbox 1296 1571 1395 1599; x_wconf 89' lang='lat' dir='ltr'>nam</span> <span class='ocrx_word' id='word_1_167' title='bbox 1434 1559 1502 1599; x_wconf 88' lang='lat' dir='ltr'>est</span> <span class='ocrx_word' id='word_1_168' title='bbox 1538 1557 1652 1600; x_wconf 91' lang='lat' dir='ltr'>inter</span> <span class='ocrx_word' id='word_1_169' title='bbox 1689 1557 1893 1612; x_wconf 88' lang='lat' dir='ltr'>specialia</span> <span class='ocrx_word' id='word_1_170' title='bbox 1929 1571 2004 1599; x_wconf 89' lang='lat' dir='ltr'>no-</span> 
     </span>
     <span class='ocr_line' id='line_1_20' title="bbox 285 1629 519 1672; baseline -0.004 0"><span class='ocrx_word' id='word_1_171' title='bbox 285 1629 519 1672; x_wconf 85' lang='lat' dir='ltr'>minatum.</span> 
     </span>
    </p>

    <p class='ocr_par' dir='ltr' id='par_1_15' title="bbox 225 1699 1784 1755">
     <span class='ocr_line' id='line_1_21' title="bbox 225 1699 1784 1755; baseline 0.001 -14"><span class='ocrx_word' id='word_1_172' title='bbox 225 1709 271 1741; x_wconf 79' lang='lat'>20</span> <span class='ocrx_word' id='word_1_173' title='bbox 419 1700 517 1743; x_wconf 85' lang='lat'>138.</span> <span class='ocrx_word' id='word_1_174' title='bbox 566 1710 823 1743; x_wconf 77' lang='lat' dir='ltr'>PLAvsrms</span> <span class='ocrx_word' id='word_1_175' title='bbox 855 1710 1153 1743; x_wconf 73' lang='lat' dir='ltr'>GEMEN&#39;rmvs</span> <span class='ocrx_word' id='word_1_176' title='bbox 1187 1699 1266 1742; x_wconf 87' lang='lat' dir='ltr'>sub</span> <span class='ocrx_word' id='word_1_177' title='bbox 1298 1699 1484 1755; x_wconf 86' lang='lat' dir='ltr'>pondere</span> <span class='ocrx_word' id='word_1_178' title='bbox 1517 1700 1784 1743; x_wconf 76' lang='lat' dir='ltr'>sonantibus.</span> 
     </span>
    </p>

    <p class='ocr_par' dir='ltr' id='par_1_16' title="bbox 288 1771 2005 2040">
     <span class='ocr_line' id='line_1_22' title="bbox 418 1771 2003 1822; baseline 0.001 -8"><span class='ocrx_word' id='word_1_179' title='bbox 418 1772 515 1814; x_wconf 89' lang='grc'><strong>141.</strong></span> <span class='ocrx_word' id='word_1_180' title='bbox 565 1782 688 1822; x_wconf 81' lang='lat' dir='ltr'><strong>QVAE</strong></span> <span class='ocrx_word' id='word_1_181' title='bbox 719 1782 852 1814; x_wconf 82' lang='lat' dir='ltr'>Mono</span> <span class='ocrx_word' id='word_1_182' title='bbox 885 1782 1125 1814; x_wconf 82' lang='lat' dir='ltr'>VICTOREM</span> <span class='ocrx_word' id='word_1_183' title='bbox 1156 1782 1299 1814; x_wconf 65' lang='lat' dir='ltr'>mmo</span> <span class='ocrx_word' id='word_1_184' title='bbox 1325 1783 1577 1814; x_wconf 80' lang='lat' dir='ltr'>PALLANTA</span> <span class='ocrx_word' id='word_1_185' title='bbox 1608 1783 1822 1814; x_wconf 78' lang='lat' dir='ltr'><strong>FEREBAT</strong></span> <span class='ocrx_word' id='word_1_186' title='bbox 1849 1771 2003 1815; x_wconf 69' lang='lat' dir='ltr'>‘Latio’</span> 
     </span>
     <span class='ocr_line' id='line_1_23' title="bbox 288 1841 2005 1899; baseline -0.001 -13"><span class='ocrx_word' id='word_1_187' title='bbox 288 1857 370 1899; x_wconf 76' lang='lat' dir='ltr'>pro</span> <span class='ocrx_word' id='word_1_188' title='bbox 409 1843 470 1886; x_wconf 74' lang='lat' dir='ltr'>‘in</span> <span class='ocrx_word' id='word_1_189' title='bbox 507 1841 660 1886; x_wconf 77' lang='lat' dir='ltr'>Latio&#39;.</span> <span class='ocrx_word' id='word_1_190' title='bbox 722 1843 832 1885; x_wconf 89' lang='lat' dir='ltr'>bene</span> <span class='ocrx_word' id='word_1_191' title='bbox 871 1841 1050 1897; x_wconf 73' lang='lat' dir='ltr'>‘modo&#39;3</span> <span class='ocrx_word' id='word_1_192' title='bbox 1087 1857 1174 1885; x_wconf 93' lang='lat' dir='ltr'>uno</span> <span class='ocrx_word' id='word_1_193' title='bbox 1214 1843 1329 1885; x_wconf 91' lang='lat' dir='ltr'>enim</span> <span class='ocrx_word' id='word_1_194' title='bbox 1370 1843 1602 1898; x_wconf 88' lang='lat' dir='ltr'>eodemque</span> <span class='ocrx_word' id='word_1_195' title='bbox 1643 1842 1710 1885; x_wconf 91' lang='lat' dir='ltr'>die</span> <span class='ocrx_word' id='word_1_196' title='bbox 1752 1845 1796 1886; x_wconf 89' lang='lat' dir='ltr'>et</span> <span class='ocrx_word' id='word_1_197' title='bbox 1834 1843 2005 1886; x_wconf 89' lang='lat' dir='ltr'>fortiter</span> 
     </span>
     <span class='ocr_line' id='line_1_24' title="bbox 296 1913 2005 1971; baseline -0.001 -13"><span class='ocrx_word' id='word_1_198' title='bbox 296 1915 399 1958; x_wconf 88' lang='lat' dir='ltr'>fecit</span> <span class='ocrx_word' id='word_1_199' title='bbox 426 1917 468 1957; x_wconf 88' lang='lat' dir='ltr'>et</span> <span class='ocrx_word' id='word_1_200' title='bbox 493 1914 637 1971; x_wconf 82' lang='lat' dir='ltr'>periit,</span> <span class='ocrx_word' id='word_1_201' title='bbox 661 1916 710 1956; x_wconf 92' lang='lat' dir='ltr'>ut</span> <span class='ocrx_word' id='word_1_202' title='bbox 735 1913 803 1968; x_wconf 87' lang='lat' dir='ltr'>&lt;X</span> <span class='ocrx_word' id='word_1_203' title='bbox 823 1914 938 1969; x_wconf 84' lang='lat'>508&gt;</span> <span class='ocrx_word' id='word_1_204' title='bbox 969 1913 1095 1956; x_wconf 90' lang='lat' dir='ltr'>haec</span> <span class='ocrx_word' id='word_1_205' title='bbox 1126 1916 1176 1955; x_wconf 89' lang='lat' dir='ltr'>te</span> <span class='ocrx_word' id='word_1_206' title='bbox 1207 1914 1373 1969; x_wconf 93' lang='lat' dir='ltr'>prima</span> <span class='ocrx_word' id='word_1_207' title='bbox 1400 1914 1509 1956; x_wconf 89' lang='lat' dir='ltr'>dies</span> <span class='ocrx_word' id='word_1_208' title='bbox 1535 1914 1674 1957; x_wconf 92' lang='lat' dir='ltr'>bello</span> <span class='ocrx_word' id='word_1_209' title='bbox 1701 1914 1855 1970; x_wconf 90' lang='lat' dir='ltr'>dedit,</span> <span class='ocrx_word' id='word_1_210' title='bbox 1881 1915 2005 1957; x_wconf 89' lang='lat' dir='ltr'>haec</span> 
     </span>
     <span class='ocr_line' id='line_1_25' title="bbox 297 1984 2005 2040; baseline -0.001 -11"><span class='ocrx_word' id='word_1_211' title='bbox 297 1987 470 2030; x_wconf 91' lang='lat' dir='ltr'>eadem</span> <span class='ocrx_word' id='word_1_212' title='bbox 503 1986 684 2029; x_wconf 85' lang='lat' dir='ltr'>aufert.</span> <span class='ocrx_word' id='word_1_213' title='bbox 730 1986 809 2029; x_wconf 89' lang='lat' dir='ltr'>alii</span> <span class='ocrx_word' id='word_1_214' title='bbox 840 1985 986 2029; x_wconf 77' lang='lat' dir='ltr'>‘modo&#39;</span> <span class='ocrx_word' id='word_1_215' title='bbox 1011 1985 1145 2040; x_wconf 80' lang='lat' dir='ltr'>paulo</span> <span class='ocrx_word' id='word_1_216' title='bbox 1175 1988 1271 2037; x_wconf 75' lang='lat' dir='ltr'>ante</span> <span class='ocrx_word' id='word_1_217' title='bbox 1301 1986 1518 2040; x_wconf 73' lang='lat' dir='ltr'>accipiunt,</span> <span class='ocrx_word' id='word_1_218' title='bbox 1549 1986 1620 2028; x_wconf 82' lang='lat' dir='ltr'>sed</span> <span class='ocrx_word' id='word_1_219' title='bbox 1649 1984 1796 2028; x_wconf 74' lang='lat' dir='ltr'>‘modo&#39;</span> <span class='ocrx_word' id='word_1_220' title='bbox 1828 1986 1890 2028; x_wconf 77' lang='lat' dir='ltr'>ait</span> <span class='ocrx_word' id='word_1_221' title='bbox 1913 1999 2005 2028; x_wconf 84' lang='lat' dir='ltr'>cum</span> 
     </span>
    </p>

    <p class='ocr_par' dir='ltr' id='par_1_17' title="bbox 225 2055 2005 2112">
     <span class='ocr_line' id='line_1_26' title="bbox 225 2055 2005 2112; baseline 0.001 -14"><span class='ocrx_word' id='word_1_222' title='bbox 225 2066 270 2098; x_wconf 79' lang='lat'>25</span> <span class='ocrx_word' id='word_1_223' title='bbox 295 2059 475 2112; x_wconf 75' lang='lat' dir='ltr'>adfectu,</span> <span class='ocrx_word' id='word_1_224' title='bbox 505 2062 554 2101; x_wconf 76' lang='lat' dir='ltr'>ut</span> <span class='ocrx_word' id='word_1_225' title='bbox 582 2058 764 2101; x_wconf 76' lang='lat' dir='ltr'>acerbior</span> <span class='ocrx_word' id='word_1_226' title='bbox 794 2058 925 2101; x_wconf 72' lang='lat' dir='ltr'>lucius</span> <span class='ocrx_word' id='word_1_227' title='bbox 955 2058 1003 2100; x_wconf 83' lang='lat' dir='ltr'>de</span> <span class='ocrx_word' id='word_1_228' title='bbox 1041 2060 1160 2099; x_wconf 79' lang='lat' dir='ltr'>tanta</span> <span class='ocrx_word' id='word_1_229' title='bbox 1195 2058 1421 2101; x_wconf 74' lang='lat' dir='ltr'>mutatione</span> <span class='ocrx_word' id='word_1_230' title='bbox 1449 2060 1704 2100; x_wconf 74' lang='lat' dir='ltr'>nasceretur:</span> <span class='ocrx_word' id='word_1_231' title='bbox 1742 2057 1820 2100; x_wconf 85' lang='lat' dir='ltr'>alii</span> <span class='ocrx_word' id='word_1_232' title='bbox 1856 2055 2005 2100; x_wconf 76' lang='lat' dir='ltr'>‘modo&#39;</span> 
     </span>
    </p>
   </div>
   <div class='ocr_carea' id='block_1_5' title="bbox 291 2130 671 2188">
    <p class='ocr_par' dir='ltr' id='par_1_18' title="bbox 291 2130 671 2188">
     <span class='ocr_line' id='line_1_27' title="bbox 291 2130 671 2188; baseline -0.005 -15"><span class='ocrx_word' id='word_1_233' title='bbox 291 2144 422 2188; x_wconf 77' lang='lat' dir='ltr'>paene</span> <span class='ocrx_word' id='word_1_234' title='bbox 452 2130 671 2184; x_wconf 75' lang='lat' dir='ltr'>accipiunt.</span> 
     </span>
    </p>
   </div>
   <div class='ocr_carea' id='block_1_6' title="bbox 296 2244 2004 2388">
    <p class='ocr_par' dir='ltr' id='par_1_19' title="bbox 296 2244 2004 2388">
     <span class='ocr_line' id='line_1_28' title="bbox 395 2244 2004 2292; baseline -0.002 -9"><span class='ocrx_word' id='word_1_235' title='bbox 395 2252 416 2283; x_wconf 83' lang='lat'>2</span> <span class='ocrx_word' id='word_1_236' title='bbox 444 2258 641 2288; x_wconf 71' lang='lat' dir='ltr'>smvnsm</span> <span class='ocrx_word' id='word_1_237' title='bbox 666 2246 791 2282; x_wconf 86' lang='lat' dir='ltr'>media</span> <span class='ocrx_word' id='word_1_238' title='bbox 817 2257 847 2282; x_wconf 91' lang='lat' dir='ltr'>e.</span> <span class='ocrx_word' id='word_1_239' title='bbox 874 2258 909 2292; x_wconf 91' lang='lat' dir='ltr'>q.</span> <span class='ocrx_word' id='word_1_240' title='bbox 936 2258 964 2282; x_wconf 90' lang='lat' dir='ltr'>s.</span> <span class='ocrx_word' id='word_1_241' title='bbox 1009 2244 1056 2282; x_wconf 88' lang='lat' dir='ltr'>cf.</span> <span class='ocrx_word' id='word_1_242' title='bbox 1082 2244 1176 2282; x_wconf 86' lang='lat' dir='ltr'>Gell.</span> <span class='ocrx_word' id='word_1_243' title='bbox 1203 2245 1272 2281; x_wconf 92' lang='lat' dir='ltr'>XX</span> <span class='ocrx_word' id='word_1_244' title='bbox 1299 2250 1360 2289; x_wconf 89' lang='lat'>11;</span> <span class='ocrx_word' id='word_1_245' title='bbox 1391 2245 1491 2282; x_wconf 87' lang='lat' dir='ltr'>Suet.</span> <span class='ocrx_word' id='word_1_246' title='bbox 1517 2246 1616 2282; x_wconf 87' lang='lat' dir='ltr'>verb.</span> <span class='ocrx_word' id='word_1_247' title='bbox 1644 2244 1721 2282; x_wconf 88' lang='lat' dir='ltr'>diff.</span> <span class='ocrx_word' id='word_1_248' title='bbox 1747 2257 1783 2290; x_wconf 89' lang='lat' dir='ltr'>p.</span> <span class='ocrx_word' id='word_1_249' title='bbox 1810 2248 1879 2280; x_wconf 84' lang='grc'>276</span> <span class='ocrx_word' id='word_1_250' title='bbox 1904 2244 2004 2280; x_wconf 85' lang='lat' dir='ltr'>Reif-</span> 
     </span>
     <span class='ocr_line' id='line_1_29' title="bbox 296 2292 2003 2338; baseline -0.002 -8"><span class='ocrx_word' id='word_1_251' title='bbox 296 2294 451 2338; x_wconf 88' lang='lat' dir='ltr'>fersch.;</span> <span class='ocrx_word' id='word_1_252' title='bbox 487 2294 593 2330; x_wconf 89' lang='lat' dir='ltr'>Luct.</span> <span class='ocrx_word' id='word_1_253' title='bbox 618 2293 717 2330; x_wconf 86' lang='lat' dir='ltr'>Plac.</span> <span class='ocrx_word' id='word_1_254' title='bbox 744 2294 792 2329; x_wconf 83' lang='lat' dir='ltr'>ad</span> <span class='ocrx_word' id='word_1_255' title='bbox 819 2293 913 2329; x_wconf 88' lang='lat' dir='ltr'>Stat.</span> <span class='ocrx_word' id='word_1_256' title='bbox 940 2294 970 2329; x_wconf 89' lang='lat' dir='ltr'>T</span> <span class='ocrx_word' id='word_1_257' title='bbox 1001 2293 1057 2330; x_wconf 90' lang='lat' dir='ltr'>eb.</span> <span class='ocrx_word' id='word_1_258' title='bbox 1084 2293 1119 2328; x_wconf 88' lang='lat' dir='ltr'>II</span> <span class='ocrx_word' id='word_1_259' title='bbox 1144 2297 1213 2329; x_wconf 84' lang='lat'>425</span> <span class='ocrx_word' id='word_1_260' title='bbox 1239 2295 1279 2330; x_wconf 90' lang='lat' dir='ltr'>et</span> <span class='ocrx_word' id='word_1_261' title='bbox 1303 2293 1370 2329; x_wconf 88' lang='lat' dir='ltr'>V11</span> <span class='ocrx_word' id='word_1_262' title='bbox 1396 2296 1482 2338; x_wconf 80' lang='lat'>5423</span> <span class='ocrx_word' id='word_1_263' title='bbox 1521 2293 1606 2329; x_wconf 85' lang='lat' dir='ltr'>Isid.</span> <span class='ocrx_word' id='word_1_264' title='bbox 1634 2304 1684 2329; x_wconf 88' lang='lat' dir='ltr'>or.</span> <span class='ocrx_word' id='word_1_265' title='bbox 1712 2292 1744 2327; x_wconf 93' lang='lat' dir='ltr'>X</span> <span class='ocrx_word' id='word_1_266' title='bbox 1770 2295 1839 2328; x_wconf 86' lang='grc'>260</span> <span class='ocrx_word' id='word_1_267' title='bbox 1865 2293 1903 2327; x_wconf 90' lang='lat' dir='ltr'>et</span> <span class='ocrx_word' id='word_1_268' title='bbox 1917 2292 2003 2334; x_wconf 64' lang='lat' dir='ltr'>diff.</span> 
     </span>
     <span class='ocr_line' id='line_1_30' title="bbox 297 2340 932 2388; baseline -0.006 -9"><span class='ocrx_word' id='word_1_269' title='bbox 297 2343 398 2381; x_wconf 88' lang='lat' dir='ltr'>verb.</span> <span class='ocrx_word' id='word_1_270' title='bbox 426 2346 506 2378; x_wconf 84' lang='lat'>195.</span> <span class='ocrx_word' id='word_1_271' title='bbox 546 2341 619 2379; x_wconf 88' lang='lat' dir='ltr'>vid.</span> <span class='ocrx_word' id='word_1_272' title='bbox 645 2341 760 2388; x_wconf 78' lang='lat' dir='ltr'>praef.</span> <span class='ocrx_word' id='word_1_273' title='bbox 787 2353 822 2388; x_wconf 91' lang='lat' dir='ltr'>p.</span> <span class='ocrx_word' id='word_1_274' title='bbox 849 2340 932 2376; x_wconf 91' lang='lat' dir='ltr'>XLI</span> 
     </span>
    </p>
   </div>
   <div class='ocr_carea' id='block_1_7' title="bbox 298 2215 581 2220">
    <p class='ocr_par' dir='ltr' id='par_1_20' title="bbox 298 2215 581 2220">
     <span class='ocr_line' id='line_1_31' title="bbox 298 2215 581 2220; baseline 0 0"><span class='ocrx_word' id='word_1_275' title='bbox 298 2215 581 2220; x_wconf 95' lang='lat' dir='ltr'> </span> 
     </span>
    </p>
   </div>
   <div class='ocr_carea' id='block_1_8' title="bbox 298 2416 582 2421">
    <p class='ocr_par' dir='ltr' id='par_1_21' title="bbox 298 2416 582 2421">
     <span class='ocr_line' id='line_1_32' title="bbox 298 2416 582 2421; baseline 0 0"><span class='ocrx_word' id='word_1_276' title='bbox 298 2416 582 2421; x_wconf 95' lang='lat' dir='ltr'> </span> 
     </span>
    </p>
   </div>
   <div class='ocr_carea' id='block_1_9' title="bbox 296 2446 2006 3254">
    <p class='ocr_par' dir='ltr' id='par_1_22' title="bbox 296 2446 2006 3254">
     <span class='ocr_line' id='line_1_33' title="bbox 396 2446 2005 2494; baseline -0.001 -10"><span class='ocrx_word' id='word_1_277' title='bbox 396 2454 414 2484; x_wconf 95' lang='lat'>1</span> <span class='ocrx_word' id='word_1_278' title='bbox 442 2450 480 2484; x_wconf 89' lang='lat' dir='ltr'>et</span> <span class='ocrx_word' id='word_1_279' title='bbox 504 2448 606 2494; x_wconf 84' lang='lat' dir='ltr'>parsi</span> <span class='ocrx_word' id='word_1_280' title='bbox 631 2450 670 2484; x_wconf 87' lang='lat' dir='ltr'>et</span> <span class='ocrx_word' id='word_1_281' title='bbox 694 2448 793 2494; x_wconf 88' lang='lat' dir='ltr'>persi</span> <span class='ocrx_word' id='word_1_282' title='bbox 817 2449 856 2484; x_wconf 90' lang='lat' dir='ltr'>et</span> <span class='ocrx_word' id='word_1_283' title='bbox 880 2448 1029 2494; x_wconf 86' lang='lat' dir='ltr'>peperci</span> <span class='ocrx_word' id='word_1_284' title='bbox 1048 2448 1093 2482; x_wconf 89' lang='lat' dir='ltr'><strong><em>H</em></strong></span> <span class='ocrx_word' id='word_1_285' title='bbox 1107 2449 1119 2493; x_wconf 89' lang='grc' dir='ltr'>ΙΙ</span> <span class='ocrx_word' id='word_1_286' title='bbox 1138 2451 1159 2483; x_wconf 88' lang='grc'>2</span> <span class='ocrx_word' id='word_1_287' title='bbox 1180 2447 1320 2493; x_wconf 89' lang='lat' dir='ltr'>media]</span> <span class='ocrx_word' id='word_1_288' title='bbox 1341 2459 1385 2483; x_wconf 92' lang='lat' dir='ltr'>ac</span> <span class='ocrx_word' id='word_1_289' title='bbox 1405 2448 1458 2492; x_wconf 84' lang='lat' dir='ltr'>(et</span> <span class='ocrx_word' id='word_1_290' title='bbox 1470 2447 1521 2492; x_wconf 83' lang='lat' dir='ltr'>R)</span> <span class='ocrx_word' id='word_1_291' title='bbox 1541 2446 1743 2493; x_wconf 87' lang='lat' dir='ltr'>temporali</span> <span class='ocrx_word' id='word_1_292' title='bbox 1762 2447 1845 2483; x_wconf 79' lang='lat' dir='ltr'>add.</span> <span class='ocrx_word' id='word_1_293' title='bbox 1861 2446 1975 2483; x_wconf 78' lang='lat' dir='ltr'>ASR</span> <span class='ocrx_word' id='word_1_294' title='bbox 1993 2446 2005 2494; x_wconf 84' lang='grc' dir='ltr'>ΙΙ</span> 
     </span>
     <span class='ocr_line' id='line_1_34' title="bbox 299 2495 2004 2543; baseline -0.002 -11"><span class='ocrx_word' id='word_1_295' title='bbox 299 2502 320 2532; x_wconf 90' lang='grc'><strong>3</strong></span> <span class='ocrx_word' id='word_1_296' title='bbox 346 2496 461 2543; x_wconf 87' lang='lat' dir='ltr'>apud]</span> <span class='ocrx_word' id='word_1_297' title='bbox 490 2497 538 2531; x_wconf 88' lang='lat' dir='ltr'>ad</span> <span class='ocrx_word' id='word_1_298' title='bbox 557 2496 598 2531; x_wconf 88' lang='lat' dir='ltr'><em>F</em></span> <span class='ocrx_word' id='word_1_299' title='bbox 613 2497 626 2543; x_wconf 84' lang='grc'>11</span> <span class='ocrx_word' id='word_1_300' title='bbox 645 2498 666 2530; x_wconf 83' lang='grc'><strong>5</strong></span> <span class='ocrx_word' id='word_1_301' title='bbox 692 2495 856 2531; x_wconf 87' lang='lat' dir='ltr'>indutias</span> <span class='ocrx_word' id='word_1_302' title='bbox 877 2495 931 2530; x_wconf 88' lang='lat' dir='ltr'><em>F:</em></span> <span class='ocrx_word' id='word_1_303' title='bbox 957 2495 1124 2531; x_wconf 91' lang='lat' dir='ltr'>inducias</span> <span class='ocrx_word' id='word_1_304' title='bbox 1148 2495 1282 2540; x_wconf 79' lang='lat' dir='ltr'>reliqui</span> <span class='ocrx_word' id='word_1_305' title='bbox 1299 2496 1311 2541; x_wconf 86' lang='grc' dir='ltr'>ΙΙ</span> <span class='ocrx_word' id='word_1_306' title='bbox 1331 2496 1380 2531; x_wconf 83' lang='lat' dir='ltr'>acl</span> <span class='ocrx_word' id='word_1_307' title='bbox 1404 2507 1491 2530; x_wconf 70' lang='lat' dir='ltr'>mos</span> <span class='ocrx_word' id='word_1_308' title='bbox 1518 2506 1545 2531; x_wconf 78' lang='lat' dir='ltr'>s,</span> <span class='ocrx_word' id='word_1_309' title='bbox 1571 2496 1614 2530; x_wconf 87' lang='lat' dir='ltr'>in</span> <span class='ocrx_word' id='word_1_310' title='bbox 1632 2506 1745 2541; x_wconf 71' lang='lat' dir='ltr'>mary.</span> <span class='ocrx_word' id='word_1_311' title='bbox 1773 2495 2004 2539; x_wconf 84' lang='lat' dir='ltr'>sequestrum</span> 
     </span>
     <span class='ocr_line' id='line_1_35' title="bbox 298 2542 2004 2590; baseline -0.002 -10"><span class='ocrx_word' id='word_1_312' title='bbox 298 2546 356 2580; x_wconf 90' lang='lat' dir='ltr'>est</span> <span class='ocrx_word' id='word_1_313' title='bbox 379 2543 529 2590; x_wconf 86' lang='lat' dir='ltr'>proprie</span> <span class='ocrx_word' id='word_1_314' title='bbox 555 2543 732 2588; x_wconf 86' lang='lat' dir='ltr'>quicquid</span> <span class='ocrx_word' id='word_1_315' title='bbox 758 2543 807 2577; x_wconf 85' lang='lat' dir='ltr'>ad</span> <span class='ocrx_word' id='word_1_316' title='bbox 832 2543 944 2578; x_wconf 88' lang='lat' dir='ltr'>breue</span> <span class='ocrx_word' id='word_1_317' title='bbox 969 2543 1118 2587; x_wconf 88' lang='lat' dir='ltr'>tempus</span> <span class='ocrx_word' id='word_1_318' title='bbox 1144 2542 1244 2588; x_wconf 84' lang='lat' dir='ltr'>apud</span> <span class='ocrx_word' id='word_1_319' title='bbox 1268 2542 1433 2587; x_wconf 88' lang='lat' dir='ltr'>aliquem</span> <span class='ocrx_word' id='word_1_320' title='bbox 1458 2542 1657 2588; x_wconf 88' lang='lat' dir='ltr'>deponitur</span> <span class='ocrx_word' id='word_1_321' title='bbox 1682 2543 1784 2578; x_wconf 85' lang='lat' dir='ltr'>certa</span> <span class='ocrx_word' id='word_1_322' title='bbox 1807 2542 2004 2588; x_wconf 87' lang='lat' dir='ltr'>sponsione</span> 
     </span>
     <span class='ocr_line' id='line_1_36' title="bbox 301 2589 2005 2646; baseline -0.002 -19"><span class='ocrx_word' id='word_1_323' title='bbox 301 2592 334 2627; x_wconf 93' lang='lat' dir='ltr'><em>T</em></span> <span class='ocrx_word' id='word_1_324' title='bbox 363 2594 375 2646; x_wconf 71' lang='grc' dir='ltr'>[Ι</span> <span class='ocrx_word' id='word_1_325' title='bbox 413 2595 434 2627; x_wconf 93' lang='grc'>8</span> <span class='ocrx_word' id='word_1_326' title='bbox 460 2592 511 2627; x_wconf 81' lang='lat' dir='ltr'>acl</span> <span class='ocrx_word' id='word_1_327' title='bbox 534 2602 565 2626; x_wconf 84' lang='lat' dir='ltr'>v.</span> <span class='ocrx_word' id='word_1_328' title='bbox 596 2594 664 2626; x_wconf 86' lang='lat'>134</span> <span class='ocrx_word' id='word_1_329' title='bbox 688 2591 731 2626; x_wconf 84' lang='lat' dir='ltr'>in</span> <span class='ocrx_word' id='word_1_330' title='bbox 754 2601 868 2635; x_wconf 76' lang='lat' dir='ltr'>mary.</span> <span class='ocrx_word' id='word_1_331' title='bbox 894 2590 1044 2635; x_wconf 88' lang='lat' dir='ltr'>praeter</span> <span class='ocrx_word' id='word_1_332' title='bbox 1075 2590 1145 2625; x_wconf 89' lang='lat' dir='ltr'>hoc</span> <span class='ocrx_word' id='word_1_333' title='bbox 1176 2590 1277 2635; x_wconf 88' lang='lat' dir='ltr'>quod</span> <span class='ocrx_word' id='word_1_334' title='bbox 1308 2589 1449 2625; x_wconf 86' lang='lat' dir='ltr'>seruius</span> <span class='ocrx_word' id='word_1_335' title='bbox 1478 2590 1569 2625; x_wconf 88' lang='lat' dir='ltr'>dicit</span> <span class='ocrx_word' id='word_1_336' title='bbox 1594 2590 1638 2625; x_wconf 91' lang='lat' dir='ltr'>de</span> <span class='ocrx_word' id='word_1_337' title='bbox 1666 2601 1752 2626; x_wconf 90' lang='lat' dir='ltr'>cura</span> <span class='ocrx_word' id='word_1_338' title='bbox 1776 2589 1865 2625; x_wconf 85' lang='lat' dir='ltr'>fidei</span> <span class='ocrx_word' id='word_1_339' title='bbox 1890 2589 2005 2635; x_wconf 85' lang='lat' dir='ltr'>(apud</span> 
     </span>
     <span class='ocr_line' id='line_1_37' title="bbox 298 2636 2004 2685; baseline -0.002 -11"><span class='ocrx_word' id='word_1_340' title='bbox 298 2640 473 2685; x_wconf 75' lang='lat' dir='ltr'>maiores)</span> <span class='ocrx_word' id='word_1_341' title='bbox 501 2638 617 2675; x_wconf 84' lang='lat' dir='ltr'>etiam</span> <span class='ocrx_word' id='word_1_342' title='bbox 647 2638 719 2673; x_wconf 86' lang='lat' dir='ltr'>hoc</span> <span class='ocrx_word' id='word_1_343' title='bbox 744 2637 890 2673; x_wconf 84' lang='lat' dir='ltr'>adicere</span> <span class='ocrx_word' id='word_1_344' title='bbox 921 2648 1118 2682; x_wconf 86' lang='lat' dir='ltr'>possumus</span> <span class='ocrx_word' id='word_1_345' title='bbox 1143 2638 1257 2682; x_wconf 88' lang='lat' dir='ltr'>(quod</span> <span class='ocrx_word' id='word_1_346' title='bbox 1282 2637 1436 2673; x_wconf 84' lang='lat' dir='ltr'>indutiis</span> <span class='ocrx_word' id='word_1_347' title='bbox 1461 2637 1587 2683; x_wconf 81' lang='lat' dir='ltr'>factis)</span> <span class='ocrx_word' id='word_1_348' title='bbox 1619 2636 1723 2673; x_wconf 88' lang='lat' dir='ltr'>soliti</span> <span class='ocrx_word' id='word_1_349' title='bbox 1755 2638 1861 2673; x_wconf 86' lang='lat' dir='ltr'>erant</span> <span class='ocrx_word' id='word_1_350' title='bbox 1891 2637 2004 2672; x_wconf 87' lang='lat' dir='ltr'>duces</span> 
     </span>
     <span class='ocr_line' id='line_1_38' title="bbox 298 2684 2003 2733; baseline -0.002 -10"><span class='ocrx_word' id='word_1_351' title='bbox 298 2687 430 2733; x_wconf 87' lang='lat' dir='ltr'>populi</span> <span class='ocrx_word' id='word_1_352' title='bbox 455 2686 600 2722; x_wconf 87' lang='lat' dir='ltr'>romani</span> <span class='ocrx_word' id='word_1_353' title='bbox 627 2687 725 2731; x_wconf 88' lang='lat' dir='ltr'>(cum</span> <span class='ocrx_word' id='word_1_354' title='bbox 745 2684 916 2730; x_wconf 86' lang='lat' dir='ltr'>ducibus)</span> <span class='ocrx_word' id='word_1_355' title='bbox 942 2685 1107 2720; x_wconf 85' lang='lat' dir='ltr'>hostium</span> <span class='ocrx_word' id='word_1_356' title='bbox 1134 2685 1297 2730; x_wconf 90' lang='lat' dir='ltr'>colloqui</span> <span class='ocrx_word' id='word_1_357' title='bbox 1322 2697 1539 2730; x_wconf 90' lang='lat' dir='ltr'>summaque</span> <span class='ocrx_word' id='word_1_358' title='bbox 1564 2686 1763 2721; x_wconf 84' lang='lat' dir='ltr'>seueritate</span> <span class='ocrx_word' id='word_1_359' title='bbox 1788 2684 2003 2720; x_wconf 82' lang='lat' dir='ltr'>uindicaba-</span> 
     </span>
     <span class='ocr_line' id='line_1_39' title="bbox 296 2733 2003 2778; baseline -0.002 -8"><span class='ocrx_word' id='word_1_360' title='bbox 296 2737 359 2770; x_wconf 84' lang='lat' dir='ltr'>tur</span> <span class='ocrx_word' id='word_1_361' title='bbox 384 2733 416 2769; x_wconf 84' lang='lat' dir='ltr'>si</span> <span class='ocrx_word' id='word_1_362' title='bbox 440 2733 616 2770; x_wconf 88' lang='lat' dir='ltr'>iniuriam</span> <span class='ocrx_word' id='word_1_363' title='bbox 643 2743 681 2768; x_wconf 87' lang='lat' dir='ltr'>se</span> <span class='ocrx_word' id='word_1_364' title='bbox 709 2734 854 2778; x_wconf 86' lang='lat' dir='ltr'>(passos</span> <span class='ocrx_word' id='word_1_365' title='bbox 880 2733 1136 2776; x_wconf 86' lang='lat' dir='ltr'>qu)ererentur</span> <span class='ocrx_word' id='word_1_366' title='bbox 1158 2733 1199 2767; x_wconf 87' lang='lat' dir='ltr'>T.</span> <span class='ocrx_word' id='word_1_367' title='bbox 1238 2744 1330 2778; x_wconf 79' lang='lat' dir='ltr'>quae</span> <span class='ocrx_word' id='word_1_368' title='bbox 1354 2734 1459 2770; x_wconf 84' lang='lat' dir='ltr'>uncis</span> <span class='ocrx_word' id='word_1_369' title='bbox 1484 2733 1619 2768; x_wconf 84' lang='lat' dir='ltr'>inclusi</span> <span class='ocrx_word' id='word_1_370' title='bbox 1643 2734 1685 2768; x_wconf 87' lang='lat' dir='ltr'>in</span> <span class='ocrx_word' id='word_1_371' title='bbox 1709 2733 1828 2768; x_wconf 80' lang='lat' dir='ltr'>codice</span> <span class='ocrx_word' id='word_1_372' title='bbox 1853 2742 2003 2768; x_wconf 80' lang='lat' dir='ltr'>evanue-</span> 
     </span>
     <span class='ocr_line' id='line_1_40' title="bbox 297 2779 2003 2827; baseline -0.002 -9"><span class='ocrx_word' id='word_1_373' title='bbox 297 2785 396 2818; x_wconf 80' lang='lat' dir='ltr'>rimt.</span> <span class='ocrx_word' id='word_1_374' title='bbox 417 2783 430 2827; x_wconf 87' lang='grc' dir='ltr'>ΙΙ</span> <span class='ocrx_word' id='word_1_375' title='bbox 448 2786 477 2824; x_wconf 42' lang='grc'>9,</span> <span class='ocrx_word' id='word_1_376' title='bbox 494 2780 647 2817; x_wconf 88' lang='lat' dir='ltr'>indutus</span> <span class='ocrx_word' id='word_1_377' title='bbox 674 2780 707 2815; x_wconf 75' lang='lat' dir='ltr'><em>G</em></span> <span class='ocrx_word' id='word_1_378' title='bbox 726 2781 738 2826; x_wconf 76' lang='grc' dir='ltr'>ΙΙ</span> <span class='ocrx_word' id='word_1_379' title='bbox 758 2779 966 2824; x_wconf 86' lang='lat' dir='ltr'>conloquiis</span> <span class='ocrx_word' id='word_1_380' title='bbox 992 2779 1032 2814; x_wconf 95' lang='lat' dir='ltr'><em>F</em></span> <span class='ocrx_word' id='word_1_381' title='bbox 1048 2781 1060 2827; x_wconf 78' lang='grc' dir='ltr'>ΙΙ</span> <span class='ocrx_word' id='word_1_382' title='bbox 1081 2784 1124 2815; x_wconf 93' lang='grc'>10</span> <span class='ocrx_word' id='word_1_383' title='bbox 1150 2781 1314 2816; x_wconf 90' lang='lat' dir='ltr'>hostiam</span> <span class='ocrx_word' id='word_1_384' title='bbox 1340 2780 1380 2815; x_wconf 89' lang='lat' dir='ltr'><em>F</em></span> <span class='ocrx_word' id='word_1_385' title='bbox 1395 2782 1408 2826; x_wconf 82' lang='grc' dir='ltr'>ΙΙ</span> <span class='ocrx_word' id='word_1_386' title='bbox 1427 2781 1667 2816; x_wconf 87' lang='lat' dir='ltr'>seueritatem</span> <span class='ocrx_word' id='word_1_387' title='bbox 1688 2780 1729 2815; x_wconf 87' lang='lat' dir='ltr'><em>F</em></span> <span class='ocrx_word' id='word_1_388' title='bbox 1743 2781 1756 2825; x_wconf 83' lang='grc' dir='ltr'>ΙΙ</span> <span class='ocrx_word' id='word_1_389' title='bbox 1774 2779 2003 2815; x_wconf 82' lang='lat' dir='ltr'>uindicatum</span> 
     </span>
     <span class='ocr_line' id='line_1_41' title="bbox 299 2825 2005 2874; baseline -0.002 -9"><span class='ocrx_word' id='word_1_390' title='bbox 299 2829 355 2873; x_wconf 90' lang='lat' dir='ltr'><em>F,</em></span> <span class='ocrx_word' id='word_1_391' title='bbox 380 2830 523 2865; x_wconf 76' lang='lat' dir='ltr'>correxi</span> <span class='ocrx_word' id='word_1_392' title='bbox 557 2829 570 2873; x_wconf 83' lang='grc' dir='ltr'>ΙΙ</span> <span class='ocrx_word' id='word_1_393' title='bbox 609 2832 649 2863; x_wconf 89' lang='grc'>11</span> <span class='ocrx_word' id='word_1_394' title='bbox 678 2825 883 2872; x_wconf 90' lang='lat' dir='ltr'>Tarquinio</span> <span class='ocrx_word' id='word_1_395' title='bbox 908 2827 1047 2863; x_wconf 84' lang='lat' dir='ltr'>Daniel</span> <span class='ocrx_word' id='word_1_396' title='bbox 1083 2828 1095 2874; x_wconf 86' lang='grc' dir='ltr'>ΙΙ</span> <span class='ocrx_word' id='word_1_397' title='bbox 1133 2839 1217 2863; x_wconf 92' lang='lat' dir='ltr'>cum</span> <span class='ocrx_word' id='word_1_398' title='bbox 1243 2827 1339 2863; x_wconf 90' lang='lat' dir='ltr'>inter</span> <span class='ocrx_word' id='word_1_399' title='bbox 1365 2828 1405 2863; x_wconf 88' lang='lat' dir='ltr'><em>F</em></span> <span class='ocrx_word' id='word_1_400' title='bbox 1437 2830 1450 2874; x_wconf 76' lang='grc' dir='ltr'>ΙΙ</span> <span class='ocrx_word' id='word_1_401' title='bbox 1489 2831 1531 2863; x_wconf 82' lang='grc'><strong>12</strong></span> <span class='ocrx_word' id='word_1_402' title='bbox 1557 2829 1597 2864; x_wconf 89' lang='lat' dir='ltr'>ct</span> <span class='ocrx_word' id='word_1_403' title='bbox 1620 2829 1805 2863; x_wconf 85' lang='lat' dir='ltr'>Romanos</span> <span class='ocrx_word' id='word_1_404' title='bbox 1831 2837 1896 2862; x_wconf 88' lang='lat' dir='ltr'>om.</span> <span class='ocrx_word' id='word_1_405' title='bbox 1924 2825 1966 2861; x_wconf 89' lang='lat' dir='ltr'><em>F</em></span> <span class='ocrx_word' id='word_1_406' title='bbox 1993 2826 2005 2872; x_wconf 92' lang='grc' dir='ltr'>ΙΙ</span> 
     </span>
     <span class='ocr_line' id='line_1_42' title="bbox 301 2873 2004 2922; baseline -0.002 -10"><span class='ocrx_word' id='word_1_407' title='bbox 301 2881 345 2912; x_wconf 88' lang='grc'><strong>13</strong></span> <span class='ocrx_word' id='word_1_408' title='bbox 371 2876 537 2911; x_wconf 87' lang='lat' dir='ltr'>hostium</span> <span class='ocrx_word' id='word_1_409' title='bbox 563 2875 690 2921; x_wconf 88' lang='lat' dir='ltr'>duces]</span> <span class='ocrx_word' id='word_1_410' title='bbox 717 2874 870 2920; x_wconf 87' lang='lat' dir='ltr'>quidam</span> <span class='ocrx_word' id='word_1_411' title='bbox 895 2874 1057 2910; x_wconf 85' lang='lat' dir='ltr'>hostium</span> <span class='ocrx_word' id='word_1_412' title='bbox 1083 2875 1119 2911; x_wconf 83' lang='lat' dir='ltr'><em>R</em></span> <span class='ocrx_word' id='word_1_413' title='bbox 1138 2877 1149 2922; x_wconf 88' lang='grc' dir='ltr'>ΙΙ</span> <span class='ocrx_word' id='word_1_414' title='bbox 1169 2875 1306 2911; x_wconf 83' lang='lat' dir='ltr'>cun-uli</span> <span class='ocrx_word' id='word_1_415' title='bbox 1325 2876 1415 2911; x_wconf 83' lang='lat' dir='ltr'>RH</span> <span class='ocrx_word' id='word_1_416' title='bbox 1446 2874 1555 2911; x_wconf 90' lang='lat' dir='ltr'>eurili</span> <span class='ocrx_word' id='word_1_417' title='bbox 1574 2875 1614 2910; x_wconf 89' lang='lat' dir='ltr'><em>F</em></span> <span class='ocrx_word' id='word_1_418' title='bbox 1629 2876 1641 2921; x_wconf 85' lang='grc' dir='ltr'>ΙΙ</span> <span class='ocrx_word' id='word_1_419' title='bbox 1661 2873 1877 2918; x_wconf 83' lang='lat' dir='ltr'>certamine]</span> <span class='ocrx_word' id='word_1_420' title='bbox 1904 2874 2004 2909; x_wconf 82' lang='lat' dir='ltr'>certe</span> 
     </span>
     <span class='ocr_line' id='line_1_43' title="bbox 298 2920 2003 2970; baseline -0.002 -11"><span class='ocrx_word' id='word_1_421' title='bbox 298 2924 443 2959; x_wconf 90' lang='lat' dir='ltr'>maniee</span> <span class='ocrx_word' id='word_1_422' title='bbox 469 2923 510 2958; x_wconf 88' lang='lat' dir='ltr'><em>F</em></span> <span class='ocrx_word' id='word_1_423' title='bbox 542 2925 554 2970; x_wconf 83' lang='grc' dir='ltr'>ΙΙ</span> <span class='ocrx_word' id='word_1_424' title='bbox 593 2926 637 2958; x_wconf 88' lang='grc'><strong>14</strong></span> <span class='ocrx_word' id='word_1_425' title='bbox 662 2923 712 2958; x_wconf 81' lang='lat' dir='ltr'>ad</span> <span class='ocrx_word' id='word_1_426' title='bbox 736 2935 865 2958; x_wconf 72' lang='lat' dir='ltr'>mpvm:</span> <span class='ocrx_word' id='word_1_427' title='bbox 890 2932 917 2957; x_wconf 82' lang='lat' dir='ltr'>s.</span> <span class='ocrx_word' id='word_1_428' title='bbox 943 2933 975 2957; x_wconf 82' lang='lat' dir='ltr'>v.</span> <span class='ocrx_word' id='word_1_429' title='bbox 1003 2922 1080 2958; x_wconf 88' lang='lat' dir='ltr'>sine</span> <span class='ocrx_word' id='word_1_430' title='bbox 1105 2922 1273 2968; x_wconf 89' lang='lat' dir='ltr'>periculo</span> <span class='ocrx_word' id='word_1_431' title='bbox 1302 2923 1335 2958; x_wconf 95' lang='lat' dir='ltr'><em>T</em></span> <span class='ocrx_word' id='word_1_432' title='bbox 1369 2925 1381 2970; x_wconf 89' lang='grc' dir='ltr'>ΙΙ</span> <span class='ocrx_word' id='word_1_433' title='bbox 1421 2927 1463 2958; x_wconf 89' lang='lat'>15</span> <span class='ocrx_word' id='word_1_434' title='bbox 1496 2924 1545 2959; x_wconf 80' lang='lat' dir='ltr'>acl</span> <span class='ocrx_word' id='word_1_435' title='bbox 1568 2933 1750 2958; x_wconf 67' lang='lat' dir='ltr'>nmvmm</span> <span class='ocrx_word' id='word_1_436' title='bbox 1774 2933 1802 2958; x_wconf 83' lang='lat'>8.</span> <span class='ocrx_word' id='word_1_437' title='bbox 1828 2932 1859 2956; x_wconf 84' lang='lat' dir='ltr'>v.</span> <span class='ocrx_word' id='word_1_438' title='bbox 1886 2920 2003 2956; x_wconf 87' lang='lat' dir='ltr'>libere</span> 
     </span>
     <span class='ocr_line' id='line_1_44' title="bbox 299 2968 2006 3016; baseline -0.002 -9"><span class='ocrx_word' id='word_1_439' title='bbox 299 2972 568 3015; x_wconf 85' lang='lat' dir='ltr'>discurrerunt,</span> <span class='ocrx_word' id='word_1_440' title='bbox 606 2971 656 3006; x_wconf 84' lang='lat' dir='ltr'>ad</span> <span class='ocrx_word' id='word_1_441' title='bbox 689 2982 785 3006; x_wconf 73' lang='lat' dir='ltr'>1ve1s</span> <span class='ocrx_word' id='word_1_442' title='bbox 816 2980 843 3005; x_wconf 86' lang='lat' dir='ltr'>s.</span> <span class='ocrx_word' id='word_1_443' title='bbox 870 2980 901 3005; x_wconf 83' lang='lat' dir='ltr'>v.</span> <span class='ocrx_word' id='word_1_444' title='bbox 934 2969 996 3004; x_wconf 91' lang='lat' dir='ltr'>hic</span> <span class='ocrx_word' id='word_1_445' title='bbox 1028 2970 1180 3014; x_wconf 86' lang='lat' dir='ltr'>quidam</span> <span class='ocrx_word' id='word_1_446' title='bbox 1212 2970 1423 3016; x_wconf 87' lang='lat' dir='ltr'>distingunt</span> <span class='ocrx_word' id='word_1_447' title='bbox 1460 2972 1499 3007; x_wconf 88' lang='lat' dir='ltr'>et</span> <span class='ocrx_word' id='word_1_448' title='bbox 1535 2968 1774 3015; x_wconf 84' lang='lat' dir='ltr'>sequentibus</span> <span class='ocrx_word' id='word_1_449' title='bbox 1811 2968 2006 3014; x_wconf 84' lang='lat' dir='ltr'>applicant</span> 
     </span>
     <span class='ocr_line' id='line_1_45' title="bbox 302 3015 2002 3064; baseline -0.003 -10"><span class='ocrx_word' id='word_1_450' title='bbox 302 3018 445 3064; x_wconf 76' lang='lat' dir='ltr'>‘iugis’‚</span> <span class='ocrx_word' id='word_1_451' title='bbox 470 3018 543 3054; x_wconf 90' lang='lat' dir='ltr'>hoc</span> <span class='ocrx_word' id='word_1_452' title='bbox 568 3019 626 3053; x_wconf 87' lang='lat' dir='ltr'>est</span> <span class='ocrx_word' id='word_1_453' title='bbox 653 3018 706 3052; x_wconf 79' lang='lat' dir='ltr'>‘in</span> <span class='ocrx_word' id='word_1_454' title='bbox 725 3016 824 3063; x_wconf 86' lang='lat' dir='ltr'>iugis</span> <span class='ocrx_word' id='word_1_455' title='bbox 845 3017 868 3053; x_wconf 89' lang='lat' dir='ltr'>f.</span> <span class='ocrx_word' id='word_1_456' title='bbox 889 3029 917 3053; x_wconf 89' lang='lat' dir='ltr'>s.</span> <span class='ocrx_word' id='word_1_457' title='bbox 937 3017 986 3052; x_wconf 86' lang='lat' dir='ltr'>a.&#39;</span> <span class='ocrx_word' id='word_1_458' title='bbox 1010 3017 1097 3062; x_wconf 85' lang='lat' dir='ltr'>quia</span> <span class='ocrx_word' id='word_1_459' title='bbox 1125 3018 1310 3054; x_wconf 82' lang='lat' dir='ltr'>‘errauere</span> <span class='ocrx_word' id='word_1_460' title='bbox 1330 3030 1396 3064; x_wconf 90' lang='lat' dir='ltr'>per</span> <span class='ocrx_word' id='word_1_461' title='bbox 1415 3018 1528 3054; x_wconf 87' lang='lat' dir='ltr'>siluas</span> <span class='ocrx_word' id='word_1_462' title='bbox 1548 3017 1661 3062; x_wconf 84' lang='lat' dir='ltr'>iugis’</span> <span class='ocrx_word' id='word_1_463' title='bbox 1690 3016 1787 3052; x_wconf 87' lang='lat' dir='ltr'>male</span> <span class='ocrx_word' id='word_1_464' title='bbox 1807 3015 1912 3061; x_wconf 88' lang='lat' dir='ltr'>iungi</span> <span class='ocrx_word' id='word_1_465' title='bbox 1936 3028 2002 3061; x_wconf 91' lang='lat' dir='ltr'>pu-</span> 
     </span>
     <span class='ocr_line' id='line_1_46' title="bbox 299 3062 2003 3112; baseline -0.003 -9"><span class='ocrx_word' id='word_1_466' title='bbox 299 3069 384 3103; x_wconf 84' lang='lat' dir='ltr'>tant</span> <span class='ocrx_word' id='word_1_467' title='bbox 406 3067 439 3101; x_wconf 98' lang='lat' dir='ltr'><em>T</em></span> <span class='ocrx_word' id='word_1_468' title='bbox 452 3067 465 3112; x_wconf 81' lang='grc' dir='ltr'>ΙΙ</span> <span class='ocrx_word' id='word_1_469' title='bbox 490 3069 534 3101; x_wconf 88' lang='grc'><strong>21</strong></span> <span class='ocrx_word' id='word_1_470' title='bbox 556 3066 605 3101; x_wconf 85' lang='lat' dir='ltr'>ad</span> <span class='ocrx_word' id='word_1_471' title='bbox 630 3075 747 3101; x_wconf 75' lang='lat' dir='ltr'>DOMVS</span> <span class='ocrx_word' id='word_1_472' title='bbox 766 3066 847 3110; x_wconf 85' lang='lat' dir='ltr'>(sic)</span> <span class='ocrx_word' id='word_1_473' title='bbox 872 3077 903 3100; x_wconf 71' lang='grc' dir='ltr'><strong>Ε.</strong></span> <span class='ocrx_word' id='word_1_474' title='bbox 923 3077 959 3099; x_wconf 72' lang='lat' dir='ltr'>u.</span> <span class='ocrx_word' id='word_1_475' title='bbox 979 3077 1011 3099; x_wconf 84' lang='lat' dir='ltr'>B.</span> <span class='ocrx_word' id='word_1_476' title='bbox 1039 3066 1085 3109; x_wconf 85' lang='lat' dir='ltr'>(v.</span> <span class='ocrx_word' id='word_1_477' title='bbox 1104 3069 1184 3108; x_wconf 89' lang='grc'><strong>140)</strong></span> <span class='ocrx_word' id='word_1_478' title='bbox 1211 3077 1277 3111; x_wconf 89' lang='lat' dir='ltr'>per</span> <span class='ocrx_word' id='word_1_479' title='bbox 1301 3066 1432 3101; x_wconf 88' lang='lat' dir='ltr'>domos</span> <span class='ocrx_word' id='word_1_480' title='bbox 1457 3066 1496 3101; x_wconf 89' lang='lat' dir='ltr'>et</span> <span class='ocrx_word' id='word_1_481' title='bbox 1519 3064 1668 3101; x_wconf 89' lang='lat' dir='ltr'>moenia</span> <span class='ocrx_word' id='word_1_482' title='bbox 1692 3063 1843 3109; x_wconf 88' lang='lat' dir='ltr'>publica</span> <span class='ocrx_word' id='word_1_483' title='bbox 1867 3063 1907 3099; x_wconf 92' lang='lat' dir='ltr'>et</span> <span class='ocrx_word' id='word_1_484' title='bbox 1929 3062 2003 3108; x_wconf 67' lang='lat' dir='ltr'>priv-</span> 
     </span>
     <span class='ocr_line' id='line_1_47' title="bbox 300 3110 2003 3160; baseline -0.003 -10"><span class='ocrx_word' id='word_1_485' title='bbox 300 3115 390 3150; x_wconf 88' lang='lat' dir='ltr'>uata</span> <span class='ocrx_word' id='word_1_486' title='bbox 416 3112 587 3149; x_wconf 88' lang='lat' dir='ltr'>aedificia</span> <span class='ocrx_word' id='word_1_487' title='bbox 612 3111 896 3158; x_wconf 89' lang='lat' dir='ltr'>comprehendit</span> <span class='ocrx_word' id='word_1_488' title='bbox 923 3112 956 3146; x_wconf 92' lang='lat' dir='ltr'><em>T</em></span> <span class='ocrx_word' id='word_1_489' title='bbox 973 3113 985 3158; x_wconf 90' lang='grc' dir='ltr'>ΙΙ</span> <span class='ocrx_word' id='word_1_490' title='bbox 1016 3116 1060 3147; x_wconf 88' lang='grc'>22</span> <span class='ocrx_word' id='word_1_491' title='bbox 1088 3113 1187 3148; x_wconf 89' lang='lat' dir='ltr'>enim</span> <span class='ocrx_word' id='word_1_492' title='bbox 1213 3124 1278 3150; x_wconf 85' lang='lat' dir='ltr'>om.</span> <span class='ocrx_word' id='word_1_493' title='bbox 1299 3113 1372 3149; x_wconf 81' lang='lat' dir='ltr'>AS</span> <span class='ocrx_word' id='word_1_494' title='bbox 1395 3114 1407 3160; x_wconf 87' lang='grc' dir='ltr'>ΙΙ</span> <span class='ocrx_word' id='word_1_495' title='bbox 1437 3116 1483 3148; x_wconf 85' lang='grc'>24</span> <span class='ocrx_word' id='word_1_496' title='bbox 1507 3123 1536 3149; x_wconf 78' lang='lat'>8.</span> <span class='ocrx_word' id='word_1_497' title='bbox 1561 3123 1593 3148; x_wconf 81' lang='lat' dir='ltr'>v.</span> <span class='ocrx_word' id='word_1_498' title='bbox 1623 3115 1687 3146; x_wconf 88' lang='lat'>141</span> <span class='ocrx_word' id='word_1_499' title='bbox 1715 3111 1867 3156; x_wconf 87' lang='lat' dir='ltr'>quidam</span> <span class='ocrx_word' id='word_1_500' title='bbox 1892 3110 2003 3146; x_wconf 91' lang='lat' dir='ltr'>modo</span> 
     </span>
     <span class='ocr_line' id='line_1_48' title="bbox 300 3157 2003 3207; baseline -0.002 -11"><span class='ocrx_word' id='word_1_501' title='bbox 300 3163 413 3207; x_wconf 87' lang='lat' dir='ltr'>paulo</span> <span class='ocrx_word' id='word_1_502' title='bbox 438 3163 525 3197; x_wconf 84' lang='lat' dir='ltr'>ante</span> <span class='ocrx_word' id='word_1_503' title='bbox 551 3160 742 3206; x_wconf 77' lang='lat' dir='ltr'>accipiunt</span> <span class='ocrx_word' id='word_1_504' title='bbox 766 3160 831 3195; x_wconf 85' lang='lat' dir='ltr'>sed</span> <span class='ocrx_word' id='word_1_505' title='bbox 857 3160 1067 3195; x_wconf 88' lang='lat' dir='ltr'>commouet</span> <span class='ocrx_word' id='word_1_506' title='bbox 1098 3160 1272 3196; x_wconf 84' lang='lat' dir='ltr'>affectum</span> <span class='ocrx_word' id='word_1_507' title='bbox 1297 3162 1340 3196; x_wconf 89' lang='lat' dir='ltr'>ut</span> <span class='ocrx_word' id='word_1_508' title='bbox 1366 3189 1373 3197; x_wconf 90' lang='lat'>.</span> <span class='ocrx_word' id='word_1_509' title='bbox 1395 3188 1402 3196; x_wconf 96' lang='lat'>.</span> <span class='ocrx_word' id='word_1_510' title='bbox 1425 3188 1432 3196; x_wconf 89' lang='lat'>.</span> <span class='ocrx_word' id='word_1_511' title='bbox 1458 3159 1648 3205; x_wconf 83' lang='lat' dir='ltr'>accipiunt</span> <span class='ocrx_word' id='word_1_512' title='bbox 1676 3159 1709 3194; x_wconf 88' lang='grc' dir='ltr'><em>Τ</em></span> <span class='ocrx_word' id='word_1_513' title='bbox 1734 3160 1747 3204; x_wconf 77' lang='grc' dir='ltr'>ΙΙ</span> <span class='ocrx_word' id='word_1_514' title='bbox 1777 3157 1831 3194; x_wconf 81' lang='lat' dir='ltr'>ait</span> <span class='ocrx_word' id='word_1_515' title='bbox 1855 3158 2003 3203; x_wconf 79' lang='lat' dir='ltr'>scripsi:</span> 
     </span>
     <span class='ocr_line' id='line_1_49' title="bbox 301 3205 1957 3254; baseline -0.002 -10"><span class='ocrx_word' id='word_1_516' title='bbox 301 3209 400 3244; x_wconf 88' lang='lat' dir='ltr'>haud</span> <span class='ocrx_word' id='word_1_517' title='bbox 426 3209 467 3244; x_wconf 85' lang='lat' dir='ltr'><em>F</em></span> <span class='ocrx_word' id='word_1_518' title='bbox 501 3208 567 3244; x_wconf 90' lang='lat' dir='ltr'>aut</span> <span class='ocrx_word' id='word_1_519' title='bbox 592 3208 720 3254; x_wconf 75' lang='lat' dir='ltr'>G1125</span> <span class='ocrx_word' id='word_1_520' title='bbox 746 3207 893 3244; x_wconf 89' lang='lat' dir='ltr'>adfecto</span> <span class='ocrx_word' id='word_1_521' title='bbox 919 3207 953 3243; x_wconf 77' lang='lat' dir='ltr'><strong><em>G</em></strong></span> <span class='ocrx_word' id='word_1_522' title='bbox 971 3208 983 3253; x_wconf 87' lang='grc' dir='ltr'>ΙΙ</span> <span class='ocrx_word' id='word_1_523' title='bbox 1008 3207 1063 3253; x_wconf 84' lang='lat' dir='ltr'>ut]</span> <span class='ocrx_word' id='word_1_524' title='bbox 1093 3209 1131 3243; x_wconf 88' lang='lat' dir='ltr'>et</span> <span class='ocrx_word' id='word_1_525' title='bbox 1158 3207 1192 3243; x_wconf 77' lang='lat' dir='ltr'><strong><em>G</em></strong></span> <span class='ocrx_word' id='word_1_526' title='bbox 1210 3209 1222 3254; x_wconf 89' lang='grc' dir='ltr'>ΙΙ</span> <span class='ocrx_word' id='word_1_527' title='bbox 1246 3210 1353 3244; x_wconf 85' lang='lat' dir='ltr'>tanto</span> <span class='ocrx_word' id='word_1_528' title='bbox 1382 3207 1421 3242; x_wconf 88' lang='lat' dir='ltr'><em>F</em></span> <span class='ocrx_word' id='word_1_529' title='bbox 1435 3209 1448 3254; x_wconf 86' lang='grc' dir='ltr'>ΙΙ</span> <span class='ocrx_word' id='word_1_530' title='bbox 1473 3211 1517 3243; x_wconf 89' lang='grc'>26</span> <span class='ocrx_word' id='word_1_531' title='bbox 1542 3217 1638 3253; x_wconf 85' lang='lat' dir='ltr'>pene</span> <span class='ocrx_word' id='word_1_532' title='bbox 1664 3206 1744 3241; x_wconf 86' lang='lat' dir='ltr'>FT</span> <span class='ocrx_word' id='word_1_533' title='bbox 1778 3216 1896 3252; x_wconf 87' lang='lat' dir='ltr'>poene</span> <span class='ocrx_word' id='word_1_534' title='bbox 1922 3205 1957 3241; x_wconf 74' lang='lat' dir='ltr'><strong><em>G</em></strong></span> 
     </span>
    </p>
   </div>
  </div>
 </body>
</html>
