2092 3614
255 645 276 676 ὃ

236 1002 279 1033 10

238 1360 280 1392 15

237 1718 283 1750 20

300 237 389 279 394
1075 236 1236 272 SERVH

302 347 511 401 obsideri,
543 347 686 389 aliena
712 361 786 389 eos
812 346 1091 389 matrimonia
1115 346 1359 402 praeripere
1385 347 1565 403 dignum
1597 349 1674 389 est.
1719 348 1780 390 sic
1805 348 1852 389 in
1878 348 2006 390 buco-

301 419 396 461 licis
441 417 537 472 <111
572 418 686 473 104>
732 418 830 473 dic,
879 418 1063 474 quibus
1115 418 1168 460 in
1211 418 1370 460 terris
1413 421 1458 460 et
1498 419 1597 460 eris
1638 418 1761 461 mihi
1803 433 2008 473 maynus

301 490 499 544 Apollo,
543 491 637 532 tris
671 493 850 544 pateat
883 490 1010 532 caeli
1049 490 1266 543 spatium
1302 504 1398 532 non
1434 490 1651 543 amplius
1690 490 1860 533 ulnas:
1903 492 2011 544 quod

301 563 401 616 quia
437 576 521 604 non
553 563 693 616 potuit
725 562 892 617 solvere,
933 565 971 603 et
1005 562 1091 617 ipsc
1127 561 1267 603 obiecit
1305 562 1400 617 dic,
1443 562 1619 615 quibus
1657 562 1711 604 in
1748 562 1896 605 terris
1931 562 2008 604 in-

304 634 490 689 scripti
520 633 730 675 nomina
760 646 933 689 regum
963 635 1240 675 nascantur
1273 633 1441 686 flores.

426 705 493 747 75.
542 722 773 748 NASGENTEM
800 700 1043 760 ὑπόκρισις.

424 777 492 819 76.
540 788 773 819 PILVMNVS
800 787 919 819 AVVS
953 778 1176 831 comparat
1201 790 1335 832 genus
1362 775 1497 819 Turni
1523 792 1618 820 cum
1645 775 1836 833 Aeneae,
1867 777 2010 820 dicens

305 848 435 890 etiam
468 863 596 891 avum
628 847 719 889 eius
753 847 879 890 deum
912 862 1015 890 esse.
1085 847 1217 890 Varro
1249 847 1494 891 Pilumnum
1524 852 1562 891 et
1591 849 1837 891 Pitumnum
1870 849 2010 903 infan-

305 921 408 962 tium
443 920 535 962 deos
571 933 653 962 esse
686 920 750 964 ait
784 920 919 973 eisque
952 933 1033 973 pro
1068 933 1275 973 puerpera
1313 920 1457 962 lectum
1493 921 1540 962 in
1576 921 1684 963 atrio
1724 921 1870 976 sterni,
1913 921 2012 963 dum

305 991 535 1045 eoeploretur
564 1004 622 1032 an
652 991 792 1033 vitalis
827 991 884 1033 sit
918 979 990 1044 qui
1019 994 1144 1032 natus
1173 994 1252 1034 est:
1295 990 1397 1034 Piso
1427 991 1673 1034 Pilumnum
1703 993 1872 1044 dictum,
1913 993 2013 1045 quia

296 1063 429 1117 pellat
452 1063 566 1104 mala
591 1062 806 1115 infantiae.
849 1063 920 1104 sed
943 1062 1166 1105 Pilumnus
1193 1062 1300 1104 idem
1324 1061 1566 1115 Stercutius,
1597 1067 1645 1106 ut
1667 1064 1837 1117 quidam
1861 1064 2013 1116 dicunt,

304 1135 377 1188 qui
406 1137 575 1188 propter
606 1134 747 1187 pilum
783 1133 1010 1189 inventum,
1047 1147 1125 1187 quo
1160 1133 1300 1188 fruyes
1329 1135 1474 1189 conjici
1508 1135 1652 1190 solent,
1688 1135 1751 1177 ita
1786 1135 2015 1189 appellatus

305 1209 373 1249 est.
421 1206 460 1248 si
489 1219 581 1259 erqo
604 1218 790 1259 proavus
819 1205 968 1247 Latini
997 1208 1072 1260 est,
1102 1219 1187 1247 non
1214 1205 1350 1248 Turni
1380 1220 1502 1248 avus:
1533 1219 1635 1248 nam
1659 1205 1853 1249 Stercutii
1876 1206 2014 1262 Picus,

305 1277 399 1320 Pici
421 1276 618 1331 Faunus,
649 1276 796 1319 Fauni
825 1277 1007 1319 Latinus
1037 1280 1095 1319 est
1121 1277 1247 1331 silius.
1295 1278 1367 1320 sed
1393 1277 1440 1320 in
1469 1277 1536 1320 bis
1565 1277 1800 1320 nominibus
1829 1278 2015 1320 abutitur

299 1352 433 1405 poeta.
527 1366 625 1392 DIVA
650 1366 807 1392 VEMLJA
827 1366 959 1392 MATER
989 1348 1071 1391 hoc
1103 1349 1157 1391 ad
1191 1347 1370 1391 Veneris
1404 1349 1764 1392 obtrectationem
1795 1349 1899 1392 dicit
1931 1349 2015 1392 ‘cui

308 1420 407 1464 diva
437 1420 612 1463 Venilia
648 1419 822 1463 mater':
865 1434 966 1462 nam
1004 1418 1177 1462 Venilia
1212 1420 1406 1475 nympha
1442 1422 1518 1463 est.
1579 1420 1827 1463 Pilumnum
1871 1423 2014 1463 autem

309 1507 436 1537 avum
457 1492 592 1535 Turni
617 1492 712 1535 ideo
739 1492 861 1547 dicit,
886 1494 937 1534 ut
962 1506 987 1533 a
1013 1491 1154 1534 vicino
1179 1491 1339 1534 nobilis
1365 1506 1520 1548 genere
1547 1506 1639 1534 esse
1665 1492 1880 1544 videatur,
1905 1492 2016 1535 sicut

309 1566 376 1607 est
407 1564 593 1607 Aeneas:
632 1578 735 1606 nam
771 1563 901 1618 paulo
938 1565 1041 1619 post
1079 1562 1246 1605 dictura
1284 1566 1350 1605 est
1380 1563 1475 1618 ipsa
1505 1563 1612 1606 Iuno
1647 1563 1792 1619 <619>
1822 1563 2016 1606 Pilum—

308 1650 504 1692 nusque
535 1635 618 1677 illi
648 1636 866 1691 quartus
899 1636 1058 1689 pater.
1107 1647 1207 1677 sane
1236 1633 1343 1677 hanc
1375 1634 1581 1678 Veniliam
1610 1635 1780 1689 quidam
1804 1634 2017 1678 Salaciam

309 1709 534 1764 accipiunt,
571 1707 757 1762 Neptuni
793 1720 986 1749 uxorem:
1025 1705 1237 1749 Salaciam
1268 1719 1296 1748 a
1325 1706 1432 1762 salo,
1470 1706 1677 1750 Veniliam
1713 1707 1821 1761 quod
1855 1707 2017 1749 veniam

309 1781 374 1823 det
403 1781 430 1833 †
443 1779 687 1835 neyentibus.

431 1852 499 1893 77.
549 1862 672 1892 ATRA
703 1860 822 1892 FAcE
855 1864 983 1892 saevo
1021 1850 1150 1892 bello.
1213 1851 1256 1892 et
1287 1851 1354 1892 est
1391 1849 1494 1892 belli
1532 1849 1742 1892 definitio:
1779 1865 1867 1892 non
1904 1850 2018 1893 enim

310 1923 477 1965 facibus
509 1922 687 1965 Troiani
718 1923 1036 1978 pugnaverant,
1066 1922 1137 1964 sed
1163 1921 1293 1974 ferro,
1325 1921 1371 1964 iel
1401 1925 1459 1964 est
1487 1922 1598 1965 bello.

431 1994 498 2036 78.
547 2004 794 2036 AVERTERE
824 2004 1037 2035 PRAEDAS
1068 1991 1299 2035 invidiose:
1331 1994 1519 2035 ceterum
1552 1993 1663 2035 nihil
1695 1994 1941 2048 rapuerant.

408 2140 453 2172 10
478 2135 581 2182 Piso]
608 2135 742 2180 fragm.
768 2138 815 2170 44
841 2146 898 2181 ap.
925 2124 1100 2170 Peter-um
1124 2145 1159 2179 p.
1188 2137 1254 2169 137
1284 2135 1296 2180 ΙΙ
1329 2137 1371 2169 19
1399 2134 1494 2170 Sane
1520 2134 1616 2169 hane
1641 2132 1828 2170 Veniliam
1854 2144 1883 2170 e.
1911 2145 1945 2179 q.
1972 2134 2017 2180 3.]

311 2184 357 2221 cf.
383 2184 502 2220 Varro
529 2183 564 2219 d.
590 2183 614 2218 1.
639 2182 664 2218 1.
691 2181 725 2217 V
745 2186 789 2218 72

410 2320 428 2351 1
456 2314 626 2351 obsidere
651 2313 687 2349 R
706 2314 718 2360 11
736 2313 965 2359 patrimonia
988 2311 1032 2348 H
1047 2314 1059 2359 ΙΙ
1084 2316 1105 2348 2
1133 2313 1170 2348 et
1195 2314 1268 2348 eris
1295 2343 1303 2350 .
1324 2342 1332 2349 .
1354 2341 1362 2349 .
1389 2312 1523 2358 quibus
1549 2312 1587 2347 in
1611 2312 1721 2348 terris
1746 2312 1847 2348 haud
1870 2313 1944 2348 scio
1970 2325 2021 2348 an

313 2364 434 2400 Servii
457 2363 533 2398 sint
559 2363 572 2407 ΙΙ
604 2366 624 2396 3
650 2362 741 2408 non]
767 2371 854 2396 nam
882 2360 917 2396 G
940 2362 953 2407 ΙΙ
983 2361 1089 2395 alnes
1115 2360 1156 2395 F
1183 2361 1195 2406 ΙΙ
1226 2365 1249 2396 4
1275 2361 1361 2406 quie
1386 2361 1427 2396 F
1447 2361 1460 2406 ΙΙ
1491 2359 1629 2395 abiecit
1653 2359 1702 2403 F,
1728 2370 1819 2396 corr.
1845 2359 1985 2396 Daniel
2009 2360 2022 2407 ΙΙ

314 2416 334 2447 6
360 2421 542 2447 Yrrocpmc
567 2409 616 2452 F,
642 2420 733 2446 corr.
759 2408 899 2444 Daniel
922 2408 935 2454 ΙΙ
967 2412 986 2444 7
1013 2419 1098 2443 eum
1122 2419 1189 2443 om.
1216 2408 1257 2443 F
1278 2410 1290 2454 u
1321 2419 1406 2443 cum
1431 2410 1558 2443 Aenea
1583 2407 1789 2452 Stephanus
1814 2409 1827 2453 ΙΙ
1857 2411 1878 2442 8
1905 2408 2019 2444 etiam

313 2459 414 2494 turni
440 2469 553 2493 auum
580 2456 690 2492 deum
716 2466 796 2492 esse
814 2455 856 2491 F
871 2458 884 2501 ss
901 2456 952 2491 ad
970 2466 1002 2492 v.
1025 2459 1068 2491 75
1088 2456 1131 2491 in
1149 2466 1263 2501 mary.
1289 2455 1500 2491 Pilumnum
1527 2455 1566 2490 et
1589 2454 1800 2500 pitumnum
1819 2455 2018 2491 infantium

313 2506 402 2541 deos
429 2516 510 2540 esse
536 2515 647 2539 uarro
674 2503 836 2539 affirmat
862 2502 989 2547 eisque
1016 2529 1024 2537 .
1045 2529 1054 2537 .
1077 2530 1084 2537 .
1111 2502 1278 2538 abutitur
1302 2504 1414 2548 poeta
1443 2503 1476 2537 Τ
1510 2503 1522 2547 ΙΙ
1557 2502 1768 2547 pitumnum
1795 2502 1843 2537 T:
1875 2503 2015 2548 picum-

313 2564 417 2588 mum
442 2552 483 2587 F
516 2552 742 2597 pitummum
769 2551 803 2586 G
820 2551 833 2596 ΙΙ
854 2555 898 2586 10
922 2549 1049 2585 vitalis
1076 2549 1313 2586 Gasaubonus
1338 2551 1388 2586 acl
1414 2550 1516 2585 Pers.
1541 2549 1576 2583 II
1596 2554 1639 2585 31
1667 2551 1728 2596 (cf.
1755 2550 1854 2586 Non.
1875 2562 1915 2595 p.
1936 2554 2016 2595 528,

316 2605 359 2636 12
381 2601 472 2645 M.)=
498 2597 603 2635 utilis
631 2598 664 2633 T
698 2597 783 2632 utili
802 2598 842 2632 F
857 2598 870 2643 ΙΙ
890 2595 969 2643 qui]
996 2597 1085 2642 quia
1105 2597 1138 2633 G
1156 2599 1168 2643 ΙΙ
1188 2598 1272 2633 Piso
1300 2625 1307 2632 .
1329 2624 1336 2632 .
1358 2626 1366 2635 .
1393 2597 1459 2633 sed.
1484 2597 1676 2632 Pilumnus
1702 2609 1768 2633 om.
1790 2598 1823 2633 Τ
1838 2598 1851 2643 ΙΙ
1872 2602 1913 2632 11
1940 2598 2018 2643 pel-

313 2649 369 2685 let
392 2648 494 2683 mala
518 2645 678 2682 infantia
707 2645 752 2689 F,
777 2656 869 2681 corr.
896 2644 1035 2680 Daniel
1071 2645 1083 2691 ΙΙ
1121 2644 1320 2681 stercutius
1349 2645 1396 2680 T:
1424 2645 1573 2680 strictus
1597 2645 1639 2680 F
1673 2646 1836 2680 structus
1865 2644 1899 2680 G
1928 2647 1941 2691 ss
1977 2646 2020 2681 ut

315 2696 468 2741 quidam
487 2693 633 2741 dieunt]
659 2694 780 2729 dictus
800 2692 859 2728 est
879 2693 912 2727 Τ
928 2695 941 2737 ΙΙ
962 2696 1004 2727 12
1024 2693 1219 2728 inventum
1238 2704 1303 2728 om.
1322 2693 1355 2727 Τ
1372 2694 1383 2739 ΙΙ
1402 2692 1472 2739 ita]
1499 2693 1688 2739 pilumnus
1713 2692 1747 2728 Τ
1760 2693 1771 2739 ΙΙ
1793 2697 1835 2728 13
1862 2692 1893 2727 si
1913 2693 2018 2739 ergo]

313 2746 470 2788 fortasse
488 2740 696 2777 Stercutius
722 2741 865 2776 autem:
891 2740 967 2775 nisi
991 2740 1024 2775 is
1049 2740 1113 2784 qui
1131 2741 1332 2785 pleniorem
1357 2741 1654 2776 commentarium
1678 2741 1877 2785 composuit
1900 2751 1944 2775 eae
1969 2740 2020 2775 eis

314 2802 406 2836 quae
431 2790 533 2835 apud
558 2792 740 2825 auctorem
764 2799 872 2824 suum
895 2788 1103 2823 inveniebat
1126 2799 1202 2824 non
1225 2789 1332 2824 nulla
1356 2789 1493 2831 omisit,
1527 2789 1577 2823 ad
1607 2798 1698 2833 quae
1723 2787 1754 2822 si
1780 2798 1867 2832 ergo
1892 2788 2018 2830 refere-

316 2840 435 2874 batur.
467 2838 479 2883 ΙΙ
508 2847 584 2872 non
609 2836 725 2871 Turni
749 2835 856 2883 avus]
882 2847 957 2871 non
982 2835 1039 2870 est
1063 2845 1154 2870 auus
1178 2837 1280 2871 turni
1307 2836 1340 2870 Τ
1369 2838 1381 2882 ΙΙ
1418 2834 1588 2871 Stercutii
1615 2834 1664 2870 T:
1690 2833 1838 2870 stricuti
1863 2833 1903 2868 F
1929 2835 1941 2880 ΙΙ
1975 2838 2018 2869 14

316 2885 452 2931 Fauni]
478 2885 541 2919 fau
567 2883 601 2919 G
625 2885 636 2930 ΙΙ
671 2887 712 2919 15
737 2883 825 2930 hoc]
851 2883 943 2919 item
968 2882 1142 2918 Serviani
1167 2884 1254 2918 libri
1280 2884 1293 2928 ΙΙ
1326 2887 1367 2919 17
1393 2882 1468 2917 nob
1493 2882 1639 2928 generis
1663 2882 1705 2916 F
1729 2882 1740 2928 ΙΙ
1773 2884 1816 2916 18
1842 2892 1930 2916 nam
1955 2882 2019 2926 qui

316 2946 353 2978 p.
378 2945 415 2978 p.
441 2932 606 2967 dicturus
631 2932 688 2967 est
712 2930 736 2965 i.
762 2931 786 2967 i.
813 2930 849 2966 L
874 2932 979 2976 (corr.
1006 2930 1032 2974 l)
1051 2930 1062 2975 ΙΙ
1092 2930 1259 2966 dicturus
1285 2930 1326 2965 F
1341 2931 1353 2977 ΙΙ
1386 2934 1428 2965 19
1456 2931 1505 2966 acl
1529 2942 1562 2965 v.
1590 2934 1634 2965 75
1659 2930 1701 2964 in
1725 2940 1838 2974 mary.
1865 2928 2019 2973 quidam

317 2979 495 3015 salaciam
525 2989 678 3014 uxorem
708 2978 866 3024 neptuni
895 2978 992 3013 hanc
1023 2977 1202 3013 ueniliam
1233 2977 1432 3023 accipiunt.
1483 2978 1522 3012 et
1552 2976 1690 3012 salacia
1720 2987 1744 3011 a
1768 2976 1847 3011 salo
1880 2976 2020 3013 uenilia

317 3028 417 3072 quod
441 3025 590 3062 ueniam
617 3026 682 3061 det
706 3024 1005 3072 periclitantibus
1037 3024 1067 3058 T
1096 3025 1108 3070 ΙΙ
1145 3024 1322 3061 ueniliem
1353 3025 1506 3071 quidam
1534 3023 1710 3059 salaciem
1737 3023 1776 3057 F
1804 3025 1815 3069 ss
1853 3027 1897 3058 20
1924 3024 2018 3059 sala—

318 3075 414 3110 eiem
440 3073 481 3110 F
501 3074 515 3119 ΙΙ
543 3077 586 3108 21
613 3073 852 3120 negentibus]
879 3071 1113 3118 exigentibus
1133 3073 1271 3108 Daniel
1307 3071 1528 3109 vehentibus
1554 3071 1601 3106 F.
1615 3071 1815 3107 Schoellius
1841 3070 2019 3116 navigan-

317 3123 419 3158 tibus
445 3124 511 3158 aut
535 3121 731 3166 egentibus
757 3122 850 3167 69011
881 3124 925 3156 22
952 3131 1063 3155 saevo
1090 3119 1191 3155 bello
1217 3121 1256 3155 et
1280 3131 1346 3156 om.
1373 3119 1413 3154 F
1429 3121 1441 3165 ΙΙ
1471 3118 1562 3154 belli
1586 3115 1753 3154 definitio
1779 3119 1836 3153 est
1861 3118 1929 3164 Fu
1957 3118 2018 3153 de-

319 3170 453 3214 finitio]
491 3170 534 3204 ut
564 3168 745 3204 Homerus
773 3168 836 3213 (Il.
861 3167 914 3203 XI
937 3168 1022 3211 596)
1047 3162 1096 3207 ὣς
1121 3165 1157 3202 οἳ
1182 3166 1252 3212 μὲν
1277 3164 1468 3213 μάρναντο
1500 3164 1616 3211 δέμας
1647 3163 1764 3211 πυρὸς
1795 3164 2019 3212 αἰθομένοιο

320 3218 404 3253 adol.
424 3217 464 3252 D
482 3218 493 3263 ΙΙ
511 3227 598 3251 nam
624 3228 697 3251 non
716 3216 756 3250 F
772 3218 783 3263 ΙΙ
809 3220 852 3251 23
880 3217 928 3252 ad
953 3226 1042 3250 rAcn
1067 3225 1095 3250 s.
1121 3226 1153 3251 v.
1179 3214 1218 3250 id
1243 3216 1300 3250 est
1324 3214 1424 3250 bello
1453 3214 1486 3248 Τ
1508 3215 1520 3260 ΙΙ
1547 3217 1594 3249 24
1618 3214 1819 3259 rapuerant
1843 3224 1910 3249 om.
1935 3213 1972 3248 R
