2092 3614
310 261 397 302 630
1083 261 1245 297 SERVII

309 369 449 424 ‘usquc
488 369 664 426 adconc’,
705 373 753 413 ut
792 374 928 413 tamen
971 374 1087 413 tanta
1128 371 1339 424 turpitudo
1377 370 1548 423 ferenda
1588 372 1653 414 sit.
1780 389 1846 415 vos
1877 390 1897 415 o
1928 389 2022 415 mm

307 458 439 484 MANES
468 442 590 495 quasi
612 455 690 495 per
717 442 950 495 fantasiam
980 443 1212 497 relinquens
1241 454 1418 496 superos,
1449 444 1506 485 ad
1535 456 1676 485 manes
1706 445 1900 486 convertit
1922 457 2017 486 ora-

308 513 469 555 tionem.

427 584 526 627 647.
577 596 767 628 svpnms
801 597 982 628 AVERSA
1013 597 1260 629 VOLVNTAS
1293 586 1411 641 quia,
1450 588 1498 627 ut
1530 600 1659 640 supra
1685 585 1735 640 <Ι
1766 586 1881 641 387>
1915 586 2019 628 dixi-

261 664 281 695 5
309 668 423 709 mus,
455 655 588 697 donec
621 656 828 712 vivimus,
867 672 993 700 curae
1027 672 1173 699 sumus
1207 657 1271 698 dis
1305 657 1492 712 superis,
1523 659 1623 711 post
1655 659 1836 699 mortem
1871 657 1922 699 ad
1956 657 2019 699 in-

309 725 422 767 feros
454 727 741 783 pertinemUS‚
775 728 929 784 quibus
962 743 1006 771 se
1040 728 1168 771 modo
1201 728 1485 771 commendat.

426 797 524 840 648.
576 815 721 842 smera
753 817 806 842 AD
842 817 908 842 ros
937 817 1062 843 amm
1088 815 1193 854 quac
1216 800 1451 852 differentia
1475 801 1608 842 sancti
1629 800 1695 854 sit,
1719 799 1908 854 superius
1928 799 2019 854 <XI

312 868 423 922 158>
456 870 610 911 dictum
641 874 720 912 est:
751 870 817 912 liic
849 870 1021 913 ‘sancta’
1054 872 1296 924 incorrupta
1326 872 1607 924 accipiendum
1637 874 1717 913 cst:
1754 884 1880 924 neque
1910 871 2020 913 enim

306 953 422 982 sacro
463 944 539 982 aut
576 942 764 996 reliyioso
804 943 891 984 cius
932 944 1077 984 anima
1115 943 1331 985 tenebatur.
1462 954 1607 985 ISTIVS
1645 953 1798 984 INSCIA
1837 954 2017 985 OVLPAE

238 1021 279 1051 10
305 1012 372 1052 vel
410 1012 559 1067 fugae,
603 1014 704 1068 quia
744 1013 849 1070 fuga
891 1014 1053 1070 grande
1092 1014 1255 1056 crimen
1293 1016 1359 1055 est
1399 1013 1511 1068 apud
1551 1014 1689 1056 virum
1729 1013 1904 1056 fortem:
1948 1014 2018 1056 vel

305 1083 422 1137 rupti
461 1084 646 1126 foederis
686 1087 728 1126 et
766 1086 909 1127 laesae
947 1085 1190 1140 religionis,
1231 1101 1256 1127 a
1298 1099 1383 1140 qua
1414 1099 1460 1127 re
1492 1100 1536 1126 se
1570 1099 1661 1127 esse
1693 1085 1798 1127 dicit
1831 1085 2018 1128 alienum

306 1157 483 1209 propter
514 1155 661 1197 futura
693 1141 917 1211 supplicia.

425 1226 523 1267 649.
572 1238 798 1269 INDIGNVS
831 1239 1025 1270 AVORVM
1060 1227 1226 1270 Graeca
1258 1227 1415 1282 figura:
1447 1242 1548 1272 nam
1579 1242 1658 1269 nos
1692 1226 1910 1282 ‘indignus
1942 1227 2018 1269 illa

306 1294 369 1337 re'
397 1296 592 1352 dicimus,
618 1300 770 1341 contra
791 1298 942 1341 Graeci
969 1295 1152 1350 ἀνάξιος
1177 1295 1417 1354 στεφάνου,
1443 1298 1485 1340 id
1513 1301 1579 1340 est
1599 1298 1801 1354 indignus
1822 1313 2016 1341 coronae.

237 1377 277 1408 15
426 1368 524 1410 651.
582 1386 724 1412 VEchs
754 1388 855 1418 Εριό
886 1387 1094 1413 smmum
1124 1386 1240 1412 SAGES
1262 1384 1342 1425 pro
1368 1369 1476 1412 ‘curn
1500 1369 1731 1421 veheretur’‚
1762 1373 1809 1412 ut
1833 1368 1880 1423 <I
1903 1369 2016 1424 121>

305 1441 349 1480 et
377 1453 472 1492 qua
503 1443 665 1483 vectus
696 1442 841 1483 Abas.

424 1511 522 1553 652.
572 1523 835 1556 INPLORANS
867 1525 1048 1568 NOMINE
1082 1525 1275 1556 'rvnNVM
1308 1528 1358 1554 ex
1390 1513 1539 1554 multis
1571 1513 1698 1554 rebus
1731 1512 1893 1554 indicat
1923 1527 2018 1568 per-

246 1586 262 1603 ·
305 1582 619 1624 turbationem:
653 1584 767 1638 quod
793 1570 1004 1626 festinans
1031 1584 1159 1636 venit,
1186 1584 1297 1639 quod
1325 1598 1401 1638 per
1428 1584 1587 1639 hostes,
1615 1584 1727 1639 quod
1754 1583 2016 1639 vulneratus,

305 1653 419 1707 quod
445 1653 638 1696 Turnum
671 1655 844 1697 nomine
878 1656 1084 1711 appellat3
1116 1671 1217 1697 nam
1250 1655 1509 1697 contumelia
1543 1657 1609 1696 est
1639 1655 1814 1697 nomine
1845 1668 1918 1697 suo
1950 1670 2016 1697 su-

233 1733 280 1765 20
304 1724 517 1778 periorem
552 1741 719 1768 vocare:
754 1727 815 1768 sic
842 1727 885 1768 in
913 1727 1127 1783 georgicis
1155 1726 1244 1781 <IV
1265 1727 1379 1780 321>
1406 1718 1586 1781 mater,
1618 1724 1811 1781 Cyrene
1838 1728 2016 1781 mater,

306 1808 401 1836 cum
436 1797 735 1850 praemisisset
767 1798 913 1853 <356>
947 1801 997 1840 et
1028 1802 1076 1840 te
1109 1798 1365 1840 crudelem
1397 1798 1602 1839 nomine
1634 1797 1773 1839 dicit.

423 1868 520 1909 653.
571 1881 724 1911 TVRNE
756 1881 805 1910 IN
839 1882 896 1911 TE
931 1881 1145 1912 SVPREMA
1179 1881 1320 1912 SALVS
1361 1868 1506 1910 omnia
1537 1883 1646 1923 quae
1678 1883 1806 1923 supra
1838 1867 2016 1910 Iuturna

306 1936 484 1993 dixerat,
517 1939 657 1981 oratio
690 1940 775 1981 ista
808 1940 1017 1988 dissolvit.

423 2010 521 2052 654.
560 2022 805 2053 FVLMINAT
832 2023 1013 2054 AENEAS
1043 2023 1082 2053 A.
1109 2011 1388 2066 exaggeratio
1410 2013 1493 2053 est:
1521 2011 1580 2054 sic
1601 2011 1729 2065 paulo
1749 2014 1849 2065 post
1869 2011 2014 2066 <700>

233 2091 276 2122 25
303 2081 720 2137 horrendumque
759 2083 968 2126 intonat
1000 2083 1168 2125 armis.
1288 2094 1500 2125 MINATVR
1531 2093 1835 2125 DEIECTVRVM
1868 2094 2014 2125 Auens

304 2152 406 2206 quia
438 2152 605 2195 dixerat
638 2154 782 2209 <569>
815 2157 866 2196 et
898 2169 1060 2209 aequa
1092 2154 1203 2195 solo
1235 2153 1490 2195 fumantia
1522 2153 1746 2195 culmina
1778 2168 1971 2208 ponam.

422 2224 519 2266 656.
570 2242 666 2272 mito
675 2242 723 2267 νε
751 2242 874 2268 moes
903 2228 951 2267 ut
978 2226 1033 2267 sit
1062 2239 1190 2278 quare
1223 2225 1390 2266 Turnus
1421 2224 1629 2266 subvenire
1657 2225 1829 2278 festinet.

425 2294 525 2336 657.
573 2306 753 2337 MVSSAT
782 2296 910 2338 modo
939 2296 1118 2338 dubitat.
1163 2299 1201 2338 et
1223 2299 1437 2338 cunctatur
1460 2310 1534 2338 rex
1558 2297 1654 2350 ipsc,
1679 2297 1725 2338 in
1748 2310 1826 2349 quo
1850 2310 2014 2338 summa

302 2379 440 2407 reruni
478 2369 545 2408 est.
605 2370 751 2409 vctcrcs
787 2366 975 2410 ‘mussat'
1006 2382 1087 2422 pro
1126 2368 1253 2422 timet,
1290 2367 1461 2409 Ennius
1493 2366 1706 2410 ‘mussare’
1740 2381 1821 2421 pro
1854 2366 2013 2410 ‘tacere'

234 2446 279 2478 30
298 2437 450 2489 posuit.
511 2436 680 2480 Clodius
713 2438 868 2481 Tuscus
899 2451 1121 2480 mussare
1150 2442 1221 2480 cst
1250 2452 1304 2480 ex
1337 2438 1540 2493 Gracco,
1572 2439 1874 2491 conprimere
1903 2452 2012 2481 ocu-

305 2507 398 2549 los:
432 2507 611 2549 Gracci
642 2509 803 2563 μῦσαι
835 2510 1016 2551 dicunt.

400 2615 420 2647 7
446 2623 542 2657 quae
568 2612 778 2648 differentia
803 2641 811 2648 .
833 2641 840 2649 .
863 2641 870 2649 .
896 2613 1112 2660 tenebatur]
1139 2613 1184 2649 cf.
1211 2613 1374 2649 Macrob.
1402 2613 1479 2649 Sat.
1500 2613 1552 2649 111
1572 2617 1605 2658 3,
1627 2619 1647 2650 6
1666 2615 1679 2660 ΙΙ
1697 2617 1742 2649 28
1768 2614 1879 2650 1110ᾶο
1905 2615 2011 2650 dubi-

303 2661 362 2695 tat
386 2671 417 2696 e.
438 2672 473 2705 q.
494 2659 539 2706 3.]
567 2660 612 2696 cf.
640 2661 731 2697 Don.
760 2661 808 2697 ad
834 2662 917 2697 Ter.
945 2661 1014 2697 Ad.
1040 2662 1073 2696 II
1102 2665 1132 2706 1,
1153 2662 1229 2707 531}
1255 2665 1299 2696 29
1327 2661 1482 2707 Ennius]
1511 2662 1556 2698 cf.
1583 2673 1667 2697 ann.
1693 2675 1726 2698 v.
1753 2666 1822 2697 426
1848 2662 1956 2699 Vahl.

399 2760 419 2791 2
446 2756 678 2792 horationem
706 2755 747 2791 F
771 2758 783 2802 ΙΙ
814 2760 835 2791 6
861 2756 995 2801 quibus
1023 2785 1030 2792 .
1053 2784 1061 2792 .
1083 2785 1091 2792 .
1118 2756 1355 2792 commendat
1379 2768 1444 2792 om.
1473 2756 1512 2790 F
1533 2758 1545 2801 ΙΙ
1578 2761 1596 2792 7
1624 2757 1674 2792 ad
1699 2768 1831 2793 smera
1857 2770 1890 2794 A.
1917 2771 1949 2793 v.
1975 2770 2009 2792 A.

303 2814 330 2838 s.
357 2814 389 2839 υ.
416 2802 477 2838 1116
503 2803 720 2848 incorrupta
745 2803 964 2849 accipienda
989 2805 1046 2839 est
1071 2815 1191 2849 neque
1217 2804 1315 2839 enim
1342 2815 1445 2839 sacro
1471 2804 1537 2838 aut
1560 2803 1658 2849 relig
1687 2804 1734 2847 T,
1763 2805 1906 2850 reliqua
1930 2815 2010 2840 eva-

303 2854 464 2886 nuerunt
482 2851 494 2896 ΙΙ
525 2855 546 2886 8
573 2851 717 2898 sancta]
746 2850 915 2886 insancta
940 2851 980 2886 F
995 2853 1008 2897 ss
1040 2856 1084 2886 14
1111 2853 1260 2895 αυειξιοε
1287 2860 1447 2896 crepanor
1476 2852 1524 2886 M
1558 2853 1707 2894 anagmc
1732 2860 1912 2896 τεεφὼΝοΥ
1938 2851 1979 2886 F
1999 2851 2011 2898 ΙΙ

305 2897 438 2943 dignus
463 2897 504 2932 F
526 2900 537 2944 ΙΙ
577 2902 620 2933 15
647 2901 696 2934 aot
721 2911 850 2935 vssc‘rvs
876 2910 903 2934 s.
929 2910 961 2934 v.
989 2910 1072 2933 cum
1098 2900 1297 2935 ueheretur
1325 2899 1359 2933 T
1387 2900 1399 2945 ΙΙ
1438 2903 1480 2934 19
1507 2910 1574 2934 sua
1598 2899 1638 2934 F
1659 2901 1672 2945 Η
1708 2902 1752 2933 21
1779 2899 1886 2945 dicit]
1913 2899 2010 2935 sicut

305 2947 457 2980 econtra
481 2945 609 2981 aeolus
635 2946 682 2980 ad
702 2946 877 2982 iunonem
896 2947 952 2981 ait
979 2946 1008 2991 (1
1030 2948 1090 2992 76)
1119 2947 1218 2982 ‘tuus
1240 2958 1261 2982 0
1280 2946 1411 2992 regina
1436 2946 1525 2991 quid
1545 2947 1651 2991 optes
1670 2946 1862 2992 explorare
1885 2946 2005 2982 labor'

304 2993 389 3028 add.
416 2992 456 3027 D
474 2994 486 3039 ΙΙ
511 2996 556 3027 24
581 2994 631 3029 ad
656 3005 832 3029 rvnmiur
856 3005 884 3030 s.
910 3005 942 3029 v.
968 3004 1008 3027 111
1033 3005 1174 3029 morem
1199 2993 1367 3029 fulminis
1394 2994 1524 3039 dirigit
1547 2993 1626 3029 tela
1654 2994 1686 3028 Τ
1702 2995 1714 3039 ΙΙ
1739 2997 1784 3028 26
1810 2993 1910 3038 quod
1936 2993 1977 3028 F
1997 2993 2010 3041 ΙΙ

305 3044 349 3075 27
371 3041 420 3075 aa
438 3052 573 3080 IAMQVE
594 3055 625 3075 F.
645 3052 670 3076 s.
687 3052 718 3075 v.
740 3040 834 3076 dicit
852 3051 966 3086 quare
987 3041 1176 3077 subueniri
1189 3042 1268 3087 (sic)
1283 3041 1377 3076 uelit
1395 3042 1544 3076 turnum
1563 3041 1621 3087 ΤΙΙ
1647 3044 1691 3076 28
1710 3042 1760 3076 ad
1778 3053 1911 3076 uvssxr
1927 3052 1954 3077 s.
1975 3052 2008 3076 v.

305 3086 455 3122 dubitat
483 3088 688 3124 cunctatur.
727 3089 872 3124 ueteres
904 3090 1030 3124 autem
1055 3092 1198 3124 mussat
1222 3100 1290 3134 pro
1314 3086 1425 3123 timet
1450 3087 1623 3123 dicebant
1648 3088 1777 3123 ennius
1802 3099 1870 3133 pro
1896 3089 2007 3124 tacet.

304 3135 369 3170 sed
395 3146 563 3170 mussare
582 3146 605 3169 a
623 3136 754 3180 peritis
777 3134 869 3171 uiris
895 3135 1032 3171 dicitur
1057 3147 1101 3171 ex
1126 3147 1237 3182 greco
1263 3135 1390 3171 uenire
1417 3137 1455 3171 et
1478 3135 1627 3181 proprie
1654 3135 1862 3180 significare
1882 3136 2008 3171 oculos

305 3182 549 3227 comprimere
576 3183 676 3227 quod
701 3184 829 3228 graeci
852 3195 952 3218 men
977 3183 1106 3219 dicunt
1135 3184 1194 3230 ΤΙΙ
1213 3188 1256 3219 29
1283 3184 1424 3219 mossat
1449 3183 1488 3218 F
1503 3184 1516 3230 ΙΙ
1546 3194 1692 3218 musare
1719 3183 1759 3218 F
1780 3184 1792 3230 ΙΙ
1823 3187 1866 3218 31
1893 3184 2008 3228 μῦσαι

304 3230 458 3265 Daniel:
485 3240 611 3275 myrae
639 3230 678 3265 F
