2124 3600
275 1045 318 1076 10

273 1403 314 1434 15

270 1761 315 1792 20

269 2119 314 2150 25

350 282 435 325 146
1123 283 1282 319 SERVII

467 392 565 434 245.
614 404 710 435 noc
750 404 904 435 PATER
941 404 1167 435 Ancmsns
1207 404 1331 434 AVRo
1369 403 1572 433 LIBABAT
1611 405 1674 434 An
1707 405 1825 435 ARAS
1864 395 2058 448 pateram

349 463 581 517 signifieat.

466 536 566 578 246.
615 547 710 580 Hoc
730 548 894 579 PRIAMI
915 547 1168 579 GESTAMEN
1190 547 1312 577 ERAT
1339 535 1537 578 diadema
1563 536 1680 578 dicit:
1715 551 1815 578 nam
1842 539 2058 592 sceptrum

347 606 476 661 paulo
508 609 610 662 post
642 608 835 651 dicturus
871 610 948 650 est.

465 678 562 721 247.
613 690 857 730 SACERQVE
889 690 1054 722 TIARAS
1094 679 1272 734 pilleum
1303 678 1542 734 Phrygium
1580 678 1693 721 dicit.
1757 682 1800 721 et
1838 680 2058 723 sciendum

347 747 438 791 ‘hic
478 749 635 793 tiaras'
680 766 757 806 per
800 751 1121 806 usurpationem
1168 750 1348 806 dictum,
1391 765 1493 792 nam
1539 749 1666 792 ‘haee
1706 750 1840 793 tiara'
1886 751 2057 794 dieitur:

345 821 498 864 melius
526 835 629 878 ergo
654 822 871 865 Iuvenalis
892 821 1121 877 <V1516>
1149 824 1198 864 et
1221 821 1452 878 Phrygia
1477 821 1704 864 vestitur
1729 822 1884 865 bucca
1908 823 2056 866 tiara.

464 893 562 935 250.
613 905 799 936 OBTVTV
833 906 986 936 TENET
1020 906 1111 937 ORA
1153 894 1258 936 ordo
1296 895 1382 936 est:
1426 893 1608 935 Latinus
1648 893 1785 936 defixa
1822 896 1943 937 tenet
1980 909 2056 938 ora

345 966 388 1005 et
420 959 593 1020 obtutu,
625 965 669 1006 id
702 967 768 1007 est
798 965 961 1008 intuitu
993 966 1084 1008 solo
1115 965 1266 1008 haeret
1296 965 1534 1008 inmobilis.

463 1035 561 1079 251.
611 1047 843 1079 ῙΝΤΕΝΤοε
876 1048 1090 1079 vonvnns
1123 1047 1307 1080 ocvnos
1340 1035 1576 1092 cogitantis
1610 1038 1676 1078 est
1708 1039 1874 1092 gestus:
1911 1038 1973 1080 sic
2005 1038 2056 1080 de

344 1106 517 1150 Boccho
546 1107 778 1150 Sallustius
809 1108 953 1150 vultu
987 1111 1037 1150 et
1068 1108 1234 1150 oculis
1266 1107 1466 1163 pariter
1497 1109 1649 1163 atque
1682 1108 1849 1151 animo
1882 1109 2056 1152 variis.

462 1179 561 1221 252.
610 1190 772 1222 REGEM
813 1191 951 1223 Plo‘rA
990 1191 1149 1222 MOVET
1192 1179 1364 1235 Quippe
1387 1192 1547 1234 regem.
1608 1181 1652 1221 et
1688 1179 1770 1221 hoc
1808 1182 1875 1223 est
1912 1179 2056 1223 ‘labor

343 1249 564 1293 Iliadum'.

462 1323 561 1365 256.
610 1334 852 1366 PORTENDI
876 1337 1005 1377 porro
1038 1323 1165 1375 tendi,
1200 1322 1410 1378 praedici,
1441 1322 1686 1378 significari.

461 1394 560 1437 257.
609 1406 805 1437 PARIBVS
837 1405 1064 1437 AVSPICIIS
1102 1394 1197 1450 pari
1230 1395 1461 1449 potestate.
1517 1397 1561 1436 et
1590 1395 1775 1436 tractum
1808 1396 1874 1436 est
1905 1409 1956 1436 ex
1987 1409 2054 1437 eo-

342 1465 495 1521 mitiis,
527 1468 576 1507 ut
607 1466 794 1508 diximus
826 1481 957 1522 supra
988 1465 1081 1521 <IV
1117 1465 1242 1520 102).

461 1537 560 1580 259.
609 1550 660 1580 m
690 1549 873 1581 nos'rRA
905 1549 1102 1580 INCEPTA
1135 1548 1415 1580 SECVNDENT
1460 1538 1639 1592 antiquo
1679 1552 1797 1579 more
1834 1537 2054 1580 locuturus

341 1608 393 1651 de
424 1608 610 1663 publicis
637 1609 784 1664 rebus,
816 1608 860 1650 id
886 1611 952 1651 est
979 1608 1029 1650 de
1056 1623 1162 1664 paee
1189 1611 1232 1650 et
1256 1609 1419 1664 nuptiis
1451 1608 1583 1663 filiae,
1615 1608 1721 1651 facit
1747 1610 1846 1650 ante
1876 1609 2053 1651 deorum

341 1680 814 1735 commemorationem,
846 1680 958 1723 sieut
984 1681 1117 1722 etiam
1149 1680 1195 1723 in
1222 1672 1421 1723 omnibus
1447 1679 1625 1723 Catonis
1652 1680 1920 1723 orationibus
1947 1681 2053 1736 legi-

342 1767 450 1794 mus.
498 1751 601 1794 hine
629 1754 695 1794 est
725 1751 771 1793 in
797 1751 1065 1794 divinatione
1091 1751 1299 1794 Ciceronis
1324 1752 1424 1807 <13,
1443 1751 1530 1806 43>
1564 1752 1609 1794 si
1641 1752 1758 1807 quid
1792 1766 1849 1793 ex
1881 1751 2054 1807 aliqua

340 1826 514 1865 vetere
552 1822 790 1866 oratione
822 1822 995 1865 Iovem
1033 1837 1126 1879 ego
1170 1823 1415 1878 optimum
1449 1823 1734 1866 maximum.
1794 1824 1888 1878 ipse
1920 1823 2051 1866 etiam

341 1894 564 1951 Vergilius
597 1893 688 1950 <XI
708 1893 824 1948 301>
857 1894 1126 1950 praefatus
1159 1894 1305 1937 divos
1338 1894 1472 1937 solio
1505 1909 1591 1936 rex
1623 1894 1748 1937 infit
1779 1894 1839 1937 ab
1873 1895 1992 1937 alto.

459 1967 559 2010 260.
609 1977 853 2009 AVGVRIVM
897 1969 1075 2022 propter
1118 1980 1167 2008 ea
1210 1981 1318 2022 quae
1360 1966 1476 2008 dicta
1517 1968 1618 2017 sunt
1658 1981 1800 2022 supra.
1921 1977 2050 2017 QVOD

341 2049 487 2080 OPTAS
521 2038 565 2080 id
599 2040 666 2080 est
695 2052 791 2093 an.
1951 2081 1955 2084 ,

460 2109 559 2153 261.
609 2120 702 2152 NEC
746 2120 924 2152 SPERNO
970 2110 1072 2165 quia
1115 2109 1283 2151 dixerat
1323 2108 1544 2152 ‘fortunae
1585 2123 1719 2164 parva
1755 2108 1945 2163 prioris'.
2007 2112 2051 2151 et

341 2183 408 2223 est
437 2181 604 2236 litotes,
634 2181 679 2223 id
711 2182 778 2223 est
808 2181 998 2223 libenter
1029 2180 1205 2236 accipio.

438 2325 477 2356 11
509 2320 723 2368 Sallustius]
751 2321 830 2367 Iug.
853 2325 933 2367 113,
947 2325 968 2356 3
988 2322 999 2368 ΙΙ
1022 2325 1063 2356 19
1091 2321 1188 2356 sieut
1207 2349 1214 2356 .
1231 2348 1238 2356 .
1256 2349 1263 2356 .
1284 2320 1462 2367 legimus]
1489 2320 1533 2356 ef.
1555 2320 1688 2355 on-dan
1714 2319 1855 2365 proleg.
1876 2332 1911 2365 p.
1931 2319 2047 2356 XCVI
2088 2351 2090 2353 .

438 2456 455 2487 1
488 2453 595 2497 pater
628 2452 884 2497 consignificat
908 2452 944 2487 R
982 2453 994 2499 ΙΙ
1030 2455 1053 2486 4
1083 2452 1195 2497 paulo
1227 2453 1313 2497 post
1346 2462 1412 2487 om.
1439 2451 1527 2486 LH
1532 2451 1581 2486 M
1610 2452 1723 2496 (supr.
1750 2461 1838 2487 vers.
1865 2451 1948 2487 add.
1976 2452 2003 2497 l)
2034 2451 2047 2499 Η

340 2504 361 2535 5
388 2501 426 2535 et
451 2499 643 2535 sciendum
669 2527 677 2535 .
699 2528 707 2535 .
730 2527 736 2534 .
764 2499 906 2535 dictum
931 2511 997 2535 om.
1025 2500 1059 2534 A
1079 2501 1091 2546 ΙΙ
1118 2504 1137 2535 7
1163 2499 1274 2545 frigie
1300 2499 1340 2534 F
1356 2501 1368 2546 ΙΙ
1385 2499 1505 2534 bueea
1530 2498 1620 2534 RH
1633 2500 1645 2546 Η
1672 2504 1692 2535 8
1719 2511 1857 2534 οΡτνΤν
1882 2498 1918 2533 L
1936 2500 1949 2544 ΙΙ
1967 2499 2046 2534 oria

339 2547 376 2583 R
393 2547 406 2592 ΙΙ
431 2550 452 2582 9
479 2546 614 2592 Optutu
638 2547 725 2582 LH
729 2548 779 2582 M
794 2549 807 2594 ΙΙ
829 2547 967 2583 intuito
993 2547 1028 2582 L
1051 2548 1064 2593 ΙΙ
1091 2551 1133 2582 11
1161 2546 1326 2593 Boccho]
1353 2545 1451 2593 hocs]
1472 2546 1509 2581 A
1546 2547 1616 2582 hoe
1642 2546 1727 2582 RF
1760 2546 1875 2582 bocco
1901 2545 1938 2580 L
1974 2545 2045 2582 hoc

339 2596 412 2629 hoc
431 2594 472 2629 Η
508 2595 629 2630 booho
651 2595 708 2630 M.
734 2594 758 2632 i.
781 2606 811 2631 e.
838 2606 925 2641 rege
951 2595 1113 2630 afrorum
1139 2605 1317 2640 superscr.
1338 2595 1362 2638 l,
1387 2593 1602 2629 Maurorum
1627 2605 1714 2639 rege
1740 2593 2046 2630 add.Masvicius

340 2643 350 2688 Η
377 2641 552 2677 salustius
578 2642 739 2678 ASLH
747 2643 797 2677 M
802 2642 842 2677 F
858 2644 870 2688 ΙΙ
889 2642 1018 2688 atque]
1046 2653 1111 2679 om.
1137 2641 1173 2676 L
1200 2643 1313 2687 (supr.
1339 2652 1427 2677 vers.
1455 2642 1539 2678 add.
1566 2643 1591 2687 l)
1631 2643 1744 2687 atque
1769 2643 1812 2676 ut
1837 2641 1888 2675 M
1902 2640 1916 2686 ΙΙ
1934 2652 2044 2676 uarus

340 2689 377 2725 R
413 2689 537 2724 varius
563 2690 650 2725 libri
675 2689 898 2726 Sallustiani
933 2691 945 2736 ΙΙ
984 2694 1026 2725 12
1056 2701 1215 2726 ΡνΒΡνΒΑ
1240 2702 1358 2725 naemu
1384 2690 1440 2724 Al
1475 2689 1487 2734 ΙΙ
1525 2690 1663 2735 quippe
1688 2688 1832 2735 regem]
1858 2687 1944 2724 ideo
1969 2699 2044 2724 non

340 2736 517 2772 mouebat
541 2748 705 2782 purpura
730 2737 888 2773 latinum
914 2736 1003 2782 quia
1027 2748 1090 2773 rex
1116 2739 1196 2773 erat
1220 2736 1408 2772 ASMFz
1432 2738 1444 2782 ΙΙ
1469 2738 1507 2772 et
1533 2765 1541 2773 .
1563 2765 1570 2771 .
1593 2764 1601 2772 .
1628 2735 1803 2782 Iliadum]
1831 2736 1871 2771 et
1894 2735 1935 2770 in
1959 2746 2043 2780 pur-

339 2795 434 2829 pura
458 2785 516 2819 est
539 2783 695 2820 iliadum
722 2784 902 2830 (aliadum
921 2784 977 2828 F)
1001 2784 1108 2820 labor
1126 2784 1199 2820 AS
1206 2784 1247 2819 F
1261 2786 1274 2830 ΙΙ
1295 2787 1338 2820 15
1360 2796 1516 2819 Avsmms
1536 2784 1572 2819 A
1591 2785 1603 2830 ΙΙ
1624 2788 1667 2819 16
1694 2783 1820 2829 supra]
1847 2782 1886 2817 in
1910 2784 2043 2827 quarto

339 2830 467 2867 ASF.
495 2831 728 2876 (Servianum
753 2833 803 2868 ad
827 2831 878 2866 IV
906 2835 972 2867 102
998 2832 1170 2867 scholium
1195 2833 1237 2867 iri
1261 2843 1373 2878 mary.
1401 2832 1518 2867 adscr.
1545 2834 1582 2876 a)
1619 2833 1632 2877 ss
1670 2835 1713 2866 17
1746 2829 1901 2876 antiquo
1925 2830 2043 2875 more]

340 2879 541 2915 secundum
568 2879 729 2924 priscam
762 2878 1064 2914 consuetudinem
1091 2879 1214 2914 ASF
1241 2881 1252 2926 ΙΙ
1289 2880 1478 2915 locuturus
1503 2878 1573 2914 Fa
1610 2879 1831 2923 loquuturus
1856 2877 1910 2913 R:
1942 2878 2043 2913 loeu-

339 2928 444 2962 turus
470 2927 528 2961 est
550 2926 624 2962 AS
631 2927 718 2962 LH
723 2928 772 2962 M
788 2928 800 2974 n
821 2930 864 2962 18
890 2926 937 2961 de
961 2926 1121 2971 publicis
1146 2927 1273 2973 rebus]
1301 2928 1346 2962 de
1370 2926 1524 2972 publica
1547 2926 1711 2961 utilitate
1731 2924 1868 2960 ASFl
1885 2926 1898 2971 ΙΙ
1916 2924 2042 2971 rebus]

340 2974 382 3010 R.
408 2973 505 3008 HM
519 2974 532 3019 ΙΙ
557 2974 602 3008 de
627 2986 719 3019 pace
745 2974 817 3009 AS
825 2975 853 3009 l:
879 2984 972 3019 pace
996 2973 1176 3008 RLMF
1210 2985 1343 3018 pascae
1369 2974 1414 3008 H
1435 2975 1448 3019 ΙΙ
1471 2973 1611 3018 nuptiis
1636 2972 1751 3019 filiae]
1776 2971 1877 3008 filiae
1901 2971 2043 3016 nuptiis

339 3020 412 3057 AS
448 3021 494 3056 de
519 3020 631 3065 regiis
655 3022 794 3067 nuptiis
815 3021 856 3057 F
870 3022 883 3067 ΙΙ
904 3024 947 3056 19
967 3020 1076 3056 sicuti
1095 3021 1168 3055 AS
1187 3022 1198 3066 ΙΙ
1218 3021 1330 3056 etiam
1350 3032 1415 3056 om.
1431 3020 1505 3055 AS
1513 3020 1554 3055 F
1569 3021 1581 3066 ΙΙ
1601 3019 1771 3056 omnibus
1791 3018 1941 3054 om.AS
1949 3019 1999 3053 M
2005 3017 2046 3053 F

338 3069 350 3116 ΙΙ
377 3067 606 3104 orationibus
631 3068 672 3103 F
689 3073 721 3104 et
743 3069 776 3104 V
791 3069 1021 3110 Burmaymi:
1046 3067 1312 3103 traditionibus
1338 3068 1478 3113 reliqui.
1506 3068 1551 3111 cf.
1572 3067 1670 3103 Serv.
1697 3067 1747 3102 ad
1770 3066 1862 3102 Aen.
1888 3066 1940 3100 XI
1960 3069 2042 3110 301,

339 3117 405 3151 ubi
429 3127 556 3152 omnes
582 3115 768 3152 orationes
794 3117 882 3152 libri
898 3117 911 3162 ΙΙ
930 3119 976 3151 20
999 3114 1061 3150 hie
1080 3115 1116 3149 A
1143 3114 1245 3158 (hino
1271 3116 1307 3160 a)
1327 3116 1339 3159 ΙΙ
1359 3117 1416 3150 est
1440 3125 1505 3150 om.
1526 3114 1600 3149 AS
1624 3116 1737 3158 (supr.
1757 3124 1847 3148 vers.
1868 3114 1951 3149 add.
1973 3113 2011 3157 a)

339 3167 382 3198 21
409 3163 530 3199 ueteri
547 3162 583 3198 R
601 3164 614 3208 11
632 3163 776 3198 ratione
795 3163 885 3199 RH
889 3164 939 3198 M
954 3164 966 3210 ΙΙ
986 3173 1073 3208 ergo
1094 3161 1134 3197 F
1148 3163 1161 3207 ΙΙ
1179 3165 1224 3196 22
1244 3161 1451 3208 Vergilius]
1476 3163 1563 3206 post
1588 3162 1672 3196 add.
1689 3160 1726 3195 R
1751 3160 1843 3196 alibi
1866 3161 1951 3196 add.
1973 3159 2014 3195 F

339 3210 528 3256 praefatos
553 3210 642 3246 RH
656 3212 668 3258 ΙΙ
687 3210 799 3247 deuos
823 3211 870 3246 H
882 3213 895 3257 ΙΙ
913 3214 958 3246 23
985 3222 1030 3246 ea
1054 3220 1120 3246 om.
1146 3209 1235 3244 RH
1241 3209 1290 3244 M
1294 3208 1335 3244 F
1349 3210 1362 3254 ss
1386 3212 1431 3244 25
1457 3207 1606 3254 prioris]
1632 3219 1785 3244 munera
1810 3209 1895 3244 add.
1921 3206 2007 3243 RF

339 3259 378 3292 et
402 3259 460 3293 est
484 3269 551 3294 om.
577 3258 612 3292 L
637 3260 750 3304 (supr.
777 3269 865 3294 vers.
892 3259 975 3294 adel.
1004 3259 1030 3303 l)
1055 3259 1067 3303 ΙΙ
1098 3261 1143 3292 26
1169 3257 1288 3301 figura
1311 3256 1439 3292 litotes
1466 3255 1602 3292 ASFl
