2092 3614
215 1022 257 1053 10

214 1380 257 1412 15

212 1739 257 1769 20

213 2096 258 2127 25

283 258 372 301 510
1057 260 1218 297 SERVII

285 384 379 411 cum
411 368 678 424 praepositio
709 369 1021 425 praepositioni
1051 385 1284 426 numquam
1311 371 1551 426 cohaereat,
1583 370 1803 427 ‘abusque'
1831 373 1874 414 et
1899 371 1986 413 ‘ad-

285 440 432 496 usque’
465 440 645 483 licenter
676 441 912 484 admissum
944 443 1021 485 est.

404 512 502 555 263.
552 524 739 555 EXVLAT
776 513 968 569 proprie:
1006 528 1106 556 nam
1145 513 1318 556 exulare
1357 513 1558 556 dicuntur
1590 514 1662 570 qui
1695 516 1817 557 extra
1847 514 1987 557 solum

285 586 395 627 eunt.
448 598 550 626 sane
583 584 805 626 sciendum
836 585 938 640 quia
970 600 1054 641 quo
1085 587 1279 640 tempore
1313 584 1535 628 Menelaus
1566 585 1618 627 iit
1649 585 1703 629 ad
1728 585 1988 643 Aegyptum,

284 655 469 711 perdidit
494 654 719 698 Canobum
744 656 1090 712 gubernatorem,
1122 672 1147 699 a
1173 671 1257 712 quo
1284 656 1426 699 vicina
1452 657 1604 700 civitas
1630 672 1789 701 nomen
1813 657 1988 713 accepit,

284 741 392 781 quae
423 727 634 783 hodieque
666 729 835 770 mutata
866 728 1016 770 littera
1041 727 1242 784 Canopos
1274 728 1532 771 nominatur,
1649 746 1756 772 vmtr
1782 729 1886 771 mire
1915 729 1987 771 ad-

283 799 404 853 didit,
447 802 494 841 ut
536 798 630 854 <111
667 799 783 854 431>
826 814 971 854 quam
1012 800 1157 843 semel
1198 800 1457 853 informem
1499 804 1636 843 vasto
1679 801 1861 844 vidisse
1902 800 1988 842 sub

283 873 428 912 antro
459 869 690 925 Scyllam.
812 882 1044 914 OYCLOPAS
1072 870 1259 914 Graecae
1291 871 1589 914 declinationis
1617 871 1885 915 accusativus
1912 873 1988 912 est.

283 942 395 984 unde
421 941 631 985 Graecum
662 942 843 985 habebit
874 945 1116 985 accentum:
1146 958 1248 985 nam
1280 942 1417 986 latine
1443 942 1673 999 ‘cyclopes'
1700 942 1879 997 diceret3
1913 941 1985 984 sed

285 1013 345 1056 sic
376 1028 523 1056 versus
556 1016 672 1056 stare
703 1029 793 1056 non
823 1017 1006 1070 poterat.

401 1085 500 1128 264.
550 1096 711 1128 REGNA
742 1097 1047 1129 NEoP'rOLEMI
1078 1097 1302 1128 REFERAM
1334 1086 1538 1128 subaudis
1572 1085 1766 1142 ‘eversa’,
1797 1085 1912 1142 quod
1937 1100 1988 1128 ex

282 1156 593 1211 posterioribus
624 1157 906 1213 intellegitur.
955 1157 1125 1213 Pyrrho
1155 1159 1300 1200 autem
1327 1157 1430 1213 quid
1456 1157 1687 1213 contigerit
1713 1157 1988 1199 manifestum

283 1230 366 1270 est:
398 1243 512 1285 nam,
545 1231 594 1270 ut
626 1229 671 1271 in
695 1229 826 1272 tertio
852 1229 1050 1285 legimus,
1082 1243 1179 1271 cum
1212 1229 1342 1271 vellet
1367 1229 1519 1271 ducere
1539 1227 1816 1285 Hermionen,
1847 1227 1989 1271 Oresti

286 1301 386 1342 ante
418 1300 738 1356 desponsatam,
770 1301 824 1343 ab
858 1315 907 1344 eo
940 1303 1007 1343 est
1038 1301 1150 1343 inter
1176 1315 1273 1343 aras
1300 1300 1518 1356 Apollinis
1544 1301 1846 1355 interemptus:
1878 1299 1988 1342 unde

284 1371 594 1428 est<111331>
615 1372 865 1415 scelerum
898 1372 1051 1414 furiis
1084 1372 1318 1428 agitatus
1345 1371 1555 1414 Orestes
1589 1372 1784 1426 excipit
1814 1371 1988 1413 incau-

283 1445 388 1485 tum
438 1444 739 1500 patriasque
785 1444 1065 1487 obtruncat
1106 1444 1166 1486 ad
1210 1458 1338 1486 aras.
1468 1455 1735 1494 VERSOSQVE
1780 1453 1988 1485 PENATES

283 1526 517 1557 1DOMENE1
547 1514 802 1558 Idomeneus
834 1530 908 1557 rex
934 1513 1204 1557 Cretensium
1235 1514 1336 1556 fuit:
1369 1515 1439 1570 qui
1466 1530 1563 1557 cum
1587 1516 1845 1570 tempestate
1870 1513 1988 1557 labo-

284 1588 419 1641 raret,
464 1586 583 1629 vovit
627 1601 671 1629 se
710 1586 1050 1629 sacrificaturum
1089 1587 1280 1641 Neptuno
1318 1586 1369 1629 de
1407 1601 1457 1628 ea
1494 1601 1540 1628 re
1578 1601 1686 1642 quae
1724 1586 1763 1628 ei
1799 1586 1988 1641 primum

284 1657 552 1700 occurrisset.
597 1672 699 1700 casu
733 1658 771 1700 ei
797 1658 960 1713 primus
988 1658 1101 1700 filius
1128 1657 1329 1700 occurrit:
1363 1673 1490 1713 quem
1516 1672 1625 1713 cum,
1657 1660 1706 1699 ut
1732 1657 1805 1700 alii
1830 1657 1990 1712 dicunt,

283 1729 564 1785 immolasset,
595 1731 644 1770 ut
670 1729 758 1785 alii,
789 1730 1015 1772 immolare
1041 1729 1182 1784 vellet,
1209 1729 1263 1771 ob
1290 1729 1587 1771 crudelitatem
1612 1741 1747 1784 regno
1774 1743 1799 1770 a
1824 1728 1989 1771 civibus

283 1801 433 1856 pulsus
466 1803 549 1843 est:
583 1800 695 1843 unde
727 1803 795 1842 est
827 1800 921 1856 <111
955 1801 1067 1855 121>
1100 1800 1235 1843 fama
1267 1800 1412 1843 volat
1443 1801 1645 1856 pulsum
1676 1799 1851 1856 regnis
1884 1814 1989 1842 ces·
2034 1808 2039 1814 ”

284 1871 414 1914 sisse
457 1872 694 1926 paternis
732 1871 1006 1915 Idomenea
1049 1872 1235 1914 ducem.
1299 1872 1375 1914 alii
1418 1871 1565 1914 dicunt
1605 1871 1718 1927 quod
1756 1871 1988 1914 abscedens

283 1942 453 1985 cuidam
485 1959 609 1986 suum
642 1944 1018 1987 commendaverat
1049 1957 1240 2000 regnum,
1272 1943 1346 1999 qui
1376 1958 1454 1999 per
1480 1943 1570 1985 eius
1598 1943 1840 1985 absentiam
1866 1957 1988 1986 occu-

284 2014 405 2070 pavit
449 2014 677 2070 imperium
722 2017 765 2057 et
806 2030 1025 2058 reversum
1068 2015 1248 2071 pepulit.
1311 2028 1414 2071 ergo
1459 2014 1625 2057 ‘versos
1669 2013 1868 2070 penates'
1914 2017 1989 2056 aut

286 2101 456 2129 eversos
496 2089 539 2129 et
575 2086 771 2130 funditus
811 2087 977 2130 dirutos
1016 2087 1328 2142 accipiendum:
1370 2087 1445 2139 aut
1484 2088 1598 2128 certe
1635 2086 1681 2128 in
1719 2086 1859 2129 aliena
1895 2086 1989 2129 iura

283 2172 523 2201 conversos.
1322 2158 1329 2164 “
1980 2201 1986 2206 .

404 2229 502 2272 265.
553 2241 788 2273 mercem:
814 2241 1108 2272 HABITANTES
1135 2241 1310 2272 mronn
1337 2240 1517 2271 Locssos
1549 2231 1598 2270 ut
1629 2229 1761 2270 etiam
1788 2229 1832 2271 in
1857 2229 1987 2272 tertio

284 2300 429 2355 (399)
450 2301 648 2354 diximus,
671 2301 805 2357 Locri,
826 2301 931 2343 socii
952 2301 1101 2343 Aiacis
1119 2300 1242 2355 Oilei,
1261 2300 1435 2342 fuerunt
1454 2299 1735 2355 Epizephyrii
1756 2302 1799 2341 et
1813 2299 1989 2354 Ozolae3

285 2372 358 2414 sed
393 2372 438 2414 hi
475 2374 734 2428 tempestate
772 2372 899 2415 divisi
939 2374 1039 2414 sunt
1077 2372 1200 2426 adeo,
1238 2373 1287 2413 ut
1318 2370 1598 2425 Epizephyrii
1636 2372 1831 2412 tenerent
1862 2369 1988 2413 Brut-

380 2528 401 2559 3
428 2525 578 2560 exulare
605 2553 613 2560 .
636 2553 643 2559 .
666 2554 672 2561 .
699 2525 803 2571 eunt]
832 2535 946 2560 exscr.
973 2523 1058 2559 Isid.
1085 2535 1137 2559 or.
1157 2524 1191 2558 X
1208 2512 1255 2559 84
1274 2525 1286 2569 ΙΙ
1317 2527 1359 2559 17
1387 2523 1606 2558 Idomeneus
1632 2533 1662 2559 e.
1684 2535 1719 2568 q.
1741 2522 1786 2569 s.]
1814 2523 1860 2558 cf.
1887 2523 1988 2559 Serv.

285 2572 334 2607 ad
359 2571 450 2608 Aen.
476 2572 529 2607 ΙΙΙ
555 2575 620 2607 121

383 2719 400 2750 1
428 2715 605 2751 cohaeret
629 2714 724 2749 ΒΜ
739 2715 751 2761 ΙΙ
771 2717 791 2749 3
817 2726 941 2749 nxvus
966 2713 1002 2748 R
1021 2715 1033 2760 ΙΙ
1052 2717 1074 2747 4
1101 2714 1204 2760 eunt]
1231 2714 1318 2750 sunt
1337 2713 1409 2749 AS
1425 2715 1438 2760 ss
1458 2714 1546 2758 quia
1571 2724 1637 2749 om.
1653 2713 1694 2748 F
1708 2714 1720 2759 ΙΙ
1738 2712 1798 2758 iit]
1825 2723 1891 2749 om.
1906 2712 1988 2756 AS,

285 2763 327 2797 ut
351 2763 391 2797 F
407 2764 418 2809 ΙΙ
448 2767 468 2798 6
494 2762 605 2798 hodie
631 2762 671 2797 F
687 2763 699 2808 ΙΙ
718 2761 856 2797 canobs
883 2761 921 2795 F
938 2762 949 2807 ΙΙ
982 2765 1001 2796 ’1
1028 2760 1181 2808 vidisse]
1207 2761 1349 2796 llidisse
1375 2761 1416 2796 F
1431 2763 1443 2808 ΙΙ
1471 2765 1492 2796 9
1518 2760 1605 2796 inde
1630 2761 1671 2796 F
1685 2762 1699 2806 fl
1723 2760 1880 2795 dicimus
1905 2760 1989 2804 AS,

286 2810 350 2845 sed
376 2811 574 2845 omittentes
601 2811 613 2855 ss
648 2813 688 2844 12
715 2808 966 2855 superioribus
991 2808 1027 2843 A
1056 2808 1339 2854 (posterioribus
1366 2811 1404 2855 a)
1428 2810 1440 2854 ΙΙ
1473 2813 1516 2844 13
1544 2808 1734 2844 ermionen
1758 2807 1795 2842 R
1831 2807 1989 2843 hermio-

284 2869 369 2892 nem
383 2857 458 2893 As
465 2857 505 2891 F
532 2856 734 2892 ermionem
748 2856 803 2892 M.
842 2855 1004 2891 Menelai
1029 2856 1068 2891 et
1088 2857 1251 2892 Helenae
1277 2857 1395 2892 filiam
1420 2857 1502 2892 add.
1520 2856 1721 2891 Fabricius
1738 2856 1751 2901 ΙΙ
1772 2858 1815 2889 14
1834 2854 1989 2899 despon-

286 2906 407 2941 satam
434 2905 552 2940 Mas:
587 2903 798 2950 depositam
824 2903 898 2939 As
933 2902 1154 2948 dispositam
1179 2904 1216 2939 R
1254 2904 1470 2949 disponsam
1495 2904 1535 2938 F
1562 2905 1574 2948 ΙΙ
1603 2903 1642 2938 in
1668 2913 1750 2938 aras
1775 2901 1848 2937 As
1878 2901 1991 2946 (inter

286 2963 369 2987 aras
395 2953 431 2998 a)
450 2953 463 2997 ΙΙ
496 2955 539 2987 18
564 2951 686 2987 uoluit
710 2951 751 2986 F
772 2953 784 2998 ΙΙ
811 2950 932 2997 primo
957 2951 1007 2985 M
1026 2952 1038 2998 ΙΙ
1071 2956 1114 2986 19
1142 2951 1379 2998 occurrisset]
1406 2951 1438 2986 si
1462 2961 1630 2986 reuersus
1655 2948 1787 2985 fuisset
1813 2948 1878 2984 sed
1903 2949 1987 2985 add.

286 2999 487 3035 Fabricius
504 3000 517 3044 ss
536 3010 624 3034 casu
649 2998 684 3035 ei
710 3010 793 3035 eum
818 2999 958 3045 primus
983 2998 1081 3033 filius
1107 2999 1325 3035 occurrisset
1343 2999 1439 3034 ΕΜ
1455 3000 1467 3045 ΙΙ
1485 2997 1646 3043 primum
1666 2996 1707 3032 F
1721 2998 1733 3043 ΙΙ
1752 2996 1877 3041 quem]
1905 3007 1990 3032 mox

284 3047 366 3083 Iovi
396 3048 481 3083 add.
508 3046 609 3082 Lion
638 3048 649 3093 ΙΙ
680 3049 722 3082 ut
747 3057 813 3082 om.
840 3046 916 3082 AS
944 3047 956 3091 ΙΙ
994 3050 1038 3080 20
1064 3046 1252 3082 immolari
1278 3046 1318 3081 F
1339 3047 1351 3093 ΙΙ
1379 3046 1560 3082 uoluisset
1586 3045 1635 3080 M
1640 3044 1680 3079 F
1704 3045 1716 3090 ΙΙ
1748 3048 1792 3086 23
1820 3043 1986 3090 cuidam]

285 3095 450 3130 iauidam
475 3094 515 3129 F
530 3095 542 3141 ss
562 3094 878 3130 eommendauerit
903 3093 939 3128 R
957 3095 969 3147 [l
1000 3097 1046 3128 24
1072 3094 1110 3129 et
1134 3105 1325 3129 reuersum
1351 3093 1480 3138 populi
1504 3094 1610 3137 tergo
1637 3091 1678 3127 F
1692 3092 1704 3138 ΙΙ
1735 3094 1778 3127 25
1805 3091 1988 3136 accipien-

286 3143 374 3178 dum
400 3143 457 3178 est
474 3142 510 3176 R
529 3143 541 3188 ΙΙ
559 3141 640 3176 iura
665 3153 730 3177 om.
751 3142 788 3177 R
806 3144 818 3187 ss
837 3145 882 3177 28
908 3141 1126 3187 eplzephirii
1145 3141 1224 3176 Am
1261 3141 1423 3187 epizefiri
1441 3139 1525 3175 RF
1559 3138 1745 3184 epizeferii
1772 3139 1821 3173 M
1836 3139 1849 3184 ΙΙ
1869 3138 1989 3174 ozoloi

286 3189 359 3225 As
396 3188 514 3225 ozolei
538 3189 575 3224 R
612 3189 707 3224 ozoli
733 3190 784 3224 M
819 3189 923 3225 ozolo
950 3188 990 3223 F
1014 3189 1026 3235 ΙΙ
1056 3192 1101 3223 29
1127 3189 1181 3234 hi]
1207 3189 1244 3224 in
1271 3188 1345 3224 AS
1362 3190 1374 3235 ΙΙ
1405 3187 1515 3234 adeo]
1542 3186 1589 3222 ab
1615 3198 1658 3222 eo
1684 3186 1777 3222 adeo
1802 3186 1839 3221 R
1857 3187 1869 3232 ΙΙ
1899 3185 1987 3221 brit-

205 3254 216 3262 ·
285 3237 358 3273 tios
384 3237 556 3272 ASRM
590 3236 774 3282 obryttios
798 3236 839 3271 F
