2092 3614
263 1020 308 1051 10

265 1376 308 1408 15

265 1735 310 1767 20

329 255 417 297 264
1107 255 1269 292 SERVII

327 364 411 407 iaci
451 363 644 406 fulmina.
708 362 860 419 ‘quae’
903 367 1048 407 autem
1090 365 1252 421 qualia,
1297 367 1346 408 ut
1383 364 1473 420 <IX
1506 365 1621 420 479>
1660 366 1791 409 hunc
1835 380 1927 422 ego
1970 368 2040 422 te,

329 433 577 490 Euryale,
610 435 829 491 aspicio,
860 436 904 478 id
938 438 1003 478 est
1034 437 1180 479 talem.
1230 450 1333 493 ergo
1366 437 1448 479 hoc
1475 436 1596 480 dicit:
1626 437 1846 481 faciebant
1876 438 2039 481 fulmen

330 508 375 549 in
406 521 555 548 eorum
588 506 935 562 similitudinem,
968 521 1075 562 quae
1107 507 1302 562 Iuppiter
1332 507 1438 550 iacit
1469 509 1564 550 toto
1597 509 1735 564 caelo,
1777 509 1859 552 hoc
1892 511 1958 552 est
1989 508 2039 551 de

330 578 510 621 diversis
541 577 740 634 partibus
773 578 900 632 caeli,
932 577 1100 620 scilicet
1131 578 1328 622 sedecim.

449 650 547 692 428.
596 666 730 693 nezem
764 649 1009 703 quibusdam
1048 650 1208 692 videtur
1246 649 1455 693 humiliter
1495 651 1662 693 dictum.
1723 652 1801 694 alii
1837 651 1926 695 ‘de’
1961 666 2041 706 pro

331 721 489 765 ‘valde'
521 722 747 776 accipiunt,
777 721 883 763 siout
911 721 1086 764 dicimus
1118 720 1304 765 ‘deamo'
1329 736 1411 776 pro
1443 722 1582 765 ‘valde
1611 722 1740 766 amo’.

450 793 550 836 429.
599 804 702 836 TRIS
735 803 891 835 numus
924 804 1065 835 ron'm
1103 805 1274 837 RAmos
1313 794 1538 837 constricti
1578 796 1622 837 et
1660 794 1798 837 coacti
1835 795 1880 837 in
1918 809 2057 851 gram,

332 866 495 908 dinem:
541 863 708 907 Statius
747 864 885 907 sicco
929 878 1054 919 quos
1101 878 1250 920 asper
1287 865 1434 907 hiatu
1477 865 1805 921 praesolidat
1841 865 2043 909 Boreas.

332 940 376 980 et
408 936 629 980 sciendum
659 936 742 979 hoc
775 950 872 978 eum
904 935 1017 978 velle
1050 935 1294 992 ostendere,
1332 939 1426 980 toto
1460 952 1573 980 anno
1605 937 1691 980 iaci
1721 938 1902 981 fulmen:
1942 953 2044 980 nam

333 1024 411 1065 per
441 1009 521 1051 has
552 1007 819 1063 periphrasis
850 1008 1050 1061 tempora
1082 1007 1272 1050 ostendit
1303 1008 1405 1050 anni
1436 1009 1591 1063 totius,
1623 1023 1733 1064 quae
1766 1011 1808 1051 et
1839 1011 2045 1065 quattuor

334 1096 428 1123 esse
454 1083 497 1123 et
522 1082 670 1122 ternos
697 1093 866 1121 menses
892 1078 1053 1121 habere
1078 1078 1359 1122 manifestum
1385 1081 1470 1122 est:
1503 1080 1615 1123 unde
1643 1080 1747 1122 dicit
1772 1079 1867 1122 ‘tris
1892 1080 2045 1123 imbris

332 1153 443 1194 torti
480 1150 660 1206 radios',
701 1150 783 1192 hoc
822 1152 890 1192 est
926 1149 1167 1205 grandinis,
1207 1165 1316 1206 quae
1356 1151 1549 1194 abundat
1585 1166 1662 1207 per
1699 1151 1901 1206 hiemem3
1943 1150 2046 1194 ‘tris

332 1223 460 1266 nubis
488 1221 712 1278 aquosae',
742 1221 825 1264 hoc
858 1223 924 1264 est
955 1221 1086 1277 veris,
1119 1237 1203 1277 quo
1235 1225 1432 1278 tempore
1463 1223 1622 1265 nimiae
1648 1224 1751 1265 sunt
1778 1223 1968 1278 pluviae,
1999 1224 2047 1265 ut

334 1298 384 1337 et
415 1295 521 1336 ruit
552 1293 876 1336 imbriferum
907 1308 1012 1349 ver3
1051 1293 1195 1336 erutili
1225 1294 1307 1336 tris
1338 1294 1487 1351 ignis',
1523 1295 1606 1337 hoc
1643 1296 1710 1337 est
1747 1295 1944 1350 aestatis3
1983 1293 2048 1336 ‘et

336 1366 454 1408 alitis
493 1364 666 1421 austri',
708 1365 752 1407 id
790 1368 857 1407 est
894 1366 1110 1421 autumni,
1147 1380 1230 1422 quo
1268 1368 1495 1409 ventorum
1532 1366 1683 1408 crebra
1720 1369 1822 1409 sunt
1859 1365 2047 1408 flamina.

335 1440 378 1480 et
408 1437 644 1493 prudenter
674 1436 745 1479 his
777 1436 977 1479 omnibus
1008 1438 1209 1480 naturam
1241 1438 1444 1493 exprimit
1474 1438 1691 1494 fulminis,
1731 1437 1844 1494 quod
1874 1452 2048 1480 necesse

335 1512 401 1551 est
437 1510 487 1550 ut
524 1523 600 1563 per
636 1508 772 1550 nubes
808 1510 1014 1551 nascatur
1045 1510 1089 1550 et
1119 1510 1290 1551 ventos:
1331 1522 1432 1551 nam
1469 1509 1571 1551 alibi
1601 1510 1663 1552 ait
1693 1509 1765 1564 <II
1797 1508 1913 1565 649>
1949 1509 2049 1563 ful-

334 1580 488 1622 minis
518 1579 740 1633 adflavit
774 1580 932 1622 ventis
961 1583 1006 1622 et
1033 1581 1244 1634 contiyit
1272 1581 1389 1635 igni.
1450 1584 1488 1622 et
1517 1581 1611 1623 bene
1641 1581 1688 1622 in
1719 1581 1938 1623 materiam
1965 1580 2049 1634 ful-

334 1637 463 1694 minis
485 1651 604 1693 vertit
627 1665 676 1694 ea
690 1664 750 1693 -eoe
773 1651 919 1705 quibus
947 1651 1107 1705 fulmen
1131 1641 1336 1707 nascitur,
1366 1652 1513 1694 nubem
1539 1652 1708 1694 imbrem
1733 1655 1918 1695 ventum:
1949 1665 2050 1694 nam

335 1726 383 1766 ut
404 1723 568 1777 physici
593 1722 752 1777 volunt,
783 1735 876 1765 cum
906 1722 1030 1765 nubes
1060 1723 1189 1766 ventis
1219 1723 1466 1766 vehementer
1497 1724 1677 1777 ayitatae
1706 1727 1819 1775 sunt,
1849 1724 1909 1766 sic
1938 1724 2050 1766 inca-

337 1796 507 1850 lescunt,
547 1798 594 1837 ut
623 1794 909 1837 accendantur.
970 1807 1070 1837 sane
1104 1795 1265 1848 fulmen
1297 1794 1459 1849 triplici
1480 1796 1721 1849 praeditum
1744 1797 1941 1849 potestate
1971 1798 2050 1838 est:

336 1870 395 1910 est
422 1867 749 1918 ostentatorium‚
771 1866 1113 1920 peremptorium,
1136 1879 1402 1920 praesayum.
1452 1867 1759 1909 ostentatorium
1785 1869 1843 1909 est
1865 1881 1943 1920 quo
1976 1869 2049 1909 ter-

336 1953 408 1981 ror
444 1938 660 1990 incutitur,
696 1941 745 1980 ut
780 1936 979 1992 ‘fulyores
1014 1951 1126 1980 nunc
1162 1938 1360 1992 terrificos
1395 1938 1651 1992 sonitumque
1685 1937 1947 1992 metumque'.
2008 1942 2054 1981 at

337 2025 429 2052 oum
466 2011 565 2053 dicit
601 2009 882 2064 ‘flammisque
911 2009 1147 2063 sequacibus
1175 2008 1286 2052 iras'
1316 2010 1640 2064 peremptorium
1679 2010 1799 2053 docet.
1851 2010 2052 2064 praesaqi

267 2091 314 2124 25
341 2084 478 2124 autem
502 2082 561 2124 sic
584 2081 774 2123 meminit
792 2080 862 2136 <X
886 2080 998 2136 175>
1026 2082 1204 2124 tertius
1230 2081 1316 2124 ille
1338 2081 1588 2124 hominum
1613 2082 1871 2136 divumque
1895 2082 2051 2124 inter-

333 2166 447 2208 pres
483 2153 677 2209 Asilas,
716 2153 794 2195 cui
824 2153 1063 2207 pecudum
1097 2152 1276 2208 fibrae,
1317 2153 1445 2195 caeli
1480 2154 1561 2195 cui
1595 2154 1762 2196 sidera
1792 2156 1974 2208 parent
2009 2156 2053 2195 et

341 2226 540 2280 linquae
575 2225 830 2268 volucrum
866 2228 910 2267 et
939 2225 1179 2279 praesayi
1216 2224 1451 2277 fulminis
1487 2226 1636 2279 iynes.
1696 2238 1780 2266 non
1817 2224 1925 2267 nulli
1960 2239 2051 2266 vero

340 2294 561 2340 manubias
587 2297 782 2350 fulminis
810 2296 877 2339 his
906 2296 1163 2351 numinibus,
1193 2297 1240 2339 id
1262 2299 1321 2339 est
1337 2295 1449 2351 Iovi,
1473 2295 1648 2350 Iunoni,
1675 2295 1814 2338 Marti
1838 2298 1877 2338 et
1894 2295 2052 2338 Austro

384 2445 387 2446 ⁷
437 2465 458 2496 8
481 2460 651 2512 Statius]
673 2461 789 2498 Theb.
816 2462 833 2496 I
858 2464 926 2496 352
947 2462 959 2508 ΙΙ
989 2465 1010 2496 9
1037 2462 1075 2497 et
1100 2460 1290 2496 sciendum
1317 2487 1324 2495 .
1346 2488 1353 2496 .
1377 2490 1384 2498 .
1411 2460 1449 2495 et
1473 2460 1620 2507 ventos]
1649 2472 1762 2496 exscr.
1788 2459 1974 2506 mythogr.
2001 2460 2053 2494 111

345 2513 398 2552 10,
415 2513 435 2544 5
456 2509 469 2554 ΙΙ
490 2512 534 2543 14
559 2509 599 2543 et
623 2508 713 2553 ruit]
741 2520 866 2554 georg.
887 2509 904 2543 I
924 2513 992 2544 313
1012 2509 1024 2554 ΙΙ
1046 2512 1089 2544 18
1115 2509 1154 2544 et
1178 2510 1271 2544 bene
1299 2537 1306 2544 .
1328 2538 1335 2545 .
1358 2537 1365 2544 .
1393 2509 1435 2544 ut
1461 2508 1728 2555 accendantur]
1756 2508 1801 2545 cf.
1822 2508 1929 2545 Luct.
1950 2507 2050 2543 Plac.

345 2556 393 2591 ad
420 2556 513 2591 Stat.
540 2556 656 2590 Theb.
682 2556 733 2590 111
761 2560 826 2591 321

441 2714 459 2745 1
486 2722 554 2756 pro
580 2709 708 2755 qualia
727 2709 767 2744 F
783 2711 794 2757 ΙΙ
814 2714 834 2745 2
861 2710 1003 2746 fiabant
1023 2710 1064 2746 F
1078 2712 1091 2756 ΙΙ
1111 2714 1131 2746 5
1151 2711 1258 2746 schol.
1278 2711 1327 2746 ad
1346 2723 1465 2746 nmo-rr
1485 2722 1502 2746 e
1525 2711 1732 2747 Turonensi
1750 2711 1865 2747 edidit
1882 2711 2023 2747 Daniel
2041 2710 2052 2758 ΙΙ

343 2762 365 2793 8
391 2757 489 2793 sicco
515 2758 570 2793 F:
599 2758 718 2793 siccos
742 2757 955 2792 ASRLH
988 2758 1041 2793 sic
1067 2770 1129 2794 eos
1157 2759 1207 2793 M
1240 2760 1252 2805 ΙΙ
1287 2759 1424 2803 hasper
1449 2759 1523 2794 AS
1558 2770 1625 2804 per
1649 2759 1684 2793 L
1720 2760 1734 2804 ΙΙ
1770 2758 1878 2794 hiatu
1902 2758 2050 2794 RHF:

342 2805 470 2841 hiatus
495 2805 669 2841 ASLM
697 2806 710 2850 ΙΙ
747 2808 767 2840 9
793 2804 952 2840 fulmina
976 2805 1013 2840 R
1050 2807 1062 2851 ΙΙ
1100 2809 1142 2841 11
1169 2806 1266 2842 unde
1293 2804 1402 2852 dicit]
1429 2806 1550 2842 undeE
1575 2805 1616 2841 F
1638 2805 1749 2851 (unde
1776 2806 1833 2841 est
1857 2806 2008 2850 Daniel)

346 2857 389 2888 12
415 2852 507 2887 torti
533 2881 540 2888 .
563 2881 570 2888 .
593 2881 600 2888 .
627 2852 736 2890 nubis
761 2863 827 2888 om.
853 2852 895 2887 H
913 2853 925 2898 ΙΙ
953 2857 993 2887 12
1021 2853 1214 2889 habundat
1238 2854 1325 2889 libri
1343 2854 1355 2900 ΙΙ
1382 2858 1426 2888 14
1452 2854 1505 2900 et]
1533 2865 1631 2889 cum.
1649 2853 1831 2899 Vergilius
1848 2853 1861 2898 ΙΙ
1879 2851 1953 2887 fuit
1978 2852 2020 2888 F

343 2899 460 2935 rutuli
479 2900 648 2935 ASLH
652 2901 702 2936 M
725 2901 832 2946 (corr.
852 2901 890 2945 a)
909 2901 922 2945 ΙΙ
943 2903 985 2935 15
1011 2900 1169 2936 fulmina
1187 2900 1266 2936 RL
1302 2901 1456 2936 flumina
1480 2901 1526 2936 H
1539 2901 1551 2946 ΙΙ
1573 2903 1615 2935 18
1630 2902 1772 2935 *uentus
1797 2900 1838 2935 F
1852 2901 1865 2944 ΙΙ
1884 2903 1929 2934 20
1955 2899 2050 2935 fisici

345 2947 385 2982 F
412 2948 426 2992 11
463 2952 506 2982 21
534 2949 583 2983 ad
607 2959 639 2984 v.
666 2951 735 2983 429
761 2948 804 2984 in
827 2958 940 2993 τηαν-9.
966 2958 1046 2992 sup.
1073 2948 1277 2992 prudenter
1306 2948 1365 2983 his
1398 2947 1570 2984 omnibus
1600 2948 1773 2983 naturam
1798 2946 1965 2982 fulminis
1991 2959 2050 2983 ex-

345 2994 476 3040 primit
501 2995 601 3039 quod
626 3006 777 3031 neccsse
804 2996 861 3030 est
883 2996 1057 3031 nascatur
1081 3006 1148 3040 per
1171 2996 1288 3031 nubes
1313 2997 1352 3031 et
1375 2997 1515 3031 uentos.
1555 2996 1593 3030 et
1614 2994 1756 3040 triplici
1779 2995 1967 3039 potestate
1993 2996 2051 3030 est

344 3040 556 3087 praeditum
581 3042 732 3078 fulmen.
774 3043 831 3078 est
856 3042 955 3078 enim
979 3042 1265 3078 ostentatorium
1292 3072 1299 3079 .
1320 3071 1327 3078 .
1351 3072 1358 3079 .
1385 3042 1493 3078 findit
1521 3042 1555 3076 T
1567 3043 1581 3087 fl
1599 3046 1644 3077 22
1670 3042 1708 3077 et
1731 3052 1955 3086 praesagum
1982 3042 2016 3076 T
2037 3042 2051 3090 Η

347 3093 392 3124 23
418 3089 607 3125 horrificos
634 3089 708 3134 F-{l
739 3091 779 3125 at
804 3117 812 3125 .
834 3117 842 3125 .
864 3119 872 3126 .
899 3089 1026 3137 docet]
1051 3089 1343 3135 peremptorium
1369 3089 1480 3125 docet
1505 3101 1589 3124 cum
1615 3088 1706 3124 dicit
1729 3088 1964 3134 flammisque
1991 3100 2049 3125 se*

347 3137 527 3181 quacibus
551 3136 625 3172 iras
648 3137 681 3171 Τ
698 3139 775 3182 1124
798 3141 1075 3183 peremptorum
1094 3137 1135 3172 F
1149 3138 1162 3182 ΙΙ
1180 3148 1401 3182 praesagum
1427 3136 1480 3171 sic
1504 3136 1674 3171 meminit
1698 3135 1736 3170 in
1762 3136 1874 3172 tertio
1899 3137 1964 3172 ille
1987 3136 2021 3171 T
2037 3137 2049 3184 Η

347 3188 392 3219 25
424 3184 606 3230 interpres
633 3209 642 3219 .
662 3212 671 3220 .
693 3212 700 3219 .
727 3184 833 3231 ignes
858 3196 924 3220 om.
955 3185 989 3220 T
1013 3186 1027 3231 ΙΙ
1056 3188 1101 3220 28
1132 3184 1343 3220 nominibus
1369 3183 1463 3229 FT,
1495 3195 1586 3220 corr.
1612 3182 1752 3219 Daniel
1781 3184 1793 3228 ΙΙ
1823 3184 1863 3218 id
1896 3187 1953 3220 est
1978 3213 1985 3221 .
2008 3211 2016 3220 .
2038 3211 2046 3219 .

347 3231 565 3279 attributas]
591 3234 762 3268 asserunt
786 3232 988 3269 attributas
1012 3231 1091 3269 ioui
1114 3231 1227 3268 marti
1249 3231 1379 3268 iunoni
1405 3231 1590 3276 simulque
1616 3231 1740 3267 austro
1767 3233 1880 3267 uento
1907 3232 1941 3274 T
