2092 3614
252 642 272 674 5

229 1000 273 1032 10

235 1359 276 1391 15

231 1717 277 1749 20

233 2433 278 2465 30

301 240 388 281 336
1078 240 1237 276 SERVH

418 349 517 391 283.
567 360 775 391 MlSERAM
807 364 915 405 quae
948 350 1009 392 sic
1040 350 1305 405 inpatienter
1338 350 1484 405 diligit
1515 351 1663 392 filium.

416 420 516 463 284.
566 431 732 463 MECVM
774 432 1093 463 EXOEDENTEM
1140 424 1188 463 ut
1224 420 1316 475 <VI
1356 421 1470 475 112>
1514 422 1607 463 ille
1651 436 1813 464 meum
1857 422 2009 463 comi—

298 493 440 533 tatus
472 491 591 534 iter:
623 492 717 535 vult
748 493 860 534 enim
891 493 1110 548 intellegi,
1143 493 1210 534 sui
1242 507 1370 535 causa
1401 495 1586 535 matrem
1620 495 1824 535 secutam.

417 562 515 605 285.
566 580 748 607 mmmm
778 563 844 606 hic
881 563 1116 618 ‘iqnaram'
1161 564 1228 606 cui
1264 578 1348 606 non
1385 565 1548 607 dixerit.
1689 576 2007 615 QVODCVMQVE

299 646 486 676 PERIOLI
516 646 602 678 EST
635 635 858 690 syllepsis:
891 650 991 677 nam
1024 634 1228 677 subaudis
1262 634 1530 691 tpericlum'.

419 706 517 748 286.
567 718 712 757 INQVE
744 718 1022 749 SALVTATAM
1046 718 1225 757 LINQVO
1258 706 1557 749 insalutatam:
1590 709 1633 748 et
1664 709 1730 750 est
1760 707 1931 762 tmesis,
1962 709 2011 748 ut

299 776 366 831 <X
403 777 518 832 794>
550 777 760 820 inutilis
792 778 948 833 inque
979 778 1179 834 ligatus
1212 778 1440 821 cedebat.

416 849 516 891 287.
566 861 695 899 QVOD
735 861 962 901 NEQVEAM
999 861 1232 892 LAomMAs
1269 861 1507 892 PERFERRE
1547 861 1777 892 PARENTIS
1824 851 2010 902 excusat,

298 933 351 961 ne
381 919 582 962 videatur
614 921 814 963 crudelis:
855 921 967 963 unde
1000 922 1193 976 sequitur
1224 921 1375 963 matris
1409 922 1501 963 eius
1532 921 1722 977 tragicus
1755 924 1799 963 et
1830 921 2007 963 misera-

298 990 398 1033 bilis
435 990 509 1033 ille
548 994 808 1048 conquestus
846 992 993 1047 <480>
1031 992 1260 1048 potuisti
1303 992 1538 1047 linquere
1581 994 1742 1035 solam
1783 992 2009 1034 crudelis

304 1064 347 1105 et
378 1062 496 1105 talia.

421 1134 519 1176 288.
569 1146 746 1177 INOPEM
777 1135 904 1178 modo
938 1135 1086 1177 auxilii
1118 1137 1328 1191 egentem.
1445 1152 1636 1178 RELIGTAE
1664 1139 1740 1178 aab
1768 1150 1795 1177 a
1826 1149 1907 1190 me,
1938 1138 2013 1177 aut

302 1204 354 1246 ab
384 1204 629 1248 hominibus.

421 1276 521 1321 289.
569 1294 794 1322 Amavi-1012
823 1282 871 1320 ut
900 1277 1179 1334 εεοιρὶθνιιθιόνζ
1216 1279 1267 1321 ab
1298 1279 1587 1334 appellatione,
1623 1293 1707 1321 non
1737 1293 1764 1320 a
1791 1279 2011 1333 participio

303 1348 330 1401 †
347 1348 496 1402 fictura
539 1362 653 1391 ouon:
699 1349 913 1393 Teraztias
955 1351 1002 1392 in
1042 1350 1217 1392 heauton
1261 1351 1530 1393 timorumeno
1568 1349 1659 1405 <IV
1695 1352 1736 1405 1,
1769 1350 1855 1405 32>
1892 1353 2011 1392 natu

297 1421 520 1474 yravior,
551 1421 900 1475 ignoscentior.

421 1492 520 1535 290.
570 1505 621 1535 IN
660 1504 801 1536 CASVS
841 1505 998 1536 OMNES
1037 1495 1086 1536 ut
1124 1509 1255 1549 supra
1287 1494 1431 1549 <280>
1464 1493 1659 1536 ‘fortuna
1697 1493 1900 1549 secunda,
1938 1495 2016 1536 aut

304 1564 484 1607 adversa.
514 1564 676 1608 cadat'.

420 1635 525 1678 291:
570 1647 788 1678 PVLCHER
818 1648 956 1680 lvnvs
994 1637 1280 1694 incongruum
1318 1637 1542 1692 epitheton
1572 1635 1905 1692 pulchritudinis
1937 1650 2010 1691 po·

303 1707 409 1764 suit,
441 1722 537 1750 cum
569 1722 638 1750 res
671 1708 728 1750 sit
758 1708 804 1750 in
834 1709 916 1751 hoc
947 1709 1041 1751 loco
1073 1708 1308 1764 religionis.

425 1779 523 1822 292.
574 1791 792 1822 STRINXIT
824 1791 1035 1823 PIETATIS
1068 1791 1217 1823 IMAeo
1249 1780 1546 1836 praestrinxit,
1584 1779 1837 1834 momordit,
1870 1778 2012 1821 admo-

302 1851 410 1893 nuit.
474 1865 623 1894 sensus
665 1854 810 1894 autem
843 1854 926 1894 est:
969 1854 1045 1894 aut
1080 1854 1313 1907 postquam
1351 1851 1460 1894 vidit
1491 1852 1624 1894 istum
1655 1852 1717 1894 sic
1749 1865 1893 1894 amare
1925 1866 2011 1893 ma-

301 1925 431 1978 trem,
462 1924 668 1978 paternae
699 1923 877 1979 pietatis
910 1924 1115 1966 virtutem
1149 1924 1292 1979 coepit
1323 1937 1574 1980 agnoscere:
1613 1926 1689 1965 aut
1721 1926 1836 1965 certe
1868 1923 2012 1977 coepit

303 1994 437 2036 etiam
469 1994 562 2050 ipse
594 1995 656 2037 sic
689 1995 735 2038 in
771 1995 978 2050 pietatem
1010 1995 1192 2051 moveri,
1229 1997 1278 2037 ut
1316 1995 1407 2037 eius
1445 1997 1727 2038 consueverat
1758 1996 1898 2049 pater:
1937 1995 2013 2035 aut

304 2066 417 2107 certe
462 2067 657 2122 exemplo
701 2066 883 2122 Euryali
934 2066 1100 2110 avidius
1144 2067 1288 2122 coepit
1330 2081 1474 2110 amare
1524 2070 1693 2122 patrem
1736 2065 1868 2108 etiam
1913 2067 2011 2107 ante

304 2136 520 2180 dilectum.

424 2209 521 2252 296.
572 2221 661 2252 NEC
687 2221 875 2252 PARTVM
901 2221 1075 2252 GRATJA
1094 2222 1253 2252 TALEM
1275 2222 1429 2253 PARVA
1454 2221 1615 2252 MANET
1643 2209 1770 2268 debet
1795 2209 1849 2250 ab
1875 2207 2012 2250 omni-

303 2281 384 2323 bus
416 2281 499 2323 coli
531 2296 639 2336 quae
669 2281 803 2324 talem
835 2282 1017 2324 creavit:
1054 2295 1138 2324 ozon
1175 2295 1267 2336 erqo
1298 2295 1326 2323 a
1357 2285 1393 2324 te
1424 2285 1602 2336 tantum,
1639 2281 1709 2323 sed
1730 2293 1807 2334 per
1839 2283 1874 2321 to
1904 2293 2009 2321 oom-

303 2353 532 2395 mandatur.

423 2424 523 2467 297.
573 2436 712 2467 CAsvs
738 2436 927 2467 FACTVM
955 2436 1228 2475 QvlcVMQVE
1255 2435 1498 2474 SEQVETVR
1525 2424 1632 2466 satis
1659 2437 1863 2479 congrue3
1889 2437 2011 2478 prae-

304 2495 394 2537 mia
425 2495 539 2537 enim
569 2510 657 2538 non
689 2495 897 2538 debentur
928 2495 1118 2550 eventui,
1151 2495 1225 2537 sed
1257 2495 1488 2538 voluntati:
1519 2495 1591 2537 hoo
1621 2498 1680 2537 est
1705 2495 1906 2549 quidquid
1929 2508 2010 2536 ove-

304 2566 428 2621 ηενίί,
452 2567 648 2621 praemia
678 2567 793 2609 dabo.

401 2687 445 2718 21
473 2695 636 2719 srmmnrr
662 2682 918 2729 praestrinxit]
945 2682 990 2718 cf.
1018 2682 1112 2718 Non.
1139 2695 1175 2728 p.
1202 2688 1282 2726 365,
1305 2687 1345 2718 11
1374 2683 1422 2720 M.
1442 2685 1454 2730 ΙΙ
1474 2688 1518 2719 22
1544 2684 1611 2719 aut
1635 2684 1833 2728 postquam
1859 2693 1889 2719 e.
1910 2694 1945 2727 q.
1965 2682 2010 2728 s.]

307 2730 352 2765 cf.
378 2730 543 2767 Macrob.
571 2730 646 2767 Sat.
673 2731 725 2767 IV
751 2735 784 2776 6,
810 2734 831 2766 9

401 2842 424 2873 4
450 2850 630 2884 agnaram
655 2837 696 2872 F
710 2838 723 2884 ΙΙ
752 2842 772 2874 6
799 2837 870 2884 est]
898 2839 978 2873 esto
1005 2837 1046 2872 F
1060 2839 1072 2883 ΙΙ
1091 2838 1204 2874 mesis
1229 2838 1266 2874 A
1303 2838 1455 2874 temesis
1479 2838 1548 2873 Ra
1584 2836 1761 2874 themesis
1786 2836 1882 2871 LM
1915 2846 2009 2870 mes·

306 2885 356 2920 sis
376 2885 467 2920 HF
482 2887 494 2930 ΙΙ
515 2890 533 2921 7
561 2886 743 2921 caedebat
759 2884 850 2920 RH
883 2885 1110 2921 concedebat
1136 2887 1148 2921 Z
1167 2888 1178 2931 11
1199 2890 1242 2921 11
1270 2885 1344 2921 alia
1363 2886 1484 2922 ASF
1498 2887 1511 2931 ΙΙ
1531 2889 1574 2920 12
1601 2884 1740 2921 auxilio
1760 2883 1803 2919 H
1817 2883 1830 2927 ΙΙ
1850 2886 1893 2917 13
1920 2882 2010 2918 omi-

306 2932 416 2968 nibus
442 2933 483 2968 F
499 2935 510 2979 ss
538 2937 581 2968 14
606 2945 820 2969 Avmnn'rion
840 2931 881 2968 F
895 2934 908 2979 ΙΙ
934 2936 976 2968 15
1004 2944 1088 2968 cum
1114 2934 1180 2970 dez.
1203 2934 1422 2969 Masvz'cius.
1453 2934 1609 2977 fortasse
1632 2932 1759 2967 futura
1783 2942 1868 2965 cum
1893 2933 2011 2965 ortum

307 2984 357 3016 est
381 2991 426 3016 ex
449 2976 553 3016 futui·
579 2992 612 3016 a.
638 2980 662 3017 i.
689 2991 718 3016 c.
746 2991 767 3016 o
805 2981 829 3015 i.
856 2991 884 3016 e.
909 2979 1055 3015 futurus
1086 2981 1283 3017 audentior
1314 2981 1354 3016 in
1387 2992 1494 3016 casus
1527 2990 1654 3015 omnes
1691 2979 1704 3023 ΙΙ
1739 2978 1829 3013 nata
1859 2976 2013 3022 grauior

306 3025 505 3074 ignoscenz’
531 3028 571 3073 (i.
586 3040 616 3063 e.
628 3027 882 3074 ignoscentur)
898 3027 939 3063 F
953 3029 966 3072 ΙΙ
984 3031 1027 3063 21
1048 3029 1250 3064 momordit
1268 3027 1487 3074 perstrinxit
1501 3027 1541 3062 F
1556 3029 1568 3073 ΙΙ
1586 3023 1828 3073 praestrinxit
1841 3024 2015 3060 ASLM

306 3074 530 3121 praestinxit
553 3075 611 3110 H:
636 3075 857 3120 perstrinxit
881 3075 918 3110 R
926 3074 967 3110 F
980 3076 993 3120 ΙΙ
1012 3079 1057 3110 23
1082 3077 1277 3120 paternam
1304 3075 1344 3111 F
1359 3077 1372 3122 ΙΙ
1390 3085 1592 3121 agnoscere
1619 3100 1627 3108 .
1650 3100 1658 3109 .
1679 3102 1686 3109 .
1714 3071 1861 3108 avidius
1887 3071 2013 3117 coepit

307 3134 375 3159 om.
395 3123 431 3158 L
450 3123 549 3168 (add.
569 3123 596 3167 Ζ)
616 3124 628 3169 ΙΙ
646 3127 692 3158 24
719 3122 788 3169 sic]
815 3122 876 3158 hic
900 3122 946 3158 H
961 3124 972 3169 ΙΙ
991 3121 1030 3158 in
1054 3122 1238 3168 pietatem
1263 3124 1388 3168 vulyo:
1413 3121 1648 3168 impietatem
1673 3121 1718 3155 H
1751 3119 1902 3165 pictate·
1921 3119 2013 3154 ΑΒΖ

308 3170 506 3216 impietate
525 3170 562 3206 R
598 3169 636 3204 in
662 3170 804 3215 pietate
825 3171 875 3205 M
880 3170 922 3205 F
935 3171 948 3217 ss
967 3174 1012 3206 28
1038 3181 1061 3206 a
1084 3171 1122 3206 te
1149 3169 1404 3206 Commelinus:
1431 3171 1518 3206 ante
1545 3168 1585 3204 F
1600 3170 1612 3215 ΙΙ
1631 3172 1676 3204 30
1702 3180 1876 3207 smvrrvn
1894 3166 1980 3202 LH
2001 3166 2012 3212 ll

309 3222 353 3253 31
382 3218 453 3254 hoc
480 3218 538 3253 est
561 3219 612 3254 ad
630 3221 760 3264 poetae
784 3218 893 3254 verba
911 3217 1072 3263 pertinet
1095 3218 1108 3262 ΙΙ
1138 3217 1330 3254 exuenerit
1353 3217 1395 3253 F
