2124 3600
838 291 1125 328 PRAEFATIO.
1757 331 1761 334 ,
1791 304 1843 334 IX

123 401 303 448 κενεῶν’
339 402 566 446 εἰσέπτατο
598 403 735 457 λόγχη
761 401 775 456 ΙΙ
796 416 843 456 Ρ.
869 401 969 457 637,
994 401 1047 443 16
1082 415 1160 456 pro
1188 414 1317 455 opere
1348 414 1508 455 ponere
1541 399 1654 442 solet
1684 397 1841 442 Sekoet·

124 477 207 520 tius
235 476 249 531 ΙΙ
274 490 320 530 Ρ.
352 475 451 527 640,
486 474 540 516 10
573 472 810 530 ‘profanos'
844 473 969 515 docet
1001 472 1085 515 sibi
1117 486 1147 514 e.
1179 486 1214 525 q.
1247 485 1278 514 s.
1310 472 1417 513 idem
1447 471 1460 526 ΙΙ
1491 486 1535 525 Ρ.
1568 471 1667 526 642,
1702 471 1723 513 1
1759 471 1840 513 801-

127 548 229 590 licet
259 549 310 589 ut
341 545 557 589 desideres
590 559 627 587 o.
658 560 698 587 u.
730 544 780 587 Τ.
828 545 937 587 idem
959 543 974 600 ΙΙ
1002 558 1046 600 Ρ.
1079 544 1179 598 644,
1215 543 1265 585 17
1301 542 1353 585 de
1384 542 1554 599 Regum
1585 543 1645 586 vel
1669 542 1840 586 Numae

122 618 311 674 legibus,
344 632 453 674 quae
486 619 530 659 et
559 615 760 671 Papiriae
791 616 912 671 leges
945 615 1190 671 appellatae
1223 616 1343 668 sunt,
1376 614 1501 668 dixit,
1537 629 1645 669 quae
1677 629 1708 657 e.
1733 629 1768 669 q.
1795 628 1838 669 s.,

120 694 169 733 ut
209 690 267 733 ad
306 689 404 732 haee
445 689 680 742 referantur
723 685 776 744 (v.
810 685 886 744 21)
932 687 1027 742 ipso
1071 686 1200 728 titulo
1239 685 1349 742 legis
1391 685 1590 741 Papiriae
1629 702 1733 729 usus
1773 689 1839 730 est

122 762 230 804 idem
259 760 273 815 ΙΙ
296 775 342 815 Ρ.
375 761 473 814 646,
508 761 529 802 1
565 758 790 815 epitheton
822 760 889 800 est
921 758 1016 800 loco
1051 757 1376 800 accomodatum
1404 757 1526 799 idem.
1868 757 1870 759 ’

241 832 407 875 Prioris
444 831 676 874 voluminis
716 830 990 874 adnotationi
1026 829 1132 871 haec
1171 829 1366 871 addenda
1404 831 1521 884 sunt,
1566 843 1748 883 quorum
1787 829 1838 871 de

119 906 244 961 parte
284 903 657 946 Fleckeisenus
702 902 907 945 benevole
951 916 1019 943 me
1064 901 1299 943 admonuit.
1352 914 1399 955 Ρ.
1434 900 1505 954 14,
1541 901 1594 942 19
1638 900 1718 943 has
1764 901 1838 943 alii

122 976 312 1032 virgines
363 975 609 1030 perhibent,
660 974 735 1016 alii
779 974 841 1016 eis
893 973 1023 1015 etiam
1067 972 1182 1015 filios
1228 972 1333 1014 dant
1377 971 1620 1027 Orpheum,
1670 971 1836 1028 Linum,

76 1072 79 1075 ·
120 1046 433 1103 Hymenaeum.
495 1046 591 1088 ideo
636 1048 678 1088 et
721 1060 898 1101 porcam
942 1044 1003 1086 eis
1043 1043 1279 1086 sacrificari
1316 1043 1455 1098 aiunt,
1500 1043 1614 1098 quod
1652 1044 1836 1085 multum

120 1119 266 1174 pariat
299 1117 344 1161 Ο.
370 1117 484 1160 Ialm
515 1117 667 1160 Philoz.
694 1116 842 1160 XXVI
862 1131 905 1171 Ρ.
935 1116 987 1158 13
1021 1116 1035 1170 ΙΙ
1068 1130 1106 1169 Ρ.
1134 1115 1234 1170 274,
1260 1115 1287 1156 2
1319 1129 1507 1170 namque
1535 1113 1840 1157 Samothraces

121 1190 276 1233 horum
308 1190 531 1244 penatium
564 1189 783 1231 antistites
815 1188 1070 1237 θυοσκόους
1102 1185 1319 1229 vocabant
1352 1185 1399 1228 O.
1426 1185 1539 1228 Ialm
1567 1187 1592 1229 l.
1619 1187 1643 1228 l.
1667 1201 1714 1241 Ρ.
1744 1187 1796 1229 13
1831 1185 1843 1243 ll

114 1276 160 1316 Ρ.
193 1261 291 1315 368,
324 1261 351 1303 3
390 1262 434 1302 et
470 1260 532 1302 ibi
569 1263 661 1302 tam
700 1260 869 1315 publice
908 1274 1035 1314 quam
1068 1258 1274 1314 privatim
1307 1257 1446 1299 solere
1478 1257 1572 1300 fieri
1603 1258 1844 1301 Huschkius

77 1340 81 1344 “
123 1332 240 1387 Iquv.
270 1332 363 1385 Taf.
388 1346 432 1385 Ρ.
459 1332 547 1374 202
571 1331 585 1386 ΙΙ
601 1345 645 1385 Ρ.
672 1331 772 1386 370,
801 1332 853 1374 11
888 1330 1114 1373 deduxisse
1141 1329 1362 1372 Lobeckius
1386 1329 1591 1384 Aqlaoph.
1616 1344 1659 1384 Ρ.
1692 1330 1803 1372 1241
1831 1328 1842 1386 Η

115 1418 160 1458 Ρ.
187 1403 286 1455 504,
316 1403 369 1446 18
408 1417 582 1445 11000880
615 1402 730 1444 0111111
763 1404 857 1444 erat
890 1402 1007 1444 ansis
1039 1416 1135 1444 aras
1170 1416 1205 1443 a.
1232 1416 1263 1443 s.
1290 1403 1318 1442 t.
1350 1400 1584 1444 Schoellius.
1647 1401 1697 1454 ef.
1729 1401 1841 1444 Serv.

123 1475 181 1516 ad
209 1473 313 1515 Aen.
345 1471 420 1527 VI,
450 1473 535 1515 124
565 1472 578 1527 ΙΙ
605 1486 650 1526 Ρ.
678 1471 778 1527 508,
810 1473 836 1515 9
869 1471 976 1514 haec
1008 1471 1154 1527 opinio
1188 1473 1265 1526 est,
1298 1471 1335 1514 81
1366 1471 1553 1514 Mercuri
1585 1472 1703 1514 iussu
1736 1472 1843 1515 haec

124 1548 155 1587 t..
181 1544 211 1587 f.
237 1560 274 1587 a.
301 1559 334 1587 0.
360 1545 467 1587 idem
490 1543 504 1598 ΙΙ
524 1558 570 1598 Ρ.
598 1543 696 1598 508,
727 1544 779 1586 13
807 1543 920 1599 quod
946 1542 1105 1585 viridat
1132 1542 1184 1585 G.
1205 1542 1361 1585 Becker
1386 1542 1533 1585 Rhefztn.
1561 1546 1673 1586 Mus.
1699 1544 1844 1586 XXIX

102 1618 112 1626 ”
119 1630 164 1670 Ρ.
191 1615 279 1658 495
313 1615 327 1670 ΙΙ
355 1630 401 1670 Ρ.
429 1615 528 1670 525,
554 1615 609 1657 27
637 1615 687 1668 ef.
717 1614 761 1657 O.
786 1614 900 1657 Ialm
925 1614 1024 1656 Ber.
1051 1615 1088 1657 d.
1114 1613 1241 1656 sdchs.
1270 1613 1361 1657 Ges.
1387 1615 1425 1657 d,
1457 1614 1699 1659 Wissensch.
1730 1616 1840 1659 1851

119 1701 163 1741 Ρ.
200 1687 281 1729 139
316 1686 330 1742 ΙΙ
364 1701 410 1741 Ρ.
437 1686 536 1742 572,
566 1687 618 1729 12
658 1686 730 1742 qui
768 1686 884 1728 idem
914 1686 1053 1728 victus
1095 1688 1161 1727 est
1193 1685 1247 1727 ab
1280 1685 1429 1727 Aenea
1461 1686 1745 1729 Mommsenus
1776 1701 1842 1742 αΡ.

125 1758 239 1801 Iord.
267 1773 308 1813 Ρ.
335 1759 361 1801 6
398 1759 412 1814 ΙΙ
440 1773 485 1812 Ρ.
511 1757 610 1813 572,
640 1757 692 1800 13
726 1758 800 1813 qui
829 1759 979 1799 tamen
1010 1757 1134 1799 finito
1166 1756 1333 1811 proelio
1367 1771 1456 1799 non
1482 1758 1712 1813 conparuit
1736 1759 1844 1800 idem

126 1828 171 1872 Ο.
201 1829 240 1871 Ι.
271 1829 323 1871 L.
352 1828 374 1870 I
406 1843 449 1882 Ρ.
482 1830 568 1872 283
605 1830 618 1884 ΙΙ
653 1844 698 1884 Ρ.
731 1829 830 1885 596,
862 1830 888 1872 6
927 1829 1074 1870 decem
1105 1828 1277 1871 secludit
1304 1828 1603 1871 Hartmamms
1633 1830 1670 1871 cl.
1703 1829 1843 1872 Roem.

128 1899 216 1943 Cal.
251 1914 296 1954 Ρ.
332 1899 415 1942 123
457 1898 471 1954 ΙΙ
505 1913 551 1953 Ρ.
584 1900 682 1954 645,
714 1901 741 1942 2
772 1914 854 1954 sqq.
898 1900 949 1955 ef.
989 1899 1034 1942 Ο.
1066 1899 1179 1942 Ialm
1216 1899 1369 1942 Philol.
1401 1898 1547 1942 XXVI
1582 1915 1626 1954 Ρ.
1670 1902 1723 1942 14
1760 1914 1844 1955 sqq.

248 1970 387 2013 Tertii
417 1970 520 2012 libri
551 1971 862 2014 commentario
896 1971 1164 2013 emendando
1191 1970 1470 2013 Francisco
1499 1970 1663 2026 Pauly
1690 1971 1844 2013 exhor-

126 2043 249 2085 tante
282 2056 459 2097 operam
492 2041 610 2084 dedit
636 2041 859 2084 Albinus
887 2041 929 2084 Ν
938 2056 1076 2098 ager,
1110 2042 1184 2097 qui
1212 2040 1342 2097 (Graz
1372 2041 1504 2099 1882)
1538 2042 1844 2084 scholasticum

59 2111 61 2113 ’
127 2113 324 2156 libellum
350 2113 495 2168 edidit,
522 2112 641 2156 cuius
668 2112 775 2155 haec
802 2115 869 2155 est
894 2112 1141 2168 inscriptio:
1168 2113 1484 2155 Textkritische
1509 2112 1844 2170 Bemerkungen

128 2201 180 2227 zu
207 2183 346 2228 Servii
379 2184 652 2241 grammatici
685 2185 759 2240 qui
791 2184 989 2227 feruntur
1020 2185 1066 2227 in
1090 2183 1275 2239 Vergilii
1309 2184 1500 2226 carmina
1533 2185 1845 2228 commentarii.

130 2271 182 2298 ex
215 2256 473 2300 coniecturis
506 2256 568 2297 ibi
599 2256 783 2312 prolatis
818 2270 890 2298 eas
922 2255 1039 2298 infra
1071 2256 1417 2298 commemorabo
1444 2271 1550 2311 quas
1579 2256 1844 2299 scholiorum

129 2327 423 2370 emendationi
454 2327 582 2369 utiles
617 2341 709 2369 esse
741 2327 895 2370 iudico.
945 2342 993 2381 Ρ.
1022 2328 1120 2382 333,
1146 2328 1174 2369 4
1207 2327 1300 2370 sola
1326 2341 1405 2383 pro
1436 2330 1531 2370 tota
1574 2327 1587 2382 ΙΙ
1623 2342 1664 2382 Ρ.
1692 2328 1790 2379 336,
1820 2329 1842 2370 7

128 2400 312 2442 trahunt
348 2400 433 2441 huc
457 2413 537 2453 Ρνο
569 2399 748 2441 tradunt
784 2399 868 2441 hoc
899 2399 913 2454 ΙΙ
942 2414 986 2453 Ρ.
1014 2400 1113 2454 340,
1142 2400 1196 2442 16
1230 2399 1358 2455 elegit
1394 2399 1458 2455 (ut
1487 2397 1553 2456 F)
1578 2413 1659 2453 Ρνο
1692 2399 1802 2455 legit
1826 2399 1840 2454 ΙΙ

123 2485 168 2524 Ρ.
198 2471 297 2525 340,
323 2471 378 2513 27
418 2470 526 2512 haec
558 2469 730 2525 Myrtus
763 2486 815 2513 ex
845 2472 967 2512 fama
998 2472 1276 2526 antiquorum
1316 2471 1367 2512 de
1405 2471 1532 2527 plebe
1563 2473 1668 2512 nata
1691 2485 1772 2524 pro
1804 2471 1844 2512 h.

132 2541 188 2584 M.
222 2556 272 2584 ex
303 2541 421 2584 fama
452 2541 503 2583 de
536 2541 661 2596 plebe
688 2541 966 2596 antiquorum
992 2557 1031 2585 11.
1057 2542 1070 2597 ΙΙ
1089 2557 1132 2596 Ρ.
1153 2543 1252 2597 347,
1275 2543 1328 2584 18
1358 2545 1595 2585 nocturnos
1622 2541 1725 2584 deos
1752 2557 1844 2584 esse

132 2611 199 2668 (ut
219 2611 276 2667 T)
303 2626 385 2666 Ρνο
417 2614 654 2654 nocturnos
688 2627 781 2655 esse
805 2613 818 2667 ΙΙ
835 2627 879 2667 Ρ.
902 2612 1001 2669 350,
1021 2613 1077 2655 26
1106 2613 1159 2655 ab
1181 2612 1369 2655 Thracia
1391 2627 1468 2667 pro
1495 2613 1548 2655 ad
1569 2613 1802 2655 Thraciam
1829 2614 1842 2667 ΙΙ

124 2698 170 2738 Ρ.
192 2683 291 2739 353,
315 2685 365 2726 11
400 2687 572 2738 praeter
603 2683 832 2726 historiam
853 2698 933 2738 Ρνο
959 2699 1036 2739 per
1060 2684 1291 2726 historiam
1316 2684 1329 2738 ΙΙ
1345 2699 1389 2739 Ρ.
1418 2685 1516 2739 359,
1543 2685 1570 2726 5
1596 2684 1642 2726 in
1669 2684 1843 2726 demon-

133 2755 363 2807 stratione]
390 2754 484 2796 add.
503 2754 687 2809 imperii.
725 2756 871 2798 malim
896 2756 997 2797 addi
1022 2755 1343 2798 dominationis.
1381 2756 1430 2809 cf.
1456 2771 1491 2798 v.
1518 2757 1572 2798 97
1599 2756 1613 2810 ΙΙ
1631 2769 1673 2809 Ρ.
1701 2755 1798 2809 360,
1821 2756 1840 2796 1

132 2829 176 2868 et
206 2826 377 2869 secludit
398 2826 412 2881 ΙΙ
430 2839 472 2879 Ρ.
506 2826 603 2879 366,
624 2827 682 2869 24
714 2826 907 2869 celeuma
940 2861 949 2869 .
977 2862 984 2870 .
1012 2860 1022 2870 .
1054 2826 1378 2869 hemistichium
1410 2828 1466 2869 ad
1490 2842 1523 2869 v.
1547 2827 1630 2869 129
1665 2825 1844 2869 ‘Cretam

124 2911 378 2951 proavosque
394 2896 602 2952 petamus’
622 2898 828 2951 pertinere
852 2899 958 2940 vidit
979 2899 992 2953 ΙΙ
1009 2913 1053 2952 Ρ.
1075 2898 1173 2953 373,
1190 2899 1212 2940 1
1242 2898 1358 2941 Iovis
1386 2901 1428 2940 et
1453 2898 1693 2941 secludenda
1716 2898 1845 2950 fuisse

132 2971 233 3010 reete
258 2969 358 3011 dicit
379 2969 393 3023 ΙΙ
408 2983 453 3022 Ρ.
480 2967 578 3019 376,
599 2968 653 3010 15
678 2980 854 3011 DEBITA
885 2970 1048 3023 utrique
1074 2969 1258 3011 lemmati
1282 2970 1515 3012 addendum
1540 2983 1621 3011 esse
1651 2983 1723 3011 suo
1755 2970 1844 3009 iure

132 3039 277 3087 statuit
300 3042 338 3082 et
365 3039 610 3096 significare
637 3054 687 3081 ex
714 3040 859 3083 debito
886 3054 906 3082 0
927 3040 1160 3083 Turonensi
1184 3041 1372 3083 restituit.
1405 3055 1470 3094 αΡ.
1493 3040 1683 3083 Servium
1708 3042 1843 3082 autem

133 3124 154 3152 e
173 3109 484 3153 Garotiruhensi
518 3110 601 3152 116
633 3110 676 3152 id
709 3114 775 3153 est
800 3125 879 3165 Ρνο
911 3112 1054 3154 minus
1083 3114 1149 3153 est
1179 3112 1436 3154 scribendum
1460 3111 1473 3166 ΙΙ
1500 3126 1540 3165 Ρ.
1566 3112 1665 3164 383,
1692 3111 1745 3151 21
1781 3110 1841 3151 018

128 3195 207 3235 pro
239 3182 278 3223 ei
307 3181 321 3236 ΙΙ
347 3196 392 3236 Ρ.
418 3181 516 3232 389,
543 3182 570 3223 3
603 3196 705 3223 sane
733 3215 741 3224 .
768 3215 777 3225 .
804 3217 812 3225 .
847 3182 1119 3237 dicebantur,
1152 3185 1200 3224 ut
1233 3181 1422 3237 Sappho.
1474 3182 1574 3237 quia
1606 3182 1711 3222 haec
1743 3180 1842 3222 inde

136 3251 322 3304 desiluit,
354 3252 424 3294 hic
450 3253 571 3295 locus
604 3255 784 3295 vocatur
815 3249 933 3308 ἅλμα
957 3253 971 3307 ΙΙ
992 3268 1037 3306 Ρ.
1066 3253 1164 3306 396,
1191 3253 1217 3294 3
1251 3252 1304 3294 ad
1335 3253 1418 3295 hoc
1449 3254 1622 3293 tantum
1647 3265 1727 3304 Ρνο
1759 3250 1841 3293 1100

207 3326 307 3352 servii
326 3334 433 3353 comm.
453 3327 525 3354 v01.
543 3328 587 3354 11.
1489 3319 1558 3353 a**
