2124 3600
263 1028 306 1059 10

264 1386 307 1418 15

260 1746 306 1776 ‘20

335 269 392 310 48
1107 270 1268 305 SERVII

334 378 444 420 alter
476 380 542 419 est
562 376 755 420 Charon:
786 393 889 420 nam
910 377 1042 420 Orcus
1069 378 1182 420 idem
1210 381 1275 420 est
1300 378 1477 433 Pluton,
1509 380 1557 420 ut
1587 379 1632 421 in
1651 378 1848 422 Verrinis
1881 381 2043 423 indicat

333 448 483 491 Cicero
510 449 654 491 dicens
690 451 745 491 ut
776 450 910 492 alter
936 449 1095 492 Orcus
1128 449 1332 491 venisse
1358 448 1589 491 Hennam
1621 453 1670 491 et
1700 466 1800 493 non
1831 450 2041 493 Proser-

332 521 528 577 pinam,
561 509 843 577 sed‘ipsam
875 521 1109 564 Cererem
1141 521 1375 576 rapuisse
1407 521 1655 563 videatur.
1713 522 1817 579 alibi
1849 522 1911 564 ait
1943 537 2040 578 qua

332 591 502 635 Ditem
539 596 740 649 patrem
782 594 1052 636 emersisse
1095 593 1156 634 ab
1197 591 1384 634 inferis
1421 594 1620 646 putant.
1685 591 1863 634 dicimus
1898 595 2040 635 autem

332 665 375 705 et
405 664 478 706 hic
509 663 588 706 Dis
621 670 663 706 et
692 664 764 707 hic
796 664 925 707 Ditis.

450 736 550 778 274.
599 747 777 778 ch'rvs
818 748 876 777 ET
916 746 1144 778 VLTRICES
1183 746 1394 778 POSVERE
1435 746 1621 777 OVBILIA
1657 745 1808 776 CVRAE
1849 749 1899 776 ea
1937 734 2042 777 dicit

333 822 426 850 esse
463 808 510 850 in
547 808 667 850 aditu
709 807 964 862 inferorum,
1009 822 1117 862 quae
1155 807 1297 849 vicina
1335 808 1438 848 sunt
1476 805 1624 860 morti3
1670 807 1746 847 aut
1789 820 1896 861 quae
1940 808 2040 861 post

331 881 515 922 mortem
541 881 760 935 creantur3
793 881 868 921 aut
895 893 1002 934 quae
1027 878 1073 919 in
1097 881 1238 920 morte
1265 879 1383 928 sunt,
1415 878 1463 918 ut
1488 877 1709 931 pallorem.
1758 876 1898 918 luctus
1925 877 2039 919 enim

331 953 432 1006 post
475 953 659 993 mortem
706 952 784 993 est.
936 961 1087 992 CVRAE
1134 948 1439 1002 conscientiae⁷
1490 962 1598 1002 quae
1642 947 1828 1002 puniunt
1871 940 2040 1003 semper

331 1025 544 1065 nocentes.

451 1093 549 1135 275.
600 1104 776 1135 TRISTIS
816 1107 984 1148 severa,
1025 1106 1133 1147 quae
1173 1091 1316 1147 gignit
1353 1090 1639 1132 severitatem.
1701 1089 1849 1133 Cicero
1887 1091 2038 1133 iudex

331 1164 506 1207 tristis
540 1166 590 1206 et
620 1164 835 1219 integer.

451 1236 549 1279 276.
598 1252 729 1278 MALES
737 1252 835 1278 VADA
866 1251 996 1277 FAMES
1029 1248 1133 1288 quae
1172 1233 1346 1288 impellit
1384 1232 1566 1276 homiues
1606 1233 1812 1274 interdum
1850 1233 1907 1275 ad
1944 1233 2040 1276 inli-

331 1308 424 1349 cita.
545 1318 711 1349 TVRPIS
743 1318 950 1349 EGESTAS
985 1320 1094 1361 quae
1124 1307 1274 1359 turpes
1306 1303 1425 1346 facit.
1482 1306 1526 1345 et
1557 1304 1678 1359 quasi
1709 1303 1863 1346 harum
1895 1320 2038 1347 rerum

333 1379 545 1435 imagines
577 1378 700 1434 facit,
734 1393 839 1434 quas
871 1378 974 1420 dicit
1006 1392 1099 1419 esse
1126 1376 1241 1432 apud
1266 1376 1427 1418 inferos
1453 1375 1567 1430 ideo,
1601 1375 1700 1431 qu‘ia
1725 1375 1772 1416 in
1798 1390 1924 1430 quem
1953 1376 2040 1418 ista

332 1452 610 1506 concurrunt,
653 1448 710 1492 sit
747 1450 946 1492 mortalis
985 1463 1158 1491 necesse
1197 1450 1280 1490 est:
1321 1446 1432 1489 unde
1465 1447 1567 1489 deos
1599 1447 1849 1489 inmortales
1883 1446 2039 1502 dicunt,

331 1522 404 1578 qui
435 1522 520 1564 ista
550 1536 640 1564 non
672 1522 868 1563 sentiunt
900 1521 1055 1577 quibus
1087 1534 1203 1562 mors
1235 1521 1416 1561 creatur.

450 1594 550 1636 277.
602 1609 831 1636 TERRIBILES
863 1609 953 1635 VJSV
981 1609 1138 1635 FORMAE
1167 1604 1303 1633 omnes
1332 1590 1483 1633 scilicet
1511 1597 1614 1643 qud&
1643 1603 1773 1643 supra
1803 1590 1922 1631 dixit.

449 1666 549 1708 278.
600 1675 985 1707 CONSANGVINEVS
1005 1675 1118 1704 LETI
1139 1674 1288 1705 soron
1309 1661 1541 1704 secundum
1560 1660 1817 1703 Homerum:
1842 1661 1902 1703 vel
1921 1662 2039 1703 iuxta

330 1738 438 1780 illud
462 1736 606 1792 (522)
639 1737 801 1778 duleis
831 1739 875 1778 ei
897 1736 1003 1777 alia
1033 1735 1168 1789 quies
1192 1735 1519 1788 placidaeque
1549 1733 1817 1775 simillima
1847 1734 2036 1775 mortis.

391 1820 520 1850 MALA
551 1819 723 1850 MENTIS
757 1818 936 1849 GAVDIA
982 1805 1240 1862 generaliter
1281 1805 1471 1847 omnium
1513 1804 1721 1846 scelerum
1758 1803 1879 1859 dicit,
1919 1818 1967 1845 ac
1999 1804 2036 1845 si

333 1880 494 1922 diceret
526 1878 686 1920 ‘malae
718 1878 875 1920 mentis
910 1876 1108 1933 gaudia’:
1139 1880 1186 1918 ul
1215 1890 1307 1918 cum
1338 1875 1445 1917 male
1473 1875 1656 1927 feceruut
1680 1875 1899 1929 yaucleaul.

450 1951 549 1993 279.
597 1968 792 1993 MORTIFER
802 1967 932 1997 VMQVE
957 1966 1010 1992 AD
1020 1965 1135 1992 VERso
1164 1965 1210 1990 IN
1236 1963 1377 1990 LIMINE
1408 1964 1569 1989 BELLVM
1596 1947 1698 1988 mire
1727 1946 1755 1998 †
1774 1960 1867 1999 cum
1897 1947 2038 1989 omnia

428 2108 444 2139 1
473 2104 512 2139 in
537 2102 720 2150 Verrinis]
750 2104 821 2139 act.
848 2102 883 2137 ΙΙ
908 2102 971 2137 lib.
998 2102 1049 2136 IV
1075 2105 1132 2145 50,
1155 2105 1219 2136 111
1240 2102 1252 2147 ΙΙ
1281 2105 1301 2135 3
1329 2099 1434 2144 alibi]
1460 2099 1499 2134 in
1524 2099 1627 2134 Verr.
1655 2100 1727 2134 act.
1753 2098 1787 2133 II
1811 2098 1875 2134 lib.
1902 2098 1953 2135 IV
1979 2103 2037 2143 48,

332 2156 398 2187 107
420 2154 431 2199 ΙΙ
458 2156 479 2187 6
505 2162 549 2187 ea
575 2150 668 2186 dicit
695 2179 702 2186 .
725 2180 732 2187 .
754 2180 761 2187 .
789 2151 935 2186 creatur
960 2151 1007 2195 (v.
1034 2150 1135 2196 276)]
1163 2160 1277 2184 exscr.
1305 2147 1490 2192 mythogr.
1516 2146 1566 2181 III
1592 2150 1624 2190 6,
1651 2150 1694 2181 25
1715 2147 1726 2193 ΙΙ
1757 2150 1797 2181 11
1828 2145 1972 2194 Cicero]
1998 2147 2037 2182 in

331 2200 434 2235 Verr.
461 2199 534 2235 act.
561 2199 577 2232 I
602 2198 636 2232 X
661 2203 706 2234 30
738 2200 750 2245 {l
784 2202 826 2233 19
854 2198 1056 2234 secundum
1082 2195 1301 2242 Homerum]
1328 2195 1374 2230 cf.
1401 2194 1561 2230 Macrob.
1591 2193 1667 2229 Sat.
1695 2194 1725 2229 V
1756 2198 1786 2238 7,
1815 2197 1855 2228 11

429 2345 447 2375 1
475 2341 572 2376 alter
598 2341 655 2375 est
679 2352 768 2386 ergo
796 2341 845 2376 M
874 2342 885 2387 ΙΙ
917 2351 1073 2376 catonus
1099 2340 1140 2374 H
1180 2349 1291 2374 caron
1316 2337 1366 2372 M
1391 2338 1402 2383 ΙΙ
1432 2337 1532 2372 idem
1559 2336 1630 2383 est]
1657 2336 1757 2372 idem
1782 2336 1818 2371 R
1854 2336 1954 2371 idem
1980 2338 2038 2372 est

332 2389 380 2431 A,
405 2389 467 2424 sed
491 2399 550 2423 em
576 2388 618 2422 iu
641 2399 729 2431 ras„
755 2390 813 2423 est
836 2400 936 2433 supr.
963 2399 1050 2423 vers.
1079 2400 1102 2422 a
1138 2387 1178 2422 id
1204 2387 1260 2421 est
1285 2385 1313 2421 S
1331 2387 1342 2431 ΙΙ
1362 2389 1382 2419 2
1408 2386 1451 2419 ut
1469 2385 1602 2419 Verres
1627 2384 1723 2420 alter
1750 2383 1866 2419 Oreus
1892 2384 2036 2419 venisse

331 2437 503 2471 Hennam
531 2435 568 2470 et
592 2446 666 2470 non
690 2436 953 2481 Proserpinam
980 2436 1202 2481 asportasse,
1229 2433 1294 2469 sed
1319 2432 1440 2478 ipsam
1465 2431 1671 2477 abripuisse
1698 2431 1869 2467 Cererem
1894 2431 2036 2467 videre-

330 2484 392 2519 tur
419 2482 573 2529 ciceron
597 2483 762 2518 uenisset
788 2484 837 2518 M
854 2485 866 2530 ΙΙ
891 2484 1066 2518 aethnam
1091 2482 1171 2517 ΕΑ
1210 2482 1360 2516 aetnam
1386 2479 1465 2515 ΒΗ
1499 2479 1651 2514 ethnam
1678 2479 1727 2514 M
1749 2480 1761 2525 ΙΙ
1792 2483 1812 2513 3
1839 2478 2037 2514 uidebatur

331 2531 368 2566 R
387 2532 398 2577 ΙΙ
418 2542 492 2575 qua
516 2528 643 2565 Ditem
668 2532 815 2576 patrem
839 2530 965 2566 ferunt
989 2532 1142 2576 repente
1168 2541 1252 2565 cum
1279 2539 1386 2563 curru
1412 2526 1596 2562 exstitisse
1620 2526 1743 2563 Cicero
1763 2527 1774 2573 ΙΙ
1794 2537 1868 2571 qua
1892 2526 2034 2572 Ditem]

348 2598 366 2617 0

330 2626 380 2670 qd
404 2626 497 2660 item
524 2625 574 2660 M
609 2624 701 2669 quia
725 2624 850 2660 Ditem
874 2626 981 2671 vulyo
1013 2626 1024 2671 Ι]
1061 2629 1083 2659 4
1109 2623 1339 2659 memersisse
1365 2622 1438 2658 AS
1467 2623 1478 2668 ΙΙ
1516 2625 1537 2656 5
1564 2622 1602 2657 et
1627 2621 1688 2656 1116
1715 2621 1770 2656 (116
1797 2621 1836 2656 et
1859 2620 1920 2656 hic
1946 2619 2036 2655 ditis

330 2673 439 2708 HM:
466 2673 505 2708 et
528 2671 590 2707 hio
616 2672 672 2707 dis
698 2671 808 2707 huius
835 2672 923 2707 ditis
950 2672 987 2707 R
1025 2673 1063 2707 et
1088 2671 1149 2706 hic
1175 2671 1232 2705 dis
1259 2672 1297 2706 et
1319 2670 1411 2705 haee
1438 2669 1526 2704 ditis
1551 2668 1623 2704 AS
1641 2670 1652 2715 ΙΙ
1682 2672 1702 2703 8
1729 2668 1916 2714 creantur]
1944 2666 2036 2702 dicit

331 2721 446 2756 etiam
473 2721 556 2755 add.
579 2720 628 2754 M
645 2721 656 2765 ll
676 2723 695 2754 9
723 2719 821 2765 post]
848 2730 915 2764 per
933 2719 1033 2754 Liou
1051 2721 1062 2765 U
1082 2717 1350 2763 conscientiae]
1376 2717 1498 2752 malae
1525 2716 1774 2752 conscientiae
1801 2716 1850 2750 M
1867 2717 1878 2761 Η
1899 2718 1943 2750 10
1967 2726 2034 2750 116-

331 2768 472 2814 centes]
505 2767 549 2802 ut
579 2766 673 2801 dicit
698 2766 884 2801 Iuvenalis
910 2766 1012 2810 (XIII
1040 2768 1122 2811 193)
1148 2777 1240 2810 quos
1266 2765 1338 2800 diri
1369 2763 1518 2799 conscia
1548 2763 1639 2799 facti
1670 2775 1774 2798 mens
1798 2762 1912 2797 habet
1936 2763 2036 2800 atto-

328 2815 428 2851 nitos
455 2814 493 2850 et
517 2814 627 2850 surdo
646 2814 800 2849 uerbere
821 2812 945 2848 caedit
964 2814 1150 2848 occultum
1171 2812 1363 2857 quatiente
1383 2811 1507 2846 animo
1527 2812 1668 2846 tortore
1686 2809 1879 2855 flagellum
1899 2810 1982 2844 add.
1995 2809 2035 2844 D

331 2862 342 2910 11
369 2866 411 2897 11
433 2861 561 2897 Cicero
582 2889 589 2895 .
612 2890 619 2896 .
642 2890 649 2897 .
669 2861 815 2906 integer
840 2871 906 2895 om.
930 2861 977 2894 M
995 2861 1006 2906 ΙΙ
1028 2864 1070 2894 12
1097 2861 1256 2906 integer]
1284 2871 1569 2895 CONSANGVINEVS
1593 2871 1672 2892 mm
1697 2869 1808 2892 soron
1832 2856 2033 2892 secundum

330 2910 533 2945 Homerum
566 2912 769 2954 sequuntur
793 2908 835 2943 iu
859 2907 1028 2942 RASH
1033 2907 1083 2941 M
1111 2909 1122 2953 Η
1161 2912 1203 2941 13
1229 2907 1331 2942 Mala
1362 2906 1478 2941 suada
1509 2906 1700 2949 famesque
1727 2904 1768 2939 F
1795 2905 1806 2950 Η
1846 2907 1889 2939 14
1914 2916 2034 2939 ¹rvmns

330 2957 502 3003 nessus]
529 2958 676 3001 egestas
702 2957 828 2991 autem
853 2954 973 3000 turpis
1001 2954 1050 2988 M
1072 2955 1083 2999 Η
1114 2958 1156 2988 15
1183 2953 1270 2998 quia
1295 2965 1360 2989 om.
1387 2952 1461 2987 AS
1485 2954 1496 2998 ΙΙ
1527 2956 1568 2988 16
1594 2952 1785 2987 incurrunt
1810 2951 1851 2986 F
1886 2962 2035 2986 concur-

330 3006 414 3041 rent
439 3004 647 3049 Stephanus
672 3006 705 3039 et
729 3003 868 3038 Daniel
886 3003 898 3049 ΙΙ
923 3001 1100 3037 mortales
1125 3001 1165 3035 F
1181 3002 1192 3046 ΙΙ
1217 3000 1434 3036 inmortaIes
1459 3000 1547 3035 deos
1574 2999 1602 3034 S
1620 3000 1631 3045 ΙΙ
1661 3003 1703 3034 17
1731 2998 1810 3045 qui]
1837 2998 1924 3042 quia
1950 2998 2001 3032 M
2021 2997 2033 3044 Η

334 3056 376 3088 19
403 3051 605 3088 seeundum
630 3050 848 3096 Homerum]
877 3049 941 3094 qui
965 3049 1019 3084 ait
1045 3049 1112 3094 (Il.
1132 3047 1219 3082 XIV
1239 3049 1322 3092 231)
1350 3043 1437 3081 ἔνθ’
1456 3042 1583 3094 ’Ὕπνῳ
1611 3043 1796 3093 ξύμβλητο
1821 3041 2033 3089 κασιγνήτῳ

332 3097 524 3135 Θανάτοιο
556 3099 640 3133 add.
667 3098 716 3133 D.
760 3108 853 3143 quae
890 3099 1090 3141 sequuntur
1126 3097 1168 3130 iu
1202 3094 1468 3138 exemplaribus
1504 3094 1542 3128 et
1573 3092 1869 3137 consanguineus
1901 3090 2033 3126 similis

330 3148 450 3183 ‘nescio
474 3146 572 3182 uude
590 3146 711 3191 petita
736 3148 819 3180 sint.
841 3146 852 3191 ΙΙ
871 3144 949 3191 vel]
977 3143 1040 3179 Sol
1065 3142 1204 3178 Daniel
1222 3142 1233 3187 ΙΙ
1259 3145 1304 3175 20
1329 3140 1539 3186 placiteque
1566 3139 1645 3174 FG
1663 3140 1674 3185 ΙΙ
1694 3139 1805 3174 morti
1831 3139 1918 3174 libri
1947 3138 2033 3174 Ver-

329 3195 466 3240 9ilia‘ni
495 3195 507 3241 Ι]
542 3194 680 3229 scholia
711 3193 760 3228 ad
790 3204 885 3227 MALA
910 3204 946 3226 M.
973 3204 1007 3228 6.
1033 3194 1066 3226 et
1090 3191 1138 3226 ad
1162 3201 1193 3225 υ.
1220 3192 1288 3224 279
1316 3199 1382 3223 om.
1410 3187 1443 3222 G
1473 3188 1484 3233 ΙΙ
1522 3191 1566 3222 23
1600 3198 1684 3221 eum
1711 3185 1850 3232 omnia]
1881 3186 2035 3230 fortasse

330 3242 471 3278 relicua
496 3252 622 3277 omma
