2092 3614
252 261 337 303 648
1026 260 1187 296 SERVII
1235 278 1238 281 Δ

370 371 468 413 901.
518 383 649 414 MANV
676 383 867 414 RAPTVM
894 382 1101 414 TREPIDA
1132 373 1207 413 aut
1237 370 1414 414 festina:
1445 374 1522 413 aut
1547 387 1593 415 re
1618 387 1719 415 vera
1745 371 1957 428 ε1189111113

250 444 352 499 quia
389 443 583 499 sequitur
620 442 709 485 ‘sed
747 457 884 499 neque
923 445 1166 486 currentem
1198 457 1242 484 se
1274 457 1352 485 nec
1384 444 1606 499 cognoscit
1639 443 1840 487 euntem'.

252 527 532 566 TORQVEBAT
571 515 679 557 bene
715 515 955 570 inperfecto
994 529 1096 557 usus
1137 516 1203 556 est
1239 516 1452 569 tempore,
1498 515 1599 570 quia
1635 530 1723 558 non
1761 517 1827 558 est
1864 530 1958 571 per-

250 586 412 628 fectum
445 586 559 642 quod
584 587 733 639 voluit,
766 589 814 628 ut
840 586 986 642 (907)
1018 601 1109 629 nec
1143 586 1368 641 spatium
1400 586 1566 629 evasit
1597 589 1760 629 totum
1798 602 1959 642 neque

203 665 224 697 5
250 658 470 713 pertulit
501 658 670 700 ictum.

371 729 468 772 906.
525 747 607 772 νιιη
643 730 747 772 mire
787 728 903 772 ‘viri'
942 729 1121 784 addidit,
1159 729 1281 782 quasi
1310 732 1478 784 propter
1513 730 1716 772 rationem
1746 730 1849 782 eius,
1893 730 1961 781 qm·

251 801 443 856 Ianyicide
479 802 644 853 iecerat,
681 804 728 843 ut
763 801 848 855 ipse
886 801 996 854 lapis
1023 801 1111 843 sine
1141 800 1283 853 effectu
1311 801 1461 854 fuerit:
1499 804 1546 843 ut
1574 802 1612 844 si
1642 802 1827 853 dixisset,
1866 801 1962 843 talis

250 876 308 916 est
337 874 402 915 vir
432 873 595 927 qualem
625 873 830 927 descripsi.

370 945 468 987 907.
519 956 609 988 NEC
635 956 834 987 SPATIVM
859 956 1026 987 EVAsrr
1058 944 1129 986 hic
1162 944 1516 999 distinguendum
1542 947 1621 1000 est,
1652 947 1702 987 ut
1727 944 1785 987 sit
1805 943 1961 987 ‘totum

186 1023 228 1054 10
254 1030 393 1072 neque
431 1012 611 1071 Pertulit
649 1015 817 1072 ictum',
858 1015 902 1057 id
940 1018 1006 1058 est
1044 1017 1275 1058 evacuatus
1316 1017 1381 1057 est
1418 1015 1606 1071 impetus
1644 1014 1780 1070 ipsius
1820 1014 1962 1070 spatio

251 1088 459 1144 longiore.

372 1161 470 1204 908.
521 1172 579 1204 AC
611 1172 762 1203 VELVT
795 1173 844 1202 IN
877 1171 1043 1203 SOMNIS
1076 1159 1255 1202 Homeri
1287 1159 1566 1214 comparatio.

372 1232 470 1274 917.
521 1243 613 1274 NEC
647 1243 740 1282 QVO
774 1243 826 1274 SE
860 1244 1046 1274 ERIPIAT
1079 1233 1221 1273 totum
1254 1231 1367 1272 enim
1399 1229 1576 1272 Troiani
1608 1230 1862 1273 clauserant.

372 1304 472 1347 920.
524 1315 747 1346 soss'rl'rvs
773 1314 1030 1346 FORTVNAM
1056 1313 1222 1345 ocvms
1255 1302 1369 1344 hune
1400 1302 1542 1344 locum
1571 1301 1705 1344 oculis
1732 1301 1785 1344 ad
1811 1301 1962 1343 ferien-

183 1382 225 1413 15
253 1376 353 1418 dum
387 1375 519 1431 elegit
549 1375 891 1431 Aeneas,.quem
922 1375 1100 1417 fortuna
1130 1373 1423 1416 destinaverat
1453 1373 1631 1415 vulneri.

371 1448 470 1489 922.
520 1459 610 1490 NEC
649 1459 859 1490 FVLMINE
902 1461 980 1501 pro
1021 1444 1231 1499 ‘tonitru'‚
1277 1445 1368 1486 sine
1408 1459 1491 1500 quo
1529 1459 1761 1499 numquam
1801 1443 1963 1486 fulmen

252 1518 479 1561 emittitur.
1713 1510 1718 1514 ’

371 1590 469 1632 923.
521 1601 630 1632 ATRI
663 1601 880 1632 TVRsslle
913 1600 1084 1632 INSTAR
1122 1587 1270 1629 multis
1310 1586 1445 1628 utitur
1481 1587 1877 1642 comparationibus
1910 1587 1964 1630 ad

252 1661 577 1717 exprimendum
613 1661 794 1703 nimium
831 1661 1054 1716 impetum.
1105 1662 1147 1701 et
1186 1658 1367 1713 ‘instar',
1406 1660 1455 1700 ut
1487 1673 1617 1713 supra
1648 1659 1717 1712 <11
1747 1659 1829 1714 15>
1861 1659 1964 1702 dixi-

181 1741 226 1772 20
254 1748 360 1788 mus,
392 1748 468 1788 per
501 1748 545 1775 se
577 1733 751 1788 plenum
782 1735 848 1775 est
873 1747 949 1774 nec
976 1731 1129 1787 recipit
1154 1730 1534 1786 praepositionem,
1566 1730 1667 1772 licet
1695 1729 1876 1773 Serenus
1903 1731 1963 1775 ad

253 1805 424 1847 instar
455 1804 624 1858 dixerit,
657 1803 773 1859 quod
805 1804 851 1845 in
881 1803 1048 1846 idoneis
1081 1817 1168 1845 non
1202 1802 1418 1844 invenitur
1452 1802 1710 1844 auctoribus.

372 1876 470 1918 926.
522 1887 654 1918 ICTVS
693 1890 939 1931 percussus:
979 1889 1081 1917 nam
1113 1873 1391 1929 participium
1425 1876 1508 1928 est,
1544 1887 1593 1915 ac
1627 1873 1663 1915 si
1696 1872 1854 1915 diceret
1886 1873 1964 1915 ‘ce-

253 1947 357 1989 cidit
389 1946 551 1989 elisus'.

371 2020 470 2062 931.
520 2031 733 2071 EQVIDEM
770 2030 918 2061 MERV1
960 2018 1193 2061 secundum
1234 2020 1372 2060 artem
1410 2017 1505 2073 agit
1542 2016 1819 2059 rhetoricam:
1864 2031 1964 2059 nam

185 2099 229 2131 25
257 2091 456 2147 quotiens
488 2105 697 2147 personae
730 2091 776 2133 in
807 2090 970 2133 invidia
1003 2093 1115 2146 sunt,
1148 2090 1258 2132 aliae
1289 2104 1369 2145 pro
1402 2089 1470 2130 his
1504 2092 1791 2144 opponuntur.
1853 2089 1963 2131 unde

251 2164 316 2205 ita
348 2163 458 2219 agit:
491 2177 570 2219 ego
603 2162 774 2218 quidem
808 2162 941 2205 occidi
975 2176 1159 2213 mereor,
1192 2161 1265 2203 sed
1293 2163 1341 2203 tu
1369 2160 1496 2202 debes
1523 2160 1745 2215 ignoscere
1771 2160 1963 2215 parentis

252 2235 425 2277 intuitu.
548 2245 640 2276 NEC
673 2245 923 2276 DEPREOOR
953 2248 1042 2275 11011·
1072 2232 1228 2284 refuto,
1259 2247 1346 2274 non
1378 2246 1539 2274 recuso.

372 2307 470 2348 932.
522 2318 677 2349 VTERE
709 2317 856 2348 somn
890 2316 983 2347 TVA
1014 2303 1206 2346 interfice
1238 2303 1408 2346 hostem
1439 2306 1574 2346 tuum.

372 2379 470 2421 933.
522 2389 631 2420 err
662 2389 721 2419 m·
754 2389 851 2420 TIBI
878 2387 1014 2419 TAms
1041 2386 1269 2418 Ancmsns
1301 2375 1370 2417 hic
1403 2374 1768 2431 distinguendum,
1801 2377 1848 2416 ut
1880 2374 1962 2416 duo

183 2457 230 2489 30
257 2450 388 2492 dicat:
421 2451 464 2491 et
494 2449 685 2491 habuisti
716 2451 897 2504 patrem,
930 2450 973 2490 et
1003 2449 1127 2503 pater
1159 2461 1215 2488 es.

251 2660 306 2696 Th
332 2618 493 2696 ἱ)2’7ἶ71ἰ(Ι)ἰ1
510 2613 640 2697 lrpguto
666 2624 740 2649 non
766 2612 910 2656 recuso]
948 2611 993 2646 cf.
1022 2609 1117 2646 Gell.
1143 2609 1211 2645 VII
1241 2613 1296 2655 16,
1324 2613 1344 2645 5
1367 2622 1445 2655 sqq.
1473 2610 1511 2645 et
1535 2609 1639 2645 Luct.
1666 2609 1766 2645 Plac.
1795 2609 1843 2645 ad
1869 2610 1963 2645 Stat.

311 2672 330 2696 e
360 2688 367 2695 .

349 2821 369 2851 2
398 2827 436 2852 se
462 2816 546 2862 nec]
581 2816 644 2851 sed
670 2826 738 2851 nec
764 2815 836 2850 AS
871 2825 939 2850 nec
965 2825 1004 2849 se
1029 2814 1065 2848 R
1103 2824 1181 2848 sese
1208 2813 1251 2848 H
1284 2824 1362 2848 sese
1389 2823 1456 2848 nec
1483 2813 1549 2856 M,
1575 2816 1616 2847 ut
1640 2812 1784 2848 videtwr
1813 2812 1826 2857 ΙΙ
1863 2815 1883 2845 3
1909 2810 1963 2846 in-

253 2864 352 2900 fecto
380 2865 450 2908 ΗΙῙ
478 2867 500 2898 4
524 2864 648 2900 totum
675 2861 796 2899 euasit
819 2862 989 2907 RHMn
1009 2873 1076 2896 1188
1101 2861 1137 2896 R
1157 2862 1168 2907 ΙΙ
1195 2865 1213 2896 7
1241 2862 1284 2896 ut
1307 2861 1455 2905 scripsi:
1482 2861 1521 2895 et
1549 2859 1607 2905 ΤΗ
1633 2864 1653 2894 9
1681 2860 1738 2894 est
1761 2870 1828 2897 om.
1851 2859 1929 2895 ΒΗ
1948 2856 1961 2905 ΙΙ

254 2911 307 2947 sic
333 2911 378 2946 H
409 2913 421 2957 ss
461 2916 503 2946 12
535 2909 784 2956 comparatio]
817 2910 884 2953 (Il.
912 2909 1014 2944 XXII
1043 2911 1124 2954 199)
1158 2907 1206 2949 ὡς
1233 2905 1273 2943 δ’
1303 2906 1344 2943 ἐν
1377 2906 1510 2954 ὀνείρῳ
1538 2935 1545 2942 .
1567 2935 1574 2943 .
1598 2935 1605 2942 .
1633 2903 1720 2942 οὐδ’
1748 2902 1795 2947 ὃς
1826 2903 1963 2948 ἀλύξαι

255 2960 339 2995 add.
360 2959 399 2994 D
418 2960 429 3005 ΙΙ
451 2962 494 2993 13
520 2959 733 2994 clauserunt
759 2958 802 2993 H
817 2959 828 3004 11
856 2961 899 2992 15
925 2957 1075 2992 fortuna
1103 2984 1109 2990 .
1132 2986 1139 2992 .
1162 2985 1168 2991 .
1197 2955 1275 2991 sine
1302 2966 1368 2991 om.
1390 2954 1434 2990 H
1447 2957 1459 2999 ΙΙ
1489 2958 1530 2990 16
1556 2953 1712 2990 fulmine
1739 2954 1901 2989 mittitur
1926 2953 1963 2988 R

254 3005 407 3041 flumine
431 3005 636 3042 inmittitur
660 3005 703 3041 H
719 3006 732 3051 ΙΙ
760 3010 804 3041 22
832 3003 969 3040 cecidit
992 3015 1057 3040 om.
1084 3004 1121 3038 R
1139 3006 1150 3050 ΙΙ
1179 3008 1225 3038 24
1251 3003 1305 3039 ait
1329 3003 1374 3038 Η
1389 3004 1400 3048 ΙΙ
1418 3002 1521 3048 nam]
1550 3012 1629 3047 non
1650 3002 1685 3036 R
1704 3003 1715 3047 Η
1746 3003 1790 3036 25
1816 2999 1979 3045 quoties-

255 3054 292 3089 R
317 3056 329 3098 ΙΙ
359 3053 464 3099 ipsae
489 3064 672 3099 personae
698 3054 796 3089 Lien
826 3055 838 3099 11
869 3052 908 3088 in
933 3062 999 3087 om.
1020 3051 1056 3086 R
1088 3053 1099 3097 Η
1132 3051 1228 3086 aliae
1255 3062 1321 3095 per
1345 3050 1649 3092 insinuationem,
1675 3052 1719 3084 ut
1744 3048 1871 3084 Cicero
1898 3048 1964 3094 ait,

257 3102 446 3137 hominem
472 3112 539 3146 pro
565 3101 714 3137 homine
741 3101 798 3136 his
826 3099 1064 3145 adponuntur
1092 3099 1300 3135 Masvicius
1318 3100 1330 3144 ΙΙ
1349 3102 1394 3133 26
1421 3097 1476 3132 ait
1496 3097 1532 3132 R
1551 3098 1563 3142 ΙΙ
1583 3097 1647 3131 sed
1671 3097 1714 3131 tu
1739 3096 1832 3131 bene
1858 3096 1964 3140 igno-

257 3159 360 3184 scere
384 3148 604 3194 parentibus
631 3148 770 3184 intuitu
796 3149 840 3183 H
860 3149 872 3194 Η
903 3151 947 3183 27
974 3157 1050 3182 11011
1075 3150 1158 3182 ante
1183 3156 1312 3182 recuso
1339 3156 1404 3181 om.
1425 3145 1471 3179 H
1490 3146 1502 3190 ΙΙ
1533 3149 1578 3179 28
1604 3143 1749 3179 hostem
1774 3144 1896 3190 tuum]
1923 3143 1964 3178 in

256 3197 478 3279 Ῑιίεᾶυοοῶῗαε
497 3197 631 3280 (Ξῐεείίηῖ
653 3197 889 3233 Monacensis
908 3196 920 3242 11
940 3198 984 3230 29
1005 3193 1310 3240 distinguendum
1330 3194 1387 3228 est
1404 3192 1476 3228 AS
1494 3194 1506 3238 ΙΙ
1525 3192 1583 3238 ut]
1611 3191 1657 3226 ad
1678 3191 1721 3226 H
1736 3192 1747 3237 ΙΙ
1778 3184 1962 3236 3011118111]

259 3256 300 3281 or
328 3255 349 3281 o
377 3254 415 3279 es
459 3245 508 3279 ad
536 3272 544 3280 .
599 3245 663 3279 ion
1695 3277 1698 3281 ,
1822 3237 1829 3275 ι’
