<?xml version="1.0" encoding="UTF-8"?>
<!DOCTYPE html PUBLIC "-//W3C//DTD XHTML 1.0 Transitional//EN"
    "http://www.w3.org/TR/xhtml1/DTD/xhtml1-transitional.dtd">
<html xmlns="http://www.w3.org/1999/xhtml" xml:lang="en" lang="en">
 <head>
  <title>
</title>
<meta http-equiv="Content-Type" content="text/html;charset=utf-8" />
  <meta name='ocr-system' content='tesseract 3.04.00' />
  <meta name='ocr-capabilities' content='ocr_page ocr_carea ocr_par ocr_line ocrx_word'/>
</head>
<body>
  <div class='ocr_page' id='page_1' title='image "./invergiliicarmin02servuoft_0449.png"; bbox 0 0 2092 3614; ppageno 0'>
   <div class='ocr_carea' id='block_1_1' title="bbox 529 244 1796 286">
    <p class='ocr_par' dir='ltr' id='par_1_1' title="bbox 529 244 1796 286">
     <span class='ocr_line' id='line_1_1' title="bbox 529 244 1796 286; baseline 0.003 -4"><span class='ocrx_word' id='word_1_1' title='bbox 529 246 679 283; x_wconf 83' lang='lat' dir='ltr'>COMM.</span> <span class='ocrx_word' id='word_1_2' title='bbox 706 247 760 282; x_wconf 86' lang='lat' dir='ltr'>IN</span> <span class='ocrx_word' id='word_1_3' title='bbox 784 247 926 283; x_wconf 75' lang='lat' dir='ltr'>VERG.</span> <span class='ocrx_word' id='word_1_4' title='bbox 953 246 1065 282; x_wconf 81' lang='lat' dir='ltr'>AEN.</span> <span class='ocrx_word' id='word_1_5' title='bbox 1092 247 1125 281; x_wconf 87' lang='lat' dir='ltr'>X</span> <span class='ocrx_word' id='word_1_6' title='bbox 1151 249 1350 281; x_wconf 82' lang='lat'>394—419.</span> <span class='ocrx_word' id='word_1_7' title='bbox 1707 244 1796 286; x_wconf 82' lang='lat'>435</span> 
     </span>
    </p>
   </div>
   <div class='ocr_carea' id='block_1_2' title="bbox 87 354 1797 555">
    <p class='ocr_par' dir='ltr' id='par_1_2' title="bbox 87 354 1797 555">
     <span class='ocr_line' id='line_1_2' title="bbox 205 354 1797 411; baseline -0.001 -14"><span class='ocrx_word' id='word_1_8' title='bbox 205 356 306 398; x_wconf 87' lang='grc'>408.</span> <span class='ocrx_word' id='word_1_9' title='bbox 354 367 487 399; x_wconf 81' lang='lat' dir='ltr'>ACIES</span> <span class='ocrx_word' id='word_1_10' title='bbox 514 368 747 399; x_wconf 82' lang='lat' dir='ltr'>VVLOANIA</span> <span class='ocrx_word' id='word_1_11' title='bbox 778 356 874 398; x_wconf 91' lang='lat' dir='ltr'>ideo</span> <span class='ocrx_word' id='word_1_12' title='bbox 901 356 1059 398; x_wconf 87' lang='lat' dir='ltr'>abusus</span> <span class='ocrx_word' id='word_1_13' title='bbox 1093 357 1175 410; x_wconf 84' lang='lat' dir='ltr'>est,</span> <span class='ocrx_word' id='word_1_14' title='bbox 1209 355 1310 411; x_wconf 78' lang='lat' dir='ltr'>quia.</span> <span class='ocrx_word' id='word_1_15' title='bbox 1336 354 1602 410; x_wconf 86' lang='lat' dir='ltr'>comparatio</span> <span class='ocrx_word' id='word_1_16' title='bbox 1629 354 1682 396; x_wconf 91' lang='lat' dir='ltr'>ad</span> <span class='ocrx_word' id='word_1_17' title='bbox 1709 354 1797 395; x_wconf 91' lang='lat' dir='ltr'>bel-</span> 
     </span>
     <span class='ocr_line' id='line_1_3' title="bbox 87 426 1796 484; baseline -0.001 -16"><span class='ocrx_word' id='word_1_18' title='bbox 87 427 176 469; x_wconf 90' lang='lat' dir='ltr'>lum</span> <span class='ocrx_word' id='word_1_19' title='bbox 208 427 416 482; x_wconf 75' lang='lat' dir='ltr'>pertinet:</span> <span class='ocrx_word' id='word_1_20' title='bbox 448 442 550 470; x_wconf 87' lang='lat' dir='ltr'>nam</span> <span class='ocrx_word' id='word_1_21' title='bbox 582 427 632 470; x_wconf 89' lang='lat' dir='ltr'>de</span> <span class='ocrx_word' id='word_1_22' title='bbox 664 429 764 484; x_wconf 84' lang='lat' dir='ltr'>igne</span> <span class='ocrx_word' id='word_1_23' title='bbox 797 427 932 469; x_wconf 84' lang='lat' dir='ltr'><strong>aciem</strong></span> <span class='ocrx_word' id='word_1_24' title='bbox 959 427 1098 469; x_wconf 84' lang='lat' dir='ltr'>dicere</span> <span class='ocrx_word' id='word_1_25' title='bbox 1127 426 1234 467; x_wconf 89' lang='lat' dir='ltr'>satis</span> <span class='ocrx_word' id='word_1_26' title='bbox 1261 426 1545 481; x_wconf 85' lang='lat' dir='ltr'>incongruum</span> <span class='ocrx_word' id='word_1_27' title='bbox 1579 428 1662 468; x_wconf 86' lang='lat' dir='ltr'>est:</span> <span class='ocrx_word' id='word_1_28' title='bbox 1694 439 1796 481; x_wconf 84' lang='lat' dir='ltr'>ergo</span> 
     </span>
     <span class='ocr_line' id='line_1_4' title="bbox 87 480 1588 555; baseline 0 -16"><span class='ocrx_word' id='word_1_29' title='bbox 87 497 216 539; x_wconf 71' lang='lat' dir='ltr'>‘acies</span> <span class='ocrx_word' id='word_1_30' title='bbox 249 497 475 540; x_wconf 85' lang='lat' dir='ltr'>Vulcania&#39;</span> <span class='ocrx_word' id='word_1_31' title='bbox 508 499 572 540; x_wconf 85' lang='lat' dir='ltr'>vis</span> <span class='ocrx_word' id='word_1_32' title='bbox 603 499 736 554; x_wconf 84' lang='lat' dir='ltr'>ignis,</span> <span class='ocrx_word' id='word_1_33' title='bbox 769 480 876 555; x_wconf 66' lang='lat' dir='ltr'>quae</span> <span class='ocrx_word' id='word_1_34' title='bbox 909 498 996 540; x_wconf 86' lang='lat' dir='ltr'>late</span> <span class='ocrx_word' id='word_1_35' title='bbox 1027 512 1104 552; x_wconf 88' lang='lat' dir='ltr'>per</span> <span class='ocrx_word' id='word_1_36' title='bbox 1136 512 1311 552; x_wconf 88' lang='lat' dir='ltr'>campos</span> <span class='ocrx_word' id='word_1_37' title='bbox 1345 497 1588 539; x_wconf 86' lang='lat' dir='ltr'>effunditur.</span> 
     </span>
    </p>
   </div>
   <div class='ocr_carea' id='block_1_3' title="bbox 205 568 1798 624">
    <p class='ocr_par' dir='ltr' id='par_1_3' title="bbox 205 568 1798 624">
     <span class='ocr_line' id='line_1_5' title="bbox 205 568 1798 624; baseline 0 -14"><span class='ocrx_word' id='word_1_38' title='bbox 205 569 306 611; x_wconf 83' lang='lat'>409.</span> <span class='ocrx_word' id='word_1_39' title='bbox 356 587 449 613; x_wconf 81' lang='lat' dir='ltr'><em>ILLE</em></span> <span class='ocrx_word' id='word_1_40' title='bbox 475 587 624 614; x_wconf 79' lang='lat' dir='ltr'>SEDENS</span> <span class='ocrx_word' id='word_1_41' title='bbox 652 585 738 613; x_wconf 76' lang='lat' dir='ltr'>nou</span> <span class='ocrx_word' id='word_1_42' title='bbox 767 571 889 624; x_wconf 77' lang='lat' dir='ltr'>quasi</span> <span class='ocrx_word' id='word_1_43' title='bbox 915 569 1082 624; x_wconf 80' lang='lat' dir='ltr'>Pallas,</span> <span class='ocrx_word' id='word_1_44' title='bbox 1105 568 1399 623; x_wconf 70' lang='lat' dir='ltr'>puyuautibus&#39;</span> <span class='ocrx_word' id='word_1_45' title='bbox 1414 569 1520 624; x_wconf 73' lang='lat' dir='ltr'>suis,</span> <span class='ocrx_word' id='word_1_46' title='bbox 1551 569 1659 611; x_wconf 74' lang='lat' dir='ltr'>nihil</span> <span class='ocrx_word' id='word_1_47' title='bbox 1689 572 1798 623; x_wconf 70' lang='lat' dir='ltr'>aqut,</span> 
     </span>
    </p>
   </div>
   <div class='ocr_carea' id='block_1_4' title="bbox 85 641 1798 839">
    <p class='ocr_par' dir='ltr' id='par_1_4' title="bbox 85 641 1798 839">
     <span class='ocr_line' id='line_1_6' title="bbox 85 641 1798 695; baseline -0.001 -13"><span class='ocrx_word' id='word_1_48' title='bbox 85 641 155 682; x_wconf 83' lang='lat' dir='ltr'>sed</span> <span class='ocrx_word' id='word_1_49' title='bbox 190 645 454 695; x_wconf 72' lang='lat' dir='ltr'>comparatur</span> <span class='ocrx_word' id='word_1_50' title='bbox 489 642 605 684; x_wconf 79' lang='lat' dir='ltr'>illius</span> <span class='ocrx_word' id='word_1_51' title='bbox 640 643 853 690; x_wconf 75' lang='lat' dir='ltr'>securitati</span> <span class='ocrx_word' id='word_1_52' title='bbox 888 642 1012 683; x_wconf 77' lang='lat' dir='ltr'>huius</span> <span class='ocrx_word' id='word_1_53' title='bbox 1048 641 1251 682; x_wconf 76' lang='lat' dir='ltr'>voluutas.</span> <span class='ocrx_word' id='word_1_54' title='bbox 1371 652 1546 683; x_wconf 78' lang='lat' dir='ltr'>VICTOR</span> <span class='ocrx_word' id='word_1_55' title='bbox 1589 641 1657 682; x_wconf 88' lang='lat' dir='ltr'>cui</span> <span class='ocrx_word' id='word_1_56' title='bbox 1695 643 1798 682; x_wconf 85' lang='lat' dir='ltr'>vota</span> 
     </span>
     <span class='ocr_line' id='line_1_7' title="bbox 87 709 1798 768; baseline -0.001 -15"><span class='ocrx_word' id='word_1_57' title='bbox 87 714 405 768; x_wconf 86' lang='lat' dir='ltr'>processerunt,</span> <span class='ocrx_word' id='word_1_58' title='bbox 443 712 534 755; x_wconf 87' lang='lat' dir='ltr'>voti</span> <span class='ocrx_word' id='word_1_59' title='bbox 566 727 761 768; x_wconf 88' lang='lat' dir='ltr'>compos,</span> <span class='ocrx_word' id='word_1_60' title='bbox 799 709 1030 768; x_wconf 78' lang='grc' dir='ltr'><strong>ἐπιτυχών.</strong></span> <span class='ocrx_word' id='word_1_61' title='bbox 1155 723 1369 755; x_wconf 78' lang='lat' dir='ltr'>OVANTES</span> <span class='ocrx_word' id='word_1_62' title='bbox 1402 712 1554 753; x_wconf 85' lang='lat' dir='ltr'><strong>abusio</strong></span> <span class='ocrx_word' id='word_1_63' title='bbox 1588 714 1670 767; x_wconf 85' lang='lat' dir='ltr'>est,</span> <span class='ocrx_word' id='word_1_64' title='bbox 1711 726 1798 754; x_wconf 89' lang='lat' dir='ltr'>non</span> 
     </span>
     <span class='ocr_line' id='line_1_8' title="bbox 88 785 345 839; baseline 0.004 -14"><span class='ocrx_word' id='word_1_65' title='bbox 88 785 345 839; x_wconf 70' lang='lat' dir='ltr'>proprietas.</span> 
     </span>
    </p>
   </div>
   <div class='ocr_carea' id='block_1_5' title="bbox 84 855 1802 2413">
    <p class='ocr_par' dir='ltr' id='par_1_5' title="bbox 87 855 1799 970">
     <span class='ocr_line' id='line_1_9' title="bbox 204 855 1799 910; baseline -0.001 -12"><span class='ocrx_word' id='word_1_66' title='bbox 204 856 303 898; x_wconf 84' lang='lat'>410.</span> <span class='ocrx_word' id='word_1_67' title='bbox 356 867 464 898; x_wconf 82' lang='lat' dir='ltr'>corr</span> <span class='ocrx_word' id='word_1_68' title='bbox 493 867 635 898; x_wconf 81' lang='lat' dir='ltr'>OMNIS</span> <span class='ocrx_word' id='word_1_69' title='bbox 662 868 711 897; x_wconf 88' lang='lat' dir='ltr'>1N</span> <span class='ocrx_word' id='word_1_70' title='bbox 737 868 868 898; x_wconf 85' lang='lat' dir='ltr'>VNVM</span> <span class='ocrx_word' id='word_1_71' title='bbox 899 856 945 897; x_wconf 79' lang='lat' dir='ltr'>icl</span> <span class='ocrx_word' id='word_1_72' title='bbox 970 858 1029 897; x_wconf 78' lang='lat' dir='ltr'>est</span> <span class='ocrx_word' id='word_1_73' title='bbox 1058 856 1323 910; x_wconf 77' lang='lat' dir='ltr'>conpellitur:</span> <span class='ocrx_word' id='word_1_74' title='bbox 1355 855 1618 897; x_wconf 88' lang='lat' dir='ltr'>unanimiter</span> <span class='ocrx_word' id='word_1_75' title='bbox 1650 870 1799 897; x_wconf 86' lang='lat' dir='ltr'>omnes</span> 
     </span>
     <span class='ocr_line' id='line_1_10' title="bbox 87 925 466 970; baseline 0.003 -2"><span class='ocrx_word' id='word_1_76' title='bbox 87 925 259 969; x_wconf 84' lang='lat' dir='ltr'>fortiter</span> <span class='ocrx_word' id='word_1_77' title='bbox 290 927 466 970; x_wconf 85' lang='lat' dir='ltr'>faciunt.</span> 
     </span>
    </p>

    <p class='ocr_par' dir='ltr' id='par_1_6' title="bbox 87 998 1802 1182">
     <span class='ocr_line' id='line_1_11' title="bbox 204 998 1802 1053; baseline 0 -13"><span class='ocrx_word' id='word_1_78' title='bbox 204 998 303 1040; x_wconf 88' lang='lat'>411.</span> <span class='ocrx_word' id='word_1_79' title='bbox 355 1009 442 1041; x_wconf 82' lang='lat' dir='ltr'>SED</span> <span class='ocrx_word' id='word_1_80' title='bbox 475 1010 641 1042; x_wconf 81' lang='lat' dir='ltr'><strong>BELLIS</strong></span> <span class='ocrx_word' id='word_1_81' title='bbox 674 1010 792 1042; x_wconf 80' lang='lat' dir='ltr'>ACER</span> <span class='ocrx_word' id='word_1_82' title='bbox 823 998 943 1041; x_wconf 74' lang='lat' dir='ltr'>‘sed&#39;</span> <span class='ocrx_word' id='word_1_83' title='bbox 977 998 1104 1040; x_wconf 90' lang='lat' dir='ltr'>modo</span> <span class='ocrx_word' id='word_1_84' title='bbox 1138 998 1355 1053; x_wconf 74' lang='lat' dir='ltr'>inceptiva</span> <span class='ocrx_word' id='word_1_85' title='bbox 1386 999 1601 1053; x_wconf 87' lang='lat' dir='ltr'>particula</span> <span class='ocrx_word' id='word_1_86' title='bbox 1632 1001 1714 1052; x_wconf 86' lang='lat' dir='ltr'>est,</span> <span class='ocrx_word' id='word_1_87' title='bbox 1752 1001 1802 1040; x_wconf 90' lang='lat' dir='ltr'>ut</span> 
     </span>
     <span class='ocr_line' id='line_1_12' title="bbox 87 1068 1799 1126; baseline 0.001 -16"><span class='ocrx_word' id='word_1_88' title='bbox 87 1069 134 1110; x_wconf 92' lang='lat' dir='ltr'>in</span> <span class='ocrx_word' id='word_1_89' title='bbox 165 1068 372 1112; x_wconf 75' lang='lat' dir='ltr'>Sallustio</span> <span class='ocrx_word' id='word_1_90' title='bbox 412 1070 603 1126; x_wconf 85' lang='lat' dir='ltr'>saepius,</span> <span class='ocrx_word' id='word_1_91' title='bbox 641 1070 754 1113; x_wconf 87' lang='lat' dir='ltr'>sicut</span> <span class='ocrx_word' id='word_1_92' title='bbox 786 1069 873 1112; x_wconf 74' lang='lat' dir='ltr'>‘at&#39;</span> <span class='ocrx_word' id='word_1_93' title='bbox 912 1069 1147 1112; x_wconf 88' lang='lat' dir='ltr'>interdum:</span> <span class='ocrx_word' id='word_1_94' title='bbox 1185 1085 1286 1112; x_wconf 92' lang='lat' dir='ltr'>nam</span> <span class='ocrx_word' id='word_1_95' title='bbox 1324 1085 1412 1112; x_wconf 90' lang='lat' dir='ltr'>non</span> <span class='ocrx_word' id='word_1_96' title='bbox 1450 1072 1516 1111; x_wconf 90' lang='lat' dir='ltr'>est</span> <span class='ocrx_word' id='word_1_97' title='bbox 1553 1069 1799 1112; x_wconf 88' lang='lat' dir='ltr'>coniunctio</span> 
     </span>
     <span class='ocr_line' id='line_1_13' title="bbox 87 1140 400 1182; baseline 0.006 -2"><span class='ocrx_word' id='word_1_98' title='bbox 87 1140 400 1182; x_wconf 86' lang='lat' dir='ltr'>ratiocinantis.</span> 
     </span>
    </p>

    <p class='ocr_par' dir='ltr' id='par_1_7' title="bbox 87 1212 1800 1340">
     <span class='ocr_line' id='line_1_14' title="bbox 205 1212 1800 1269; baseline 0 -15"><span class='ocrx_word' id='word_1_99' title='bbox 205 1213 305 1254; x_wconf 76' lang='lat'>412.</span> <span class='ocrx_word' id='word_1_100' title='bbox 355 1225 405 1254; x_wconf 91' lang='lat' dir='ltr'>1N</span> <span class='ocrx_word' id='word_1_101' title='bbox 431 1224 518 1255; x_wconf 86' lang='lat' dir='ltr'>SVA</span> <span class='ocrx_word' id='word_1_102' title='bbox 545 1224 764 1255; x_wconf 74' lang='lat' dir='ltr'>coLLIGIT</span> <span class='ocrx_word' id='word_1_103' title='bbox 790 1225 918 1255; x_wconf 80' lang='lat' dir='ltr'>ARMA</span> <span class='ocrx_word' id='word_1_104' title='bbox 950 1215 1051 1269; x_wconf 84' lang='lat' dir='ltr'>post</span> <span class='ocrx_word' id='word_1_105' title='bbox 1077 1215 1245 1255; x_wconf 81' lang='lat' dir='ltr'>scutum</span> <span class='ocrx_word' id='word_1_106' title='bbox 1273 1228 1318 1255; x_wconf 86' lang='lat' dir='ltr'>se</span> <span class='ocrx_word' id='word_1_107' title='bbox 1344 1213 1519 1268; x_wconf 84' lang='lat' dir='ltr'>elausit,</span> <span class='ocrx_word' id='word_1_108' title='bbox 1552 1213 1659 1255; x_wconf 87' lang='lat' dir='ltr'>alibi</span> <span class='ocrx_word' id='word_1_109' title='bbox 1685 1212 1800 1267; x_wconf 86' lang='lat' dir='ltr'>&lt;XII</span> 
     </span>
     <span class='ocr_line' id='line_1_15' title="bbox 87 1283 887 1340; baseline 0.003 -15"><span class='ocrx_word' id='word_1_110' title='bbox 87 1283 204 1338; x_wconf 79' lang='lat'>491&gt;</span> <span class='ocrx_word' id='word_1_111' title='bbox 239 1286 289 1326; x_wconf 88' lang='lat' dir='ltr'>et</span> <span class='ocrx_word' id='word_1_112' title='bbox 320 1299 371 1325; x_wconf 90' lang='lat' dir='ltr'>se</span> <span class='ocrx_word' id='word_1_113' title='bbox 404 1284 623 1340; x_wconf 75' lang='lat' dir='ltr'>collegit</span> <span class='ocrx_word' id='word_1_114' title='bbox 654 1284 707 1325; x_wconf 91' lang='lat' dir='ltr'>in</span> <span class='ocrx_word' id='word_1_115' title='bbox 739 1300 887 1327; x_wconf 87' lang='lat' dir='ltr'>arma.</span> 
     </span>
    </p>

    <p class='ocr_par' dir='ltr' id='par_1_8' title="bbox 206 1355 1635 1412">
     <span class='ocr_line' id='line_1_16' title="bbox 206 1355 1635 1412; baseline 0 -14"><span class='ocrx_word' id='word_1_116' title='bbox 206 1355 304 1398; x_wconf 81' lang='lat'>415.</span> <span class='ocrx_word' id='word_1_117' title='bbox 354 1367 546 1397; x_wconf 79' lang='lat' dir='ltr'><strong>ELATAM</strong></span> <span class='ocrx_word' id='word_1_118' title='bbox 577 1368 626 1397; x_wconf 83' lang='lat' dir='ltr'>IN</span> <span class='ocrx_word' id='word_1_119' title='bbox 659 1368 872 1399; x_wconf 78' lang='lat' dir='ltr'>IVGVLVM</span> <span class='ocrx_word' id='word_1_120' title='bbox 904 1356 1051 1412; x_wconf 81' lang='lat' dir='ltr'>iugulo</span> <span class='ocrx_word' id='word_1_121' title='bbox 1085 1371 1162 1398; x_wconf 87' lang='lat' dir='ltr'>suo</span> <span class='ocrx_word' id='word_1_122' title='bbox 1195 1356 1351 1398; x_wconf 88' lang='lat' dir='ltr'>vulnus</span> <span class='ocrx_word' id='word_1_123' title='bbox 1383 1357 1635 1398; x_wconf 83' lang='lat' dir='ltr'>minantem.</span> 
     </span>
    </p>

    <p class='ocr_par' dir='ltr' id='par_1_9' title="bbox 86 1427 1800 1624">
     <span class='ocr_line' id='line_1_17' title="bbox 207 1427 1800 1484; baseline 0 -15"><span class='ocrx_word' id='word_1_124' title='bbox 207 1427 307 1469; x_wconf 82' lang='lat'>417.</span> <span class='ocrx_word' id='word_1_125' title='bbox 358 1439 482 1469; x_wconf 80' lang='lat' dir='ltr'>FATA</span> <span class='ocrx_word' id='word_1_126' title='bbox 515 1438 694 1470; x_wconf 79' lang='lat' dir='ltr'>CANENS</span> <span class='ocrx_word' id='word_1_127' title='bbox 728 1427 1065 1483; x_wconf 85' lang='lat' dir='ltr'>quasi-divinus.</span> <span class='ocrx_word' id='word_1_128' title='bbox 1122 1428 1198 1469; x_wconf 87' lang='lat' dir='ltr'>alii</span> <span class='ocrx_word' id='word_1_129' title='bbox 1230 1427 1419 1471; x_wconf 78' lang='lat' dir='ltr'>‘cavens’</span> <span class='ocrx_word' id='word_1_130' title='bbox 1451 1428 1621 1484; x_wconf 82' lang='lat' dir='ltr'>legunt3</span> <span class='ocrx_word' id='word_1_131' title='bbox 1653 1442 1800 1470; x_wconf 87' lang='lat' dir='ltr'>secun-</span> 
     </span>
     <span class='ocr_line' id='line_1_18' title="bbox 89 1498 1800 1554; baseline 0.002 -15"><span class='ocrx_word' id='word_1_132' title='bbox 89 1498 189 1539; x_wconf 89' lang='lat' dir='ltr'>dum</span> <span class='ocrx_word' id='word_1_133' title='bbox 231 1499 343 1554; x_wconf 90' lang='lat' dir='ltr'>quod</span> <span class='ocrx_word' id='word_1_134' title='bbox 381 1514 468 1541; x_wconf 89' lang='lat' dir='ltr'>non</span> <span class='ocrx_word' id='word_1_135' title='bbox 509 1499 658 1540; x_wconf 88' lang='lat' dir='ltr'>statim</span> <span class='ocrx_word' id='word_1_136' title='bbox 697 1502 741 1541; x_wconf 87' lang='lat' dir='ltr'>et</span> <span class='ocrx_word' id='word_1_137' title='bbox 778 1499 965 1542; x_wconf 88' lang='lat' dir='ltr'>divinus:</span> <span class='ocrx_word' id='word_1_138' title='bbox 1010 1515 1111 1542; x_wconf 89' lang='lat' dir='ltr'>nam</span> <span class='ocrx_word' id='word_1_139' title='bbox 1151 1501 1194 1541; x_wconf 88' lang='lat' dir='ltr'>et</span> <span class='ocrx_word' id='word_1_140' title='bbox 1233 1501 1287 1543; x_wconf 92' lang='lat' dir='ltr'>ab</span> <span class='ocrx_word' id='word_1_141' title='bbox 1326 1501 1422 1542; x_wconf 86' lang='lat' dir='ltr'>aliis</span> <span class='ocrx_word' id='word_1_142' title='bbox 1464 1501 1611 1542; x_wconf 88' lang='lat' dir='ltr'>audita</span> <span class='ocrx_word' id='word_1_143' title='bbox 1652 1515 1800 1543; x_wconf 86' lang='lat' dir='ltr'>cavere</span> 
     </span>
     <span class='ocr_line' id='line_1_19' title="bbox 86 1572 300 1624; baseline 0.005 -13"><span class='ocrx_word' id='word_1_144' title='bbox 86 1572 300 1624; x_wconf 89' lang='lat' dir='ltr'>potuerat.</span> 
     </span>
    </p>

    <p class='ocr_par' dir='ltr' id='par_1_10' title="bbox 88 1642 1798 1828">
     <span class='ocr_line' id='line_1_20' title="bbox 206 1642 1798 1700; baseline 0.001 -17"><span class='ocrx_word' id='word_1_145' title='bbox 206 1642 305 1684; x_wconf 79' lang='lat'>418.</span> <span class='ocrx_word' id='word_1_146' title='bbox 357 1653 591 1684; x_wconf 83' lang='lat' dir='ltr'>CANENTIA</span> <span class='ocrx_word' id='word_1_147' title='bbox 623 1655 806 1686; x_wconf 86' lang='lat' dir='ltr'>LVMINA</span> <span class='ocrx_word' id='word_1_148' title='bbox 845 1645 921 1686; x_wconf 85' lang='lat' dir='ltr'>aut</span> <span class='ocrx_word' id='word_1_149' title='bbox 957 1643 1196 1700; x_wconf 82' lang='lat' dir='ltr'>hypallage</span> <span class='ocrx_word' id='word_1_150' title='bbox 1235 1646 1301 1686; x_wconf 84' lang='lat' dir='ltr'>est</span> <span class='ocrx_word' id='word_1_151' title='bbox 1336 1659 1414 1699; x_wconf 89' lang='lat' dir='ltr'>pro</span> <span class='ocrx_word' id='word_1_152' title='bbox 1454 1643 1569 1699; x_wconf 68' lang='lat' dir='ltr'>‘ipse</span> <span class='ocrx_word' id='word_1_153' title='bbox 1602 1642 1798 1686; x_wconf 88' lang='lat' dir='ltr'>canens&#39;:</span> 
     </span>
     <span class='ocr_line' id='line_1_21' title="bbox 88 1713 1798 1771; baseline 0.002 -17"><span class='ocrx_word' id='word_1_154' title='bbox 88 1715 164 1755; x_wconf 90' lang='lat' dir='ltr'>aut</span> <span class='ocrx_word' id='word_1_155' title='bbox 206 1713 432 1768; x_wconf 85' lang='lat' dir='ltr'>physicam</span> <span class='ocrx_word' id='word_1_156' title='bbox 477 1728 568 1755; x_wconf 90' lang='lat' dir='ltr'>rem</span> <span class='ocrx_word' id='word_1_157' title='bbox 612 1713 736 1771; x_wconf 84' lang='lat' dir='ltr'>dixit3</span> <span class='ocrx_word' id='word_1_158' title='bbox 780 1714 980 1757; x_wconf 87' lang='lat' dir='ltr'>dicuntur</span> <span class='ocrx_word' id='word_1_159' title='bbox 1021 1715 1134 1757; x_wconf 91' lang='lat' dir='ltr'>enim</span> <span class='ocrx_word' id='word_1_160' title='bbox 1176 1715 1369 1770; x_wconf 90' lang='lat' dir='ltr'>pupillae</span> <span class='ocrx_word' id='word_1_161' title='bbox 1411 1716 1565 1758; x_wconf 88' lang='lat' dir='ltr'>mortis</span> <span class='ocrx_word' id='word_1_162' title='bbox 1603 1718 1798 1771; x_wconf 89' lang='lat' dir='ltr'>tempore</span> 
     </span>
     <span class='ocr_line' id='line_1_22' title="bbox 89 1785 315 1828; baseline 0.009 -2"><span class='ocrx_word' id='word_1_163' title='bbox 89 1785 315 1828; x_wconf 82' lang='lat' dir='ltr'>albescere.</span> 
     </span>
    </p>

    <p class='ocr_par' dir='ltr' id='par_1_11' title="bbox 84 1857 1800 2413">
     <span class='ocr_line' id='line_1_23' title="bbox 205 1857 1799 1901; baseline 0.001 -3"><span class='ocrx_word' id='word_1_164' title='bbox 205 1857 306 1899; x_wconf 90' lang='grc'><strong>419.</strong></span> <span class='ocrx_word' id='word_1_165' title='bbox 355 1869 579 1900; x_wconf 81' lang='lat' dir='ltr'>INIEOERE</span> <span class='ocrx_word' id='word_1_166' title='bbox 606 1869 771 1900; x_wconf 84' lang='lat' dir='ltr'>MANVM</span> <span class='ocrx_word' id='word_1_167' title='bbox 800 1869 981 1901; x_wconf 77' lang='lat' dir='ltr'>PARoAE</span> <span class='ocrx_word' id='word_1_168' title='bbox 1014 1860 1238 1900; x_wconf 84' lang='lat' dir='ltr'>traxerunt</span> <span class='ocrx_word' id='word_1_169' title='bbox 1270 1857 1462 1900; x_wconf 87' lang='lat' dir='ltr'>debitum</span> <span class='ocrx_word' id='word_1_170' title='bbox 1495 1858 1590 1900; x_wconf 85' lang='lat' dir='ltr'>sibi.</span> <span class='ocrx_word' id='word_1_171' title='bbox 1641 1860 1683 1900; x_wconf 85' lang='lat' dir='ltr'>et</span> <span class='ocrx_word' id='word_1_172' title='bbox 1715 1873 1799 1900; x_wconf 85' lang='lat' dir='ltr'>ser-</span> 
     </span>
     <span class='ocr_line' id='line_1_24' title="bbox 88 1929 1800 1985; baseline 0.001 -15"><span class='ocrx_word' id='word_1_173' title='bbox 88 1943 213 1971; x_wconf 90' lang='lat' dir='ltr'>mone</span> <span class='ocrx_word' id='word_1_174' title='bbox 251 1944 354 1971; x_wconf 86' lang='lat' dir='ltr'>usus</span> <span class='ocrx_word' id='word_1_175' title='bbox 393 1931 459 1971; x_wconf 89' lang='lat' dir='ltr'>est</span> <span class='ocrx_word' id='word_1_176' title='bbox 496 1929 622 1971; x_wconf 88' lang='lat' dir='ltr'>iuris:</span> <span class='ocrx_word' id='word_1_177' title='bbox 668 1945 770 1972; x_wconf 91' lang='lat' dir='ltr'>nam</span> <span class='ocrx_word' id='word_1_178' title='bbox 808 1945 962 1972; x_wconf 83' lang='lat' dir='ltr'>manus</span> <span class='ocrx_word' id='word_1_179' title='bbox 1001 1930 1177 1972; x_wconf 85' lang='lat' dir='ltr'>iniectio</span> <span class='ocrx_word' id='word_1_180' title='bbox 1219 1929 1377 1972; x_wconf 87' lang='lat' dir='ltr'>dicitur</span> <span class='ocrx_word' id='word_1_181' title='bbox 1418 1930 1635 1985; x_wconf 82' lang='lat' dir='ltr'>quotiens,</span> <span class='ocrx_word' id='word_1_182' title='bbox 1677 1930 1800 1972; x_wconf 90' lang='lat' dir='ltr'>nulla</span> 
     </span>
     <span class='ocr_line' id='line_1_25' title="bbox 85 2000 1680 2056; baseline 0.001 -14"><span class='ocrx_word' id='word_1_183' title='bbox 85 2000 240 2043; x_wconf 88' lang='lat' dir='ltr'>iudicis</span> <span class='ocrx_word' id='word_1_184' title='bbox 285 2001 544 2043; x_wconf 88' lang='lat' dir='ltr'>auctoritate</span> <span class='ocrx_word' id='word_1_185' title='bbox 590 2002 835 2056; x_wconf 85' lang='lat' dir='ltr'>expectata,</span> <span class='ocrx_word' id='word_1_186' title='bbox 877 2016 970 2043; x_wconf 89' lang='lat' dir='ltr'>rem</span> <span class='ocrx_word' id='word_1_187' title='bbox 1007 2001 1133 2043; x_wconf 89' lang='lat' dir='ltr'>nobis</span> <span class='ocrx_word' id='word_1_188' title='bbox 1172 2001 1363 2043; x_wconf 82' lang='lat' dir='ltr'>debitam</span> <span class='ocrx_word' id='word_1_189' title='bbox 1400 2001 1680 2044; x_wconf 83' lang='lat' dir='ltr'>vindicamus.</span> 
     </span>
     <span class='ocr_line' id='line_1_26' title="bbox 89 2072 1799 2126; baseline 0 -11"><span class='ocrx_word' id='word_1_190' title='bbox 89 2089 222 2120; x_wconf 65' lang='lat' dir='ltr'><em>TELJSQ</em></span> <span class='ocrx_word' id='word_1_191' title='bbox 231 2090 278 2115; x_wconf 76' lang='lat' dir='ltr'>VE</span> <span class='ocrx_word' id='word_1_192' title='bbox 304 2089 450 2115; x_wconf 73' lang='lat' dir='ltr'><strong><em>SACRAR,</em></strong></span> <span class='ocrx_word' id='word_1_193' title='bbox 458 2089 533 2116; x_wconf 80' lang='lat' dir='ltr'>VNT</span> <span class='ocrx_word' id='word_1_194' title='bbox 558 2089 739 2115; x_wconf 74' lang='lat' dir='ltr'>EVANDRI</span> <span class='ocrx_word' id='word_1_195' title='bbox 782 2072 925 2116; x_wconf 67' lang='lat' dir='ltr'>multis</span> <span class='ocrx_word' id='word_1_196' title='bbox 967 2073 1252 2126; x_wconf 68' lang='lat' dir='ltr'>experimentis</span> <span class='ocrx_word' id='word_1_197' title='bbox 1298 2073 1524 2115; x_wconf 73' lang='lat' dir='ltr'>ostenditur</span> <span class='ocrx_word' id='word_1_198' title='bbox 1574 2073 1799 2126; x_wconf 72' lang='lat' dir='ltr'>Veryilium</span> 
     </span>
     <span class='ocr_line' id='line_1_27' title="bbox 86 2144 1799 2198; baseline 0.001 -12"><span class='ocrx_word' id='word_1_199' title='bbox 86 2144 285 2186; x_wconf 75' lang='lat' dir='ltr'>subtiliter</span> <span class='ocrx_word' id='word_1_200' title='bbox 315 2147 352 2186; x_wconf 77' lang='lat' dir='ltr'>el</span> <span class='ocrx_word' id='word_1_201' title='bbox 374 2144 494 2186; x_wconf 75' lang='lat' dir='ltr'>aliud</span> <span class='ocrx_word' id='word_1_202' title='bbox 522 2147 705 2198; x_wconf 72' lang='lat' dir='ltr'>ayentem</span> <span class='ocrx_word' id='word_1_203' title='bbox 729 2145 858 2186; x_wconf 74' lang='lat' dir='ltr'>ritum</span> <span class='ocrx_word' id='word_1_204' title='bbox 882 2145 1249 2187; x_wconf 76' lang='lat' dir='ltr'>vetustissimorum</span> <span class='ocrx_word' id='word_1_205' title='bbox 1280 2158 1493 2187; x_wconf 84' lang='lat' dir='ltr'>sacrorum</span> <span class='ocrx_word' id='word_1_206' title='bbox 1523 2145 1685 2197; x_wconf 78' lang='lat' dir='ltr'>referre.</span> <span class='ocrx_word' id='word_1_207' title='bbox 1733 2145 1799 2187; x_wconf 75' lang='lat' dir='ltr'>hic</span> 
     </span>
     <span class='ocr_line' id='line_1_28' title="bbox 87 2203 1799 2271; baseline 0 -13"><span class='ocrx_word' id='word_1_208' title='bbox 87 2230 179 2271; x_wconf 70' lang='lat' dir='ltr'>erqo</span> <span class='ocrx_word' id='word_1_209' title='bbox 203 2203 295 2259; x_wconf 81' lang='lat' dir='ltr'>cum</span> <span class='ocrx_word' id='word_1_210' title='bbox 325 2217 425 2258; x_wconf 68' lang='lat' dir='ltr'><em>dicit</em></span> <span class='ocrx_word' id='word_1_211' title='bbox 454 2215 640 2270; x_wconf 76' lang='lat' dir='ltr'>‘telisque</span> <span class='ocrx_word' id='word_1_212' title='bbox 670 2219 891 2258; x_wconf 65' lang='lat' dir='ltr'>sacrarum}</span> <span class='ocrx_word' id='word_1_213' title='bbox 914 2215 1132 2258; x_wconf 69' lang='lat' dir='ltr'>Euandri&#39;</span> <span class='ocrx_word' id='word_1_214' title='bbox 1165 2217 1291 2271; x_wconf 78' lang='lat' dir='ltr'>docel,</span> <span class='ocrx_word' id='word_1_215' title='bbox 1322 2216 1523 2270; x_wconf 76' lang='lat' dir='ltr'>quidquid</span> <span class='ocrx_word' id='word_1_216' title='bbox 1551 2217 1799 2259; x_wconf 76' lang='lat' dir='ltr'>destinatum</span> 
     </span>
     <span class='ocr_line' id='line_1_29' title="bbox 84 2279 1799 2343; baseline 0 -13"><span class='ocrx_word' id='word_1_217' title='bbox 84 2288 213 2341; x_wconf 77' lang='lat' dir='ltr'>fuerit</span> <span class='ocrx_word' id='word_1_218' title='bbox 248 2288 345 2343; x_wconf 76' lang='lat' dir='ltr'>diis,</span> <span class='ocrx_word' id='word_1_219' title='bbox 384 2288 430 2329; x_wconf 79' lang='lat' dir='ltr'>id</span> <span class='ocrx_word' id='word_1_220' title='bbox 463 2300 628 2329; x_wconf 81' lang='lat' dir='ltr'>sacrum</span> <span class='ocrx_word' id='word_1_221' title='bbox 665 2288 879 2342; x_wconf 74' lang='lat' dir='ltr'>appellari.</span> <span class='ocrx_word' id='word_1_222' title='bbox 934 2287 1144 2342; x_wconf 75' lang='lat' dir='ltr'>perveniri</span> <span class='ocrx_word' id='word_1_223' title='bbox 1180 2291 1316 2330; x_wconf 77' lang='lat' dir='ltr'>autem</span> <span class='ocrx_word' id='word_1_224' title='bbox 1347 2288 1405 2330; x_wconf 81' lang='lat' dir='ltr'>ad</span> <span class='ocrx_word' id='word_1_225' title='bbox 1432 2279 1525 2330; x_wconf 83' lang='lat' dir='ltr'>oleos</span> <span class='ocrx_word' id='word_1_226' title='bbox 1554 2301 1638 2330; x_wconf 83' lang='lat' dir='ltr'>uou</span> <span class='ocrx_word' id='word_1_227' title='bbox 1667 2302 1799 2343; x_wconf 75' lang='lat' dir='ltr'>posse,</span> 
     </span>
     <span class='ocr_line' id='line_1_30' title="bbox 87 2359 1799 2413; baseline 0 -11"><span class='ocrx_word' id='word_1_228' title='bbox 87 2360 172 2402; x_wconf 77' lang='lat' dir='ltr'>uisi</span> <span class='ocrx_word' id='word_1_229' title='bbox 203 2360 330 2402; x_wconf 79' lang='lat' dir='ltr'>libera</span> <span class='ocrx_word' id='word_1_230' title='bbox 360 2359 411 2401; x_wconf 84' lang='lat' dir='ltr'>ab</span> <span class='ocrx_word' id='word_1_231' title='bbox 441 2373 559 2402; x_wconf 77' lang='lat' dir='ltr'>onere</span> <span class='ocrx_word' id='word_1_232' title='bbox 589 2360 770 2413; x_wconf 75' lang='lat' dir='ltr'>eorporis</span> <span class='ocrx_word' id='word_1_233' title='bbox 803 2359 933 2412; x_wconf 71' lang='lat' dir='ltr'>fuerit</span> <span class='ocrx_word' id='word_1_234' title='bbox 967 2359 1136 2402; x_wconf 78' lang='lat' dir='ltr'>anima:</span> <span class='ocrx_word' id='word_1_235' title='bbox 1176 2360 1285 2413; x_wconf 77' lang='lat' dir='ltr'>quod</span> <span class='ocrx_word' id='word_1_236' title='bbox 1319 2359 1405 2401; x_wconf 76' lang='lat' dir='ltr'>uisi</span> <span class='ocrx_word' id='word_1_237' title='bbox 1434 2362 1563 2401; x_wconf 77' lang='lat' dir='ltr'>morte</span> <span class='ocrx_word' id='word_1_238' title='bbox 1592 2360 1685 2413; x_wconf 73' lang='lat' dir='ltr'>fieri</span> <span class='ocrx_word' id='word_1_239' title='bbox 1714 2374 1799 2402; x_wconf 76' lang='lat' dir='ltr'>uon</span> 
     </span>
    </p>
   </div>
   <div class='ocr_carea' id='block_1_6' title="bbox 167 2457 372 2460">
    <p class='ocr_par' dir='ltr' id='par_1_12' title="bbox 167 2457 372 2460">
     <span class='ocr_line' id='line_1_31' title="bbox 167 2457 372 2460; baseline 0 0"><span class='ocrx_word' id='word_1_240' title='bbox 167 2457 372 2460; x_wconf 95' lang='lat' dir='ltr'> </span> 
     </span>
    </p>
   </div>
   <div class='ocr_carea' id='block_1_7' title="bbox 1828 1006 1871 1037">
    <p class='ocr_par' dir='ltr' id='par_1_13' title="bbox 1828 1006 1871 1037">
     <span class='ocr_line' id='line_1_32' title="bbox 1828 1006 1871 1037; baseline 0 0"><span class='ocrx_word' id='word_1_241' title='bbox 1828 1006 1871 1037; x_wconf 94' lang='grc'><strong>10</strong></span> 
     </span>
    </p>
   </div>
   <div class='ocr_carea' id='block_1_8' title="bbox 1827 1364 1870 1395">
    <p class='ocr_par' dir='ltr' id='par_1_14' title="bbox 1827 1364 1870 1395">
     <span class='ocr_line' id='line_1_33' title="bbox 1827 1364 1870 1395; baseline 0 0"><span class='ocrx_word' id='word_1_242' title='bbox 1827 1364 1870 1395; x_wconf 87' lang='lat'>15</span> 
     </span>
    </p>
   </div>
   <div class='ocr_carea' id='block_1_9' title="bbox 1825 1724 1871 1755">
    <p class='ocr_par' dir='ltr' id='par_1_15' title="bbox 1825 1724 1871 1755">
     <span class='ocr_line' id='line_1_34' title="bbox 1825 1724 1871 1755; baseline 0 0"><span class='ocrx_word' id='word_1_243' title='bbox 1825 1724 1871 1755; x_wconf 79' lang='lat'>20</span> 
     </span>
    </p>
   </div>
   <div class='ocr_carea' id='block_1_10' title="bbox 189 2482 1841 2560">
    <p class='ocr_par' dir='ltr' id='par_1_16' title="bbox 189 2482 1841 2560">
     <span class='ocr_line' id='line_1_35' title="bbox 189 2482 1841 2560; baseline 0.001 -13"><span class='ocrx_word' id='word_1_244' title='bbox 189 2517 230 2547; x_wconf 87' lang='lat'>10</span> <span class='ocrx_word' id='word_1_245' title='bbox 259 2512 367 2548; x_wconf 71' lang='lat' dir='ltr'>‘sed’</span> <span class='ocrx_word' id='word_1_246' title='bbox 396 2512 507 2548; x_wconf 74' lang='lat' dir='ltr'>modo</span> <span class='ocrx_word' id='word_1_247' title='bbox 540 2541 546 2547; x_wconf 93' lang='lat'>.</span> <span class='ocrx_word' id='word_1_248' title='bbox 576 2541 583 2548; x_wconf 95' lang='lat'>.</span> <span class='ocrx_word' id='word_1_249' title='bbox 611 2541 618 2548; x_wconf 94' lang='lat'>.</span> <span class='ocrx_word' id='word_1_250' title='bbox 651 2512 926 2560; x_wconf 70' lang='lat' dir='ltr'>ratiocinantis]</span> <span class='ocrx_word' id='word_1_251' title='bbox 960 2514 1003 2550; x_wconf 74' lang='lat' dir='ltr'>ef.</span> <span class='ocrx_word' id='word_1_252' title='bbox 1031 2514 1126 2549; x_wconf 83' lang='lat' dir='ltr'>Don.</span> <span class='ocrx_word' id='word_1_253' title='bbox 1152 2513 1200 2548; x_wconf 77' lang='lat' dir='ltr'>ad</span> <span class='ocrx_word' id='word_1_254' title='bbox 1226 2513 1308 2548; x_wconf 77' lang='lat' dir='ltr'>Ter.</span> <span class='ocrx_word' id='word_1_255' title='bbox 1335 2513 1449 2548; x_wconf 72' lang='lat' dir='ltr'>Andr.</span> <span class='ocrx_word' id='word_1_256' title='bbox 1474 2512 1509 2547; x_wconf 85' lang='grc' dir='ltr'>Π</span> <span class='ocrx_word' id='word_1_257' title='bbox 1536 2516 1574 2557; x_wconf 86' lang='lat'>1,</span> <span class='ocrx_word' id='word_1_258' title='bbox 1604 2516 1646 2547; x_wconf 93' lang='lat'>10</span> <span class='ocrx_word' id='word_1_259' title='bbox 1679 2514 1717 2548; x_wconf 71' lang='lat' dir='ltr'>et</span> <span class='ocrx_word' id='word_1_260' title='bbox 1748 2513 1798 2548; x_wconf 82' lang='lat' dir='ltr'>iv</span> <span class='ocrx_word' id='word_1_261' title='bbox 1829 2482 1841 2498; x_wconf 24' lang='grc' dir='ltr'>χ’</span> 
     </span>
    </p>
   </div>
   <div class='ocr_carea' id='block_1_11' title="bbox 91 2560 1796 2652">
    <p class='ocr_par' dir='ltr' id='par_1_17' title="bbox 91 2560 1796 2652">
     <span class='ocr_line' id='line_1_36' title="bbox 91 2560 1796 2643; baseline 0.001 -48"><span class='ocrx_word' id='word_1_262' title='bbox 91 2564 123 2643; x_wconf 60' lang='grc' dir='ltr'>ὲ,</span> <span class='ocrx_word' id='word_1_263' title='bbox 142 2560 390 2643; x_wconf 48' lang='grc' dir='ltr'>ἓΞΙςΠΕιέυ.3ΙΙ</span> <span class='ocrx_word' id='word_1_264' title='bbox 416 2564 455 2605; x_wconf 89' lang='grc'>3,</span> <span class='ocrx_word' id='word_1_265' title='bbox 482 2564 526 2595; x_wconf 83' lang='lat'>55</span> <span class='ocrx_word' id='word_1_266' title='bbox 563 2562 575 2606; x_wconf 82' lang='grc' dir='ltr'>ΙΙ</span> <span class='ocrx_word' id='word_1_267' title='bbox 611 2564 656 2595; x_wconf 81' lang='lat'>25</span> <span class='ocrx_word' id='word_1_268' title='bbox 683 2561 812 2596; x_wconf 82' lang='lat' dir='ltr'>multis</span> <span class='ocrx_word' id='word_1_269' title='bbox 839 2561 1100 2606; x_wconf 84' lang='lat' dir='ltr'>experimentis</span> <span class='ocrx_word' id='word_1_270' title='bbox 1126 2560 1336 2596; x_wconf 84' lang='lat' dir='ltr'>ostenditur</span> <span class='ocrx_word' id='word_1_271' title='bbox 1362 2571 1392 2596; x_wconf 89' lang='lat' dir='ltr'>e.</span> <span class='ocrx_word' id='word_1_272' title='bbox 1420 2573 1456 2605; x_wconf 88' lang='lat' dir='ltr'>q.</span> <span class='ocrx_word' id='word_1_273' title='bbox 1483 2560 1528 2606; x_wconf 88' lang='lat' dir='ltr'>s.]</span> <span class='ocrx_word' id='word_1_274' title='bbox 1561 2560 1607 2596; x_wconf 87' lang='lat' dir='ltr'>cf.</span> <span class='ocrx_word' id='word_1_275' title='bbox 1634 2560 1796 2597; x_wconf 90' lang='lat' dir='ltr'>Macrob.</span> 
     </span>
     <span class='ocr_line' id='line_1_37' title="bbox 118 2619 307 2652; baseline 0.005 -10"><span class='ocrx_word' id='word_1_276' title='bbox 118 2619 141 2642; x_wconf 87' lang='lat' dir='ltr'>a</span> <span class='ocrx_word' id='word_1_277' title='bbox 161 2637 167 2643; x_wconf 94' lang='lat'>.</span> <span class='ocrx_word' id='word_1_278' title='bbox 299 2635 307 2652; x_wconf 91' lang='lat'>,</span> 
     </span>
    </p>
   </div>
   <div class='ocr_carea' id='block_1_12' title="bbox 90 2694 373 2697">
    <p class='ocr_par' dir='ltr' id='par_1_18' title="bbox 90 2694 373 2697">
     <span class='ocr_line' id='line_1_38' title="bbox 90 2694 373 2697; baseline 0 0"><span class='ocrx_word' id='word_1_279' title='bbox 90 2694 373 2697; x_wconf 95' lang='lat' dir='ltr'> </span> 
     </span>
    </p>
   </div>
   <div class='ocr_carea' id='block_1_13' title="bbox 90 2750 1802 3273">
    <p class='ocr_par' dir='ltr' id='par_1_19' title="bbox 90 2750 1802 3273">
     <span class='ocr_line' id='line_1_39' title="bbox 187 2750 1796 2797; baseline 0.001 -13"><span class='ocrx_word' id='word_1_280' title='bbox 187 2754 205 2784; x_wconf 88' lang='lat'>1</span> <span class='ocrx_word' id='word_1_281' title='bbox 232 2750 367 2785; x_wconf 85' lang='lat' dir='ltr'>abusus</span> <span class='ocrx_word' id='word_1_282' title='bbox 393 2751 464 2797; x_wconf 88' lang='lat' dir='ltr'>est]</span> <span class='ocrx_word' id='word_1_283' title='bbox 492 2750 611 2786; x_wconf 87' lang='lat' dir='ltr'>aciem</span> <span class='ocrx_word' id='word_1_284' title='bbox 637 2751 762 2786; x_wconf 82' lang='lat' dir='ltr'>dicens</span> <span class='ocrx_word' id='word_1_285' title='bbox 788 2752 871 2788; x_wconf 74' lang='lat' dir='ltr'>add.</span> <span class='ocrx_word' id='word_1_286' title='bbox 893 2751 958 2786; x_wconf 88' lang='lat' dir='ltr'>Ml</span> <span class='ocrx_word' id='word_1_287' title='bbox 977 2752 989 2797; x_wconf 83' lang='grc' dir='ltr'>ΙΙ</span> <span class='ocrx_word' id='word_1_288' title='bbox 1008 2755 1028 2785; x_wconf 83' lang='grc'>2</span> <span class='ocrx_word' id='word_1_289' title='bbox 1054 2761 1141 2785; x_wconf 85' lang='lat' dir='ltr'>nam</span> <span class='ocrx_word' id='word_1_290' title='bbox 1167 2750 1212 2786; x_wconf 88' lang='lat' dir='ltr'>de</span> <span class='ocrx_word' id='word_1_291' title='bbox 1238 2750 1324 2796; x_wconf 86' lang='lat' dir='ltr'>igne</span> <span class='ocrx_word' id='word_1_292' title='bbox 1351 2761 1416 2786; x_wconf 85' lang='lat' dir='ltr'>om.</span> <span class='ocrx_word' id='word_1_293' title='bbox 1442 2750 1483 2785; x_wconf 90' lang='lat' dir='ltr'><strong><em>F</em></strong></span> <span class='ocrx_word' id='word_1_294' title='bbox 1498 2752 1510 2797; x_wconf 73' lang='lat' dir='ltr'>ss</span> <span class='ocrx_word' id='word_1_295' title='bbox 1530 2750 1651 2786; x_wconf 87' lang='lat' dir='ltr'>dicere</span> <span class='ocrx_word' id='word_1_296' title='bbox 1678 2751 1796 2786; x_wconf 88' lang='lat' dir='ltr'>aciem</span> 
     </span>
     <span class='ocr_line' id='line_1_40' title="bbox 91 2797 1798 2845; baseline 0 -12"><span class='ocrx_word' id='word_1_297' title='bbox 91 2798 198 2842; x_wconf 79' lang='grc' dir='ltr'>ΕΜ,</span> <span class='ocrx_word' id='word_1_298' title='bbox 225 2798 343 2833; x_wconf 86' lang='lat' dir='ltr'>aciem</span> <span class='ocrx_word' id='word_1_299' title='bbox 370 2808 436 2833; x_wconf 87' lang='lat' dir='ltr'>om.</span> <span class='ocrx_word' id='word_1_300' title='bbox 463 2797 552 2832; x_wconf 82' lang='lat' dir='ltr'>LH</span> <span class='ocrx_word' id='word_1_301' title='bbox 572 2799 670 2843; x_wconf 80' lang='lat' dir='ltr'>(add.</span> <span class='ocrx_word' id='word_1_302' title='bbox 698 2799 722 2842; x_wconf 90' lang='lat' dir='ltr'>l)</span> <span class='ocrx_word' id='word_1_303' title='bbox 750 2800 763 2844; x_wconf 79' lang='grc' dir='ltr'>ΙΙ</span> <span class='ocrx_word' id='word_1_304' title='bbox 794 2799 903 2845; x_wconf 85' lang='lat' dir='ltr'>satis]</span> <span class='ocrx_word' id='word_1_305' title='bbox 928 2797 1040 2833; x_wconf 85' lang='lat' dir='ltr'>nimis</span> <span class='ocrx_word' id='word_1_306' title='bbox 1067 2797 1107 2832; x_wconf 92' lang='lat' dir='ltr'><strong><em>F</em></strong></span> <span class='ocrx_word' id='word_1_307' title='bbox 1133 2799 1146 2843; x_wconf 82' lang='grc' dir='ltr'>ΙΙ</span> <span class='ocrx_word' id='word_1_308' title='bbox 1177 2798 1281 2844; x_wconf 81' lang='lat' dir='ltr'>ergo]</span> <span class='ocrx_word' id='word_1_309' title='bbox 1309 2798 1409 2833; x_wconf 90' lang='lat' dir='ltr'>enim</span> <span class='ocrx_word' id='word_1_310' title='bbox 1434 2798 1475 2833; x_wconf 98' lang='lat' dir='ltr'><strong><em>F</em></strong></span> <span class='ocrx_word' id='word_1_311' title='bbox 1500 2801 1512 2844; x_wconf 87' lang='grc' dir='ltr'>ΙΙ</span> <span class='ocrx_word' id='word_1_312' title='bbox 1543 2803 1565 2833; x_wconf 90' lang='grc'><strong>4</strong></span> <span class='ocrx_word' id='word_1_313' title='bbox 1590 2809 1664 2833; x_wconf 89' lang='lat' dir='ltr'>non</span> <span class='ocrx_word' id='word_1_314' title='bbox 1691 2799 1798 2843; x_wconf 85' lang='lat' dir='ltr'>quasi</span> 
     </span>
     <span class='ocr_line' id='line_1_41' title="bbox 121 2845 1798 2893; baseline 0.001 -13"><span class='ocrx_word' id='word_1_315' title='bbox 121 2873 128 2880; x_wconf 97' lang='lat'>.</span> <span class='ocrx_word' id='word_1_316' title='bbox 150 2874 158 2882; x_wconf 93' lang='lat'>.</span> <span class='ocrx_word' id='word_1_317' title='bbox 185 2846 357 2881; x_wconf 86' lang='lat' dir='ltr'>voluntas</span> <span class='ocrx_word' id='word_1_318' title='bbox 382 2846 462 2881; x_wconf 81' lang='lat' dir='ltr'>hab.</span> <span class='ocrx_word' id='word_1_319' title='bbox 494 2846 526 2880; x_wconf 88' lang='grc' dir='ltr'><em>Τ</em></span> <span class='ocrx_word' id='word_1_320' title='bbox 554 2847 566 2892; x_wconf 83' lang='grc' dir='ltr'>ΙΙ</span> <span class='ocrx_word' id='word_1_321' title='bbox 596 2846 719 2891; x_wconf 82' lang='lat' dir='ltr'>pallus</span> <span class='ocrx_word' id='word_1_322' title='bbox 745 2847 779 2881; x_wconf 78' lang='lat' dir='ltr'><em>G</em></span> <span class='ocrx_word' id='word_1_323' title='bbox 802 2847 814 2890; x_wconf 91' lang='grc' dir='ltr'>ΙΙ</span> <span class='ocrx_word' id='word_1_324' title='bbox 845 2846 974 2891; x_wconf 81' lang='lat' dir='ltr'>ageret</span> <span class='ocrx_word' id='word_1_325' title='bbox 1001 2845 1034 2880; x_wconf 87' lang='lat' dir='ltr'><em>T</em></span> <span class='ocrx_word' id='word_1_326' title='bbox 1056 2847 1067 2892; x_wconf 89' lang='grc' dir='ltr'>ΙΙ</span> <span class='ocrx_word' id='word_1_327' title='bbox 1098 2850 1119 2881; x_wconf 87' lang='lat'>5</span> <span class='ocrx_word' id='word_1_328' title='bbox 1146 2845 1207 2880; x_wconf 88' lang='lat' dir='ltr'>cui</span> <span class='ocrx_word' id='word_1_329' title='bbox 1231 2846 1322 2881; x_wconf 84' lang='lat' dir='ltr'>uota.</span> <span class='ocrx_word' id='word_1_330' title='bbox 1347 2848 1606 2890; x_wconf 81' lang='lat' dir='ltr'>processerunt</span> <span class='ocrx_word' id='word_1_331' title='bbox 1631 2857 1697 2882; x_wconf 88' lang='lat' dir='ltr'>om.</span> <span class='ocrx_word' id='word_1_332' title='bbox 1723 2846 1764 2881; x_wconf 89' lang='lat' dir='ltr'><strong><em>F</em></strong></span> <span class='ocrx_word' id='word_1_333' title='bbox 1785 2846 1798 2893; x_wconf 82' lang='grc' dir='ltr'>ΙΙ</span> 
     </span>
     <span class='ocr_line' id='line_1_42' title="bbox 92 2892 1798 2939; baseline 0 -10"><span class='ocrx_word' id='word_1_334' title='bbox 92 2897 112 2928; x_wconf 85' lang='grc'>6</span> <span class='ocrx_word' id='word_1_335' title='bbox 138 2895 224 2929; x_wconf 88' lang='lat' dir='ltr'>uoto</span> <span class='ocrx_word' id='word_1_336' title='bbox 251 2893 287 2928; x_wconf 89' lang='lat' dir='ltr'><em>R</em></span> <span class='ocrx_word' id='word_1_337' title='bbox 318 2895 329 2939; x_wconf 84' lang='grc' dir='ltr'>ΙΙ</span> <span class='ocrx_word' id='word_1_338' title='bbox 367 2905 542 2928; x_wconf 75' lang='lat' dir='ltr'>eeron</span> <span class='ocrx_word' id='word_1_339' title='bbox 567 2893 604 2927; x_wconf 88' lang='lat' dir='ltr'><strong><em>A</em></strong></span> <span class='ocrx_word' id='word_1_340' title='bbox 641 2892 820 2928; x_wconf 70' lang='lat' dir='ltr'>etinvwa</span> <span class='ocrx_word' id='word_1_341' title='bbox 846 2893 882 2928; x_wconf 79' lang='lat' dir='ltr'><strong><em>R</em></strong></span> <span class='ocrx_word' id='word_1_342' title='bbox 918 2893 1163 2928; x_wconf 70' lang='lat' dir='ltr'>nanwa.H</span> <span class='ocrx_word' id='word_1_343' title='bbox 1196 2905 1353 2928; x_wconf 72' lang='grc' dir='ltr'>εΠΤῐΧωΝ</span> <span class='ocrx_word' id='word_1_344' title='bbox 1379 2893 1428 2936; x_wconf 87' lang='lat' dir='ltr'>F,</span> <span class='ocrx_word' id='word_1_345' title='bbox 1454 2904 1520 2929; x_wconf 88' lang='lat' dir='ltr'>om.</span> <span class='ocrx_word' id='word_1_346' title='bbox 1547 2893 1609 2936; x_wconf 87' lang='lat' dir='ltr'>M,</span> <span class='ocrx_word' id='word_1_347' title='bbox 1633 2894 1798 2929; x_wconf 74' lang='lat' dir='ltr'>radendo</span> 
     </span>
     <span class='ocr_line' id='line_1_43' title="bbox 90 2940 1802 2994; baseline 0 -19"><span class='ocrx_word' id='word_1_348' title='bbox 90 2941 205 2976; x_wconf 78' lang='lat' dir='ltr'>deleta</span> <span class='ocrx_word' id='word_1_349' title='bbox 228 2951 299 2976; x_wconf 78' lang='lat' dir='ltr'>vox</span> <span class='ocrx_word' id='word_1_350' title='bbox 323 2942 366 2976; x_wconf 78' lang='lat' dir='ltr'>in</span> <span class='ocrx_word' id='word_1_351' title='bbox 389 2941 424 2975; x_wconf 88' lang='lat' dir='ltr'><em>L</em></span> <span class='ocrx_word' id='word_1_352' title='bbox 448 2943 460 2986; x_wconf 80' lang='grc' dir='ltr'>ΙΙ</span> <span class='ocrx_word' id='word_1_353' title='bbox 490 2944 511 2975; x_wconf 92' lang='grc'>8</span> <span class='ocrx_word' id='word_1_354' title='bbox 539 2940 719 2986; x_wconf 88' lang='lat' dir='ltr'>conpellit</span> <span class='ocrx_word' id='word_1_355' title='bbox 744 2940 792 2983; x_wconf 85' lang='lat' dir='ltr'>F,</span> <span class='ocrx_word' id='word_1_356' title='bbox 818 2941 959 2976; x_wconf 77' lang='lat' dir='ltr'>eorreoei</span> <span class='ocrx_word' id='word_1_357' title='bbox 977 2942 990 2994; x_wconf 74' lang='lat' dir='ltr'><strong>fl</strong></span> <span class='ocrx_word' id='word_1_358' title='bbox 1016 2940 1258 2976; x_wconf 83' lang='lat' dir='ltr'>unianimiter</span> <span class='ocrx_word' id='word_1_359' title='bbox 1283 2940 1415 2975; x_wconf 84' lang='lat' dir='ltr'>RLH</span> <span class='ocrx_word' id='word_1_360' title='bbox 1419 2941 1458 2975; x_wconf 90' lang='lat' dir='ltr'><strong><em>F</em></strong></span> <span class='ocrx_word' id='word_1_361' title='bbox 1480 2942 1492 2987; x_wconf 86' lang='grc' dir='ltr'>ΙΙ</span> <span class='ocrx_word' id='word_1_362' title='bbox 1525 2945 1566 2976; x_wconf 90' lang='grc'>11</span> <span class='ocrx_word' id='word_1_363' title='bbox 1594 2942 1648 2988; x_wconf 87' lang='lat' dir='ltr'>at]</span> <span class='ocrx_word' id='word_1_364' title='bbox 1678 2942 1732 2976; x_wconf 87' lang='lat' dir='ltr'>ait</span> <span class='ocrx_word' id='word_1_365' title='bbox 1756 2941 1802 2975; x_wconf 88' lang='grc' dir='ltr'><strong>Η</strong></span> 
     </span>
     <span class='ocr_line' id='line_1_44' title="bbox 92 2988 1798 3035; baseline 0.001 -13"><span class='ocrx_word' id='word_1_366' title='bbox 92 2988 139 3022; x_wconf 84' lang='lat' dir='ltr'>ad</span> <span class='ocrx_word' id='word_1_367' title='bbox 166 2988 206 3023; x_wconf 88' lang='lat' dir='ltr'><strong><em>F</em></strong></span> <span class='ocrx_word' id='word_1_368' title='bbox 238 2990 251 3034; x_wconf 84' lang='grc' dir='ltr'>ΙΙ</span> <span class='ocrx_word' id='word_1_369' title='bbox 289 2993 332 3023; x_wconf 89' lang='grc'>13</span> <span class='ocrx_word' id='word_1_370' title='bbox 358 2990 446 3034; x_wconf 84' lang='lat' dir='ltr'>post</span> <span class='ocrx_word' id='word_1_371' title='bbox 472 3017 480 3024; x_wconf 93' lang='lat'>.</span> <span class='ocrx_word' id='word_1_372' title='bbox 508 3017 515 3024; x_wconf 89' lang='lat'>.</span> <span class='ocrx_word' id='word_1_373' title='bbox 543 3016 550 3024; x_wconf 95' lang='lat'>.</span> <span class='ocrx_word' id='word_1_374' title='bbox 578 2988 685 3034; x_wconf 85' lang='lat' dir='ltr'>alibi]</span> <span class='ocrx_word' id='word_1_375' title='bbox 719 2990 824 3023; x_wconf 81' lang='lat' dir='ltr'>scuto</span> <span class='ocrx_word' id='word_1_376' title='bbox 850 3000 888 3023; x_wconf 82' lang='lat' dir='ltr'>se</span> <span class='ocrx_word' id='word_1_377' title='bbox 912 2989 1012 3034; x_wconf 80' lang='lat' dir='ltr'>teglt</span> <span class='ocrx_word' id='word_1_378' title='bbox 1036 2988 1113 3023; x_wconf 85' lang='lat' dir='ltr'>albi</span> <span class='ocrx_word' id='word_1_379' title='bbox 1137 2988 1177 3023; x_wconf 89' lang='lat' dir='ltr'><strong><em>F</em></strong></span> <span class='ocrx_word' id='word_1_380' title='bbox 1210 2990 1223 3033; x_wconf 79' lang='grc'><strong>11</strong></span> <span class='ocrx_word' id='word_1_381' title='bbox 1259 3000 1297 3023; x_wconf 83' lang='lat' dir='ltr'>se</span> <span class='ocrx_word' id='word_1_382' title='bbox 1323 2989 1473 3035; x_wconf 84' lang='lat' dir='ltr'>clausit]</span> <span class='ocrx_word' id='word_1_383' title='bbox 1502 2988 1569 3023; x_wconf 83' lang='lat' dir='ltr'>sed</span> <span class='ocrx_word' id='word_1_384' title='bbox 1593 2988 1701 3024; x_wconf 85' lang='lat' dir='ltr'>audit</span> <span class='ocrx_word' id='word_1_385' title='bbox 1724 2989 1761 3023; x_wconf 80' lang='lat' dir='ltr'><em>R</em></span> <span class='ocrx_word' id='word_1_386' title='bbox 1786 2989 1798 3035; x_wconf 88' lang='grc' dir='ltr'>ΙΙ</span> 
     </span>
     <span class='ocr_line' id='line_1_45' title="bbox 94 3035 1797 3082; baseline 0.001 -13"><span class='ocrx_word' id='word_1_387' title='bbox 94 3039 137 3070; x_wconf 84' lang='grc'><strong>16</strong></span> <span class='ocrx_word' id='word_1_388' title='bbox 164 3035 326 3082; x_wconf 87' lang='lat' dir='ltr'>divinus]</span> <span class='ocrx_word' id='word_1_389' title='bbox 353 3035 536 3082; x_wconf 85' lang='lat' dir='ltr'>accipitur</span> <span class='ocrx_word' id='word_1_390' title='bbox 561 3037 646 3072; x_wconf 82' lang='lat' dir='ltr'>add.</span> <span class='ocrx_word' id='word_1_391' title='bbox 661 3035 737 3078; x_wconf 88' lang='lat' dir='ltr'>Ml,</span> <span class='ocrx_word' id='word_1_392' title='bbox 763 3036 921 3080; x_wconf 85' lang='lat' dir='ltr'>apparet</span> <span class='ocrx_word' id='word_1_393' title='bbox 945 3036 1029 3071; x_wconf 78' lang='lat' dir='ltr'>add.</span> <span class='ocrx_word' id='word_1_394' title='bbox 1045 3036 1250 3071; x_wconf 71' lang='lat' dir='ltr'>Masvicius</span> <span class='ocrx_word' id='word_1_395' title='bbox 1267 3036 1280 3080; x_wconf 81' lang='grc' dir='ltr'>ΙΙ</span> <span class='ocrx_word' id='word_1_396' title='bbox 1308 3039 1350 3071; x_wconf 83' lang='grc'><strong>17</strong></span> <span class='ocrx_word' id='word_1_397' title='bbox 1377 3046 1464 3070; x_wconf 86' lang='lat' dir='ltr'>nam</span> <span class='ocrx_word' id='word_1_398' title='bbox 1489 3047 1554 3071; x_wconf 89' lang='lat' dir='ltr'>om.</span> <span class='ocrx_word' id='word_1_399' title='bbox 1570 3036 1611 3071; x_wconf 88' lang='lat' dir='ltr'><strong><em>F</em></strong></span> <span class='ocrx_word' id='word_1_400' title='bbox 1626 3038 1638 3081; x_wconf 82' lang='grc' dir='ltr'>ΙΙ</span> <span class='ocrx_word' id='word_1_401' title='bbox 1664 3046 1797 3071; x_wconf 83' lang='lat' dir='ltr'>cauere</span> 
     </span>
     <span class='ocr_line' id='line_1_46' title="bbox 93 3082 1798 3130; baseline 0 -14"><span class='ocrx_word' id='word_1_402' title='bbox 93 3083 267 3127; x_wconf 82' lang='lat' dir='ltr'>potuerat</span> <span class='ocrx_word' id='word_1_403' title='bbox 291 3085 329 3119; x_wconf 87' lang='lat' dir='ltr'>et</span> <span class='ocrx_word' id='word_1_404' title='bbox 353 3083 401 3119; x_wconf 85' lang='lat' dir='ltr'>ab</span> <span class='ocrx_word' id='word_1_405' title='bbox 426 3084 511 3119; x_wconf 87' lang='lat' dir='ltr'>aliis</span> <span class='ocrx_word' id='word_1_406' title='bbox 537 3083 666 3120; x_wconf 84' lang='lat' dir='ltr'>audita</span> <span class='ocrx_word' id='word_1_407' title='bbox 689 3083 728 3117; x_wconf 91' lang='lat' dir='ltr'><strong><em>F</em></strong></span> <span class='ocrx_word' id='word_1_408' title='bbox 745 3084 756 3129; x_wconf 91' lang='grc' dir='ltr'>ΙΙ</span> <span class='ocrx_word' id='word_1_409' title='bbox 778 3086 820 3117; x_wconf 88' lang='grc'><strong>19</strong></span> <span class='ocrx_word' id='word_1_410' title='bbox 847 3084 904 3118; x_wconf 88' lang='lat' dir='ltr'>est</span> <span class='ocrx_word' id='word_1_411' title='bbox 927 3094 994 3118; x_wconf 85' lang='lat' dir='ltr'>om.</span> <span class='ocrx_word' id='word_1_412' title='bbox 1015 3082 1055 3118; x_wconf 90' lang='lat' dir='ltr'><strong><em>F</em></strong></span> <span class='ocrx_word' id='word_1_413' title='bbox 1071 3084 1082 3130; x_wconf 87' lang='grc' dir='ltr'>ΙΙ</span> <span class='ocrx_word' id='word_1_414' title='bbox 1101 3088 1146 3118; x_wconf 81' lang='lat'>23</span> <span class='ocrx_word' id='word_1_415' title='bbox 1173 3084 1231 3118; x_wconf 85' lang='lat' dir='ltr'>est</span> <span class='ocrx_word' id='word_1_416' title='bbox 1255 3094 1321 3117; x_wconf 86' lang='lat' dir='ltr'>om.</span> <span class='ocrx_word' id='word_1_417' title='bbox 1343 3082 1383 3117; x_wconf 91' lang='lat' dir='ltr'><strong><em>F</em></strong></span> <span class='ocrx_word' id='word_1_418' title='bbox 1398 3084 1410 3129; x_wconf 75' lang='lat' dir='ltr'>ss</span> <span class='ocrx_word' id='word_1_419' title='bbox 1429 3087 1474 3118; x_wconf 83' lang='lat'>25</span> <span class='ocrx_word' id='word_1_420' title='bbox 1499 3083 1628 3118; x_wconf 86' lang='lat' dir='ltr'>multis</span> <span class='ocrx_word' id='word_1_421' title='bbox 1654 3083 1798 3128; x_wconf 86' lang='lat' dir='ltr'>experi-</span> 
     </span>
     <span class='ocr_line' id='line_1_47' title="bbox 93 3130 1797 3178; baseline 0 -14"><span class='ocrx_word' id='word_1_422' title='bbox 93 3130 229 3165; x_wconf 85' lang='lat' dir='ltr'>mentis</span> <span class='ocrx_word' id='word_1_423' title='bbox 255 3159 262 3166; x_wconf 96' lang='lat'>.</span> <span class='ocrx_word' id='word_1_424' title='bbox 285 3158 291 3166; x_wconf 94' lang='lat'>.</span> <span class='ocrx_word' id='word_1_425' title='bbox 313 3159 320 3166; x_wconf 94' lang='lat'>.</span> <span class='ocrx_word' id='word_1_426' title='bbox 346 3130 519 3166; x_wconf 86' lang='lat' dir='ltr'>interitus</span> <span class='ocrx_word' id='word_1_427' title='bbox 544 3132 626 3168; x_wconf 82' lang='lat' dir='ltr'>hab.</span> <span class='ocrx_word' id='word_1_428' title='bbox 657 3131 690 3165; x_wconf 90' lang='lat' dir='ltr'><em>T</em></span> <span class='ocrx_word' id='word_1_429' title='bbox 706 3132 718 3175; x_wconf 81' lang='grc' dir='ltr'>ΙΙ</span> <span class='ocrx_word' id='word_1_430' title='bbox 749 3134 795 3165; x_wconf 82' lang='lat'>26</span> <span class='ocrx_word' id='word_1_431' title='bbox 821 3130 1007 3176; x_wconf 83' lang='lat' dir='ltr'>suptiliter</span> <span class='ocrx_word' id='word_1_432' title='bbox 1035 3130 1069 3166; x_wconf 90' lang='lat' dir='ltr'><em>T</em></span> <span class='ocrx_word' id='word_1_433' title='bbox 1082 3132 1095 3178; x_wconf 78' lang='grc' dir='ltr'>ΙΙ</span> <span class='ocrx_word' id='word_1_434' title='bbox 1114 3132 1152 3166; x_wconf 90' lang='lat' dir='ltr'>et</span> <span class='ocrx_word' id='word_1_435' title='bbox 1176 3141 1242 3166; x_wconf 86' lang='lat' dir='ltr'>om.</span> <span class='ocrx_word' id='word_1_436' title='bbox 1273 3130 1306 3165; x_wconf 84' lang='lat' dir='ltr'><em>T</em></span> <span class='ocrx_word' id='word_1_437' title='bbox 1322 3132 1333 3176; x_wconf 90' lang='grc' dir='ltr'>ΙΙ</span> <span class='ocrx_word' id='word_1_438' title='bbox 1351 3130 1500 3165; x_wconf 86' lang='lat' dir='ltr'>refferre</span> <span class='ocrx_word' id='word_1_439' title='bbox 1527 3131 1568 3165; x_wconf 91' lang='lat' dir='ltr'><strong><em>F</em></strong></span> <span class='ocrx_word' id='word_1_440' title='bbox 1583 3132 1595 3175; x_wconf 78' lang='grc' dir='ltr'>ΙΙ</span> <span class='ocrx_word' id='word_1_441' title='bbox 1615 3130 1700 3165; x_wconf 85' lang='lat' dir='ltr'>hinc</span> <span class='ocrx_word' id='word_1_442' title='bbox 1731 3130 1763 3163; x_wconf 88' lang='lat' dir='ltr'><em>T</em></span> <span class='ocrx_word' id='word_1_443' title='bbox 1785 3130 1797 3177; x_wconf 83' lang='grc' dir='ltr'>Η</span> 
     </span>
     <span class='ocr_line' id='line_1_48' title="bbox 93 3176 1798 3224; baseline 0 -13"><span class='ocrx_word' id='word_1_444' title='bbox 93 3180 138 3212; x_wconf 83' lang='lat'>27</span> <span class='ocrx_word' id='word_1_445' title='bbox 165 3176 342 3222; x_wconf 71' lang='lat' dir='ltr'>quiequid</span> <span class='ocrx_word' id='word_1_446' title='bbox 370 3178 403 3213; x_wconf 93' lang='lat' dir='ltr'><em>T</em></span> <span class='ocrx_word' id='word_1_447' title='bbox 418 3179 431 3223; x_wconf 75' lang='lat' dir='ltr'>n</span> <span class='ocrx_word' id='word_1_448' title='bbox 449 3178 669 3214; x_wconf 83' lang='lat' dir='ltr'>distinatum</span> <span class='ocrx_word' id='word_1_449' title='bbox 697 3178 736 3213; x_wconf 94' lang='lat' dir='ltr'><strong><em>F</em></strong></span> <span class='ocrx_word' id='word_1_450' title='bbox 752 3180 763 3224; x_wconf 81' lang='grc'><strong>11</strong></span> <span class='ocrx_word' id='word_1_451' title='bbox 783 3182 827 3213; x_wconf 83' lang='lat'>28</span> <span class='ocrx_word' id='word_1_452' title='bbox 854 3177 966 3213; x_wconf 82' lang='lat' dir='ltr'>fuerit</span> <span class='ocrx_word' id='word_1_453' title='bbox 990 3189 1056 3213; x_wconf 83' lang='lat' dir='ltr'>om.</span> <span class='ocrx_word' id='word_1_454' title='bbox 1077 3178 1118 3213; x_wconf 90' lang='lat' dir='ltr'><strong><em>F</em></strong></span> <span class='ocrx_word' id='word_1_455' title='bbox 1133 3180 1144 3224; x_wconf 88' lang='grc' dir='ltr'>ΙΙ</span> <span class='ocrx_word' id='word_1_456' title='bbox 1163 3182 1208 3213; x_wconf 80' lang='lat'>29</span> <span class='ocrx_word' id='word_1_457' title='bbox 1234 3177 1328 3213; x_wconf 85' lang='lat' dir='ltr'>liber</span> <span class='ocrx_word' id='word_1_458' title='bbox 1353 3178 1400 3213; x_wconf 83' lang='lat' dir='ltr'>ab</span> <span class='ocrx_word' id='word_1_459' title='bbox 1426 3189 1536 3213; x_wconf 86' lang='lat' dir='ltr'>onere</span> <span class='ocrx_word' id='word_1_460' title='bbox 1563 3178 1644 3212; x_wconf 84' lang='lat' dir='ltr'>FT</span> <span class='ocrx_word' id='word_1_461' title='bbox 1678 3177 1798 3211; x_wconf 84' lang='lat' dir='ltr'>libera.</span> 
     </span>
     <span class='ocr_line' id='line_1_49' title="bbox 95 3224 1165 3273; baseline 0.002 -15"><span class='ocrx_word' id='word_1_462' title='bbox 95 3235 204 3259; x_wconf 84' lang='lat' dir='ltr'>onere</span> <span class='ocrx_word' id='word_1_463' title='bbox 230 3224 368 3261; x_wconf 75' lang='lat' dir='ltr'>Daniel</span> <span class='ocrx_word' id='word_1_464' title='bbox 397 3226 410 3270; x_wconf 85' lang='grc' dir='ltr'>ΙΙ</span> <span class='ocrx_word' id='word_1_465' title='bbox 439 3225 570 3273; x_wconf 89' lang='lat' dir='ltr'>fuerit]</span> <span class='ocrx_word' id='word_1_466' title='bbox 596 3238 670 3262; x_wconf 91' lang='lat' dir='ltr'>non</span> <span class='ocrx_word' id='word_1_467' title='bbox 695 3226 807 3260; x_wconf 84' lang='lat' dir='ltr'>fuerit</span> <span class='ocrx_word' id='word_1_468' title='bbox 832 3225 872 3260; x_wconf 91' lang='lat' dir='ltr'><strong><em>F</em></strong></span> <span class='ocrx_word' id='word_1_469' title='bbox 899 3227 911 3271; x_wconf 71' lang='grc' dir='ltr'>ΙΙ</span> <span class='ocrx_word' id='word_1_470' title='bbox 941 3227 1098 3261; x_wconf 83' lang='lat' dir='ltr'>mortem</span> <span class='ocrx_word' id='word_1_471' title='bbox 1125 3226 1165 3260; x_wconf 92' lang='lat' dir='ltr'><strong><em>F</em></strong></span> 
     </span>
    </p>
   </div>
   <div class='ocr_carea' id='block_1_14' title="bbox 165 3289 1511 3322">
    <p class='ocr_par' dir='ltr' id='par_1_20' title="bbox 165 3289 1511 3322">
     <span class='ocr_line' id='line_1_50' title="bbox 165 3289 1511 3322; baseline 0.004 -6"><span class='ocrx_word' id='word_1_472' title='bbox 165 3290 263 3317; x_wconf 76' lang='lat' dir='ltr'>Servii</span> <span class='ocrx_word' id='word_1_473' title='bbox 282 3299 385 3319; x_wconf 86' lang='lat' dir='ltr'>comm.</span> <span class='ocrx_word' id='word_1_474' title='bbox 406 3292 474 3319; x_wconf 87' lang='lat' dir='ltr'>Vol.</span> <span class='ocrx_word' id='word_1_475' title='bbox 492 3292 533 3319; x_wconf 89' lang='lat'>11.</span> <span class='ocrx_word' id='word_1_476' title='bbox 552 3292 638 3319; x_wconf 74' lang='lat' dir='ltr'>Fasc.</span> <span class='ocrx_word' id='word_1_477' title='bbox 658 3293 700 3318; x_wconf 90' lang='lat'>11.</span> <span class='ocrx_word' id='word_1_478' title='bbox 1467 3289 1511 3322; x_wconf 78' lang='lat'>29</span> 
     </span>
    </p>
   </div>
  </div>
 </body>
</html>
