2092 3614
324 299 410 342 342
1095 299 1257 338 SERVII

325 409 574 466 cognomini
605 409 712 452 haec
743 409 935 466 reliquit,
967 410 1040 465 qui
1072 412 1225 465 postea
1251 410 1389 453 victus
1416 426 1442 453 a
1467 411 1640 453 Rutulis
1673 413 1739 453 est
1771 414 1814 453 et
1845 411 2028 454 occisus:

323 484 424 536 post
468 480 587 523 cuius
633 483 816 524 mortem
862 481 972 536 apud
1013 481 1298 523 Rhamnetem
1336 481 1547 524 Rutulum
1591 482 1645 524 ab
1686 482 1879 538 Euryalo
1923 483 2029 525 haec

324 555 495 607 reperta
529 554 631 594 sunt
663 567 851 595 munera.
914 552 1029 608 quod
1060 555 1204 595 autem
1237 553 1345 595 dixit
1376 552 1570 595 ‘Tiburti
1602 553 1819 610 Remulo',
1851 557 1926 596 aut
1957 554 2029 596 Ti·-

324 624 499 666 burtino
530 624 850 680 intellegamus,
883 624 965 666 hoc
997 626 1063 666 est
1094 624 1143 666 de
1177 624 1354 679 Tibure,
1385 627 1433 666 ut
1465 625 1522 666 sit
1553 625 1723 667 dativus
1757 625 1810 666 ab
1841 625 2029 679 appella-

277 702 297 733 5
323 695 414 737 tivo
447 695 620 738 veniens
652 695 723 738 hic
754 695 929 737 Tiburs:
968 698 1044 737 aut
1075 694 1302 750 ‘Tibu1·ti',
1339 696 1422 738 hoc
1460 698 1526 738 est
1563 696 1653 739 filio
1687 695 1858 738 Tiburti
1891 696 1945 738 ab
1979 711 2027 738 eo

326 767 438 821 quod
471 770 537 809 est
568 766 639 809 hic
671 767 892 818 Tiburtus,
927 766 1054 808 huius
1081 766 1269 819 Tiburti,
1301 770 1350 809 ut
1382 767 1439 809 sit
1471 766 1884 816 ‘Tiburti'Remulo'
1918 768 2029 810 sicut

323 837 415 892 <VI
446 837 533 892 36>
565 838 834 893 Deiphobe
867 836 1062 880 Glauci.

442 909 541 952 359.
591 926 671 952 CVM
701 926 901 952 triveram
927 926 1073 952 ABSENS
1103 913 1179 952 aut
1207 923 1299 952 eum
1329 923 1371 952 se
1401 910 1466 953 illi
1495 911 1694 965 iunqeret,
1726 913 1801 953 aut
1823 924 1915 953 eum
1939 911 2029 953 iun-

319 984 491 1035 yeretur.

254 1059 297 1091 10
444 1052 541 1094 360.
592 1063 678 1095 svo
711 1063 917 1095 uomens
950 1064 1054 1094 DAT·
1075 1064 1263 1094 HABERE
1297 1064 1470 1095 NEPOTI
1500 1053 1634 1107 nepoti
1664 1053 1864 1108 Remulo,
1902 1068 2027 1108 quem

324 1139 454 1179 supra
485 1139 565 1166 avo
599 1123 901 1179 cognominem
933 1123 1132 1165 diximus.
1193 1138 1294 1166 nam
1327 1123 1525 1179 quotiens
1559 1126 1706 1179 aperte
1737 1138 1825 1166 non
1857 1125 2032 1179 ponitur

322 1210 481 1238 nomen
512 1195 590 1237 filii
623 1196 691 1237 vel
722 1195 912 1250 nepotis,
947 1195 1246 1251 cognominem
1279 1209 1376 1236 eum
1409 1209 1501 1236 esse
1533 1194 1829 1251 intellegimus
1856 1210 1935 1238 avo
1963 1196 2029 1238 vel

322 1266 457 1322 patri,
492 1281 674 1322 quorum
705 1281 863 1308 nomen
895 1268 1042 1322 aperte
1074 1266 1264 1321 positum
1294 1266 1555 1322 invenimus3
1587 1268 1630 1308 et
1656 1281 1678 1308 e
1704 1269 1855 1309 contra
1887 1267 1923 1309 si
1950 1267 2030 1308 filii

323 1324 597 1392 vel-nepotis
629 1328 821 1392 positum
853 1352 1013 1380 nomen
1045 1338 1194 1392 fuerit,
1232 1338 1584 1392 praetermissum
1617 1340 1761 1379 autem
1792 1340 2031 1392 parentum,

253 1417 295 1448 15
323 1409 600 1464 cognomines
633 1423 706 1451 eos
739 1423 833 1451 esse
865 1409 1167 1464 intellegamus
1198 1423 1372 1450 necesse
1405 1411 1482 1451 est.

442 1479 540 1522 361.
590 1491 706 1523 POST
744 1492 939 1523 MORTEM
982 1479 1144 1522 scilicet
1180 1479 1369 1535 Remuli,
1415 1480 1647 1522 secundum
1694 1495 1825 1535 supra
1868 1480 2029 1522 dictum

323 1565 514 1593 sensum:
546 1566 647 1593 nam
675 1550 872 1593 Donatus
900 1551 1003 1594 dicit
1028 1553 1145 1606 post
1175 1553 1388 1594 mortem
1414 1550 1528 1593 Nisi
1563 1554 1612 1593 et
1635 1550 1856 1606 Euryali
1889 1552 2028 1594 bello

321 1622 480 1678 potiti
507 1620 646 1665 'sunt
682 1622 880 1665 Rutuli:
925 1623 1039 1678 quod
1083 1637 1172 1664 non
1208 1622 1421 1677 procedit,
1465 1623 1503 1664 si
1544 1622 1776 1679 diligenter
1819 1623 2029 1666 advertas,

322 1708 424 1736 sane
469 1694 690 1737 sciendum
733 1694 875 1736 locum
919 1693 1033 1735 hunc
1079 1686 1170 1735 esse
1215 1708 1348 1735 unum
1392 1692 1442 1735 de
1481 1706 1560 1736 XII.
1592 1693 1777 1749 Vergilii
1821 1694 1910 1737 sive
1953 1709 2029 1749 per

250 1776 295 1807 20
321 1767 520 1808 naturam
554 1765 768 1821 obscuris,
807 1766 896 1808 sive
928 1765 1253 1820 insolubilibus,
1293 1764 1380 1806 sive
1413 1764 1708 1820 emendandis,
1751 1765 1839 1806 sive
1872 1764 1933 1807 sic
1964 1779 2028 1807 re-

320 1837 455 1892 lic-tis,
491 1840 541 1879 ut
579 1852 604 1879 a
641 1836 767 1879 nobis
805 1851 883 1891 per
919 1836 1129 1879 historiae
1170 1836 1373 1891 antiquae
1410 1835 1704 1891 ignorantiam
1743 1835 1903 1891 liquide
1941 1850 2029 1878 non

320 1908 642 1964 intellegantur.

439 1981 537 2023 362.
587 1991 867 2031 NEQVIQVAM
898 1995 986 2022 non
1018 1979 1240 2022 fruiturus.
1286 1982 1330 2021 et
1355 1981 1421 2021 est
1452 1977 1729 2034 ‘nequiquam
1760 1976 1909 2033 aptat',
1939 1993 2027 2021 non

320 2051 592 2108 ‘nequiquam
627 2051 842 2095 fortibus'.

247 2133 292 2164 25
438 2124 536 2166 363.
587 2134 776 2166 GALEAM
808 2134 1006 2166 MESSAPI
1045 2137 1132 2165 non
1171 2122 1302 2165 occisi
1332 2121 1523 2176 Messapi
1555 2120 1736 2163 abstulit
1766 2121 1938 2176 galeam
1970 2145 2024 2150 ———

318 2210 419 2236 nam
445 2195 726 2237 dimicaturus
754 2197 820 2237 est
844 2195 975 2250 paulo
1001 2195 1103 2249 post
1131 2218 1180 2223 —
1217 2193 1291 2236 sed
1322 2193 1491 2235 invenit
1520 2193 1731 2235 iacentem
1765 2195 1808 2234 et
1838 2192 2026 2235 sustulit.

408 2277 679 2316 GRISTISQVE
703 2276 926 2308 DECORAM
952 2266 1060 2308 bene
1086 2265 1330 2321 praemittit
1355 2264 1499 2306 dicens
1527 2262 1777 2317 ‘decoram'3
1808 2277 1908 2304 nam
1934 2263 2024 2305 eius

318 2337 544 2392 splendore
574 2337 798 2393 prodente
815 2336 1032 2391 Euryalus
1065 2336 1245 2391 capitur.
1295 2336 1462 2389 denique
1487 2334 1618 2377 Nisus
1648 2333 1724 2376 hae
1753 2334 1913 2376 ratione
1942 2347 2026 2377 non

312 2409 522 2464 proditur,
571 2409 639 2451 eui
680 2408 844 2450 habenti
883 2409 911 2461 †
930 2408 1124 2461 inferiore
1163 2407 1344 2461 9aleam,
1394 2406 1635 2448 habiliorem
1679 2405 1843 2460 yaleam
1889 2406 2026 2448 Aletes

246 2488 292 2520 30
308 2480 574 2533 permutavit.

435 2551 534 2593 364.
582 2561 837 2592 EXCEDVNT
871 2560 1059 2592 CAsTms
1092 2548 1350 2591 Rutulorum
1390 2548 1573 2590 scilicet:
1610 2562 1709 2590 nam
1748 2562 1879 2603 supra
1916 2547 2025 2590 dixit

316 2621 462 2677 <313>
495 2623 671 2663 castra
700 2621 916 2663 inimica
945 2622 1140 2675 petunt.

410 2754 431 2785 2
457 2750 550 2785 haec
576 2761 642 2786 om.
658 2750 703 2785 H
717 2751 728 2796 ss
748 2754 769 2785 3
796 2749 890 2785 dixit
914 2760 980 2785 om.
998 2749 1071 2785 AS
1096 2748 1203 2794 (dicit
1227 2749 1312 2784 add.
1333 2749 1370 2792 a)
1390 2749 1402 2793 ΙΙ
1421 2752 1443 2782 4
1469 2748 1723 2793 intellegimus
1744 2747 1785 2782 F
1800 2749 1811 2793 ΙΙ
1831 2751 1851 2782 6
1877 2747 2021 2782 remulu

314 2797 351 2832 R
388 2797 550 2832 remulus
576 2797 665 2832 LH
686 2800 789 2840 (corr.
818 2798 843 2840 l)
877 2798 888 2842 ΙΙ
919 2800 940 2831 8
966 2809 1120 2833 IVNGERE
1145 2810 1188 2831 ΕΤ
1215 2795 1254 2830 F
1282 2796 1293 2841 ΙΙ
1325 2797 1390 2830 aut
1417 2823 1452 2831 ..
1476 2823 1484 2831 .
1510 2794 1727 2840 iungeretur
1751 2796 1833 2829 hab.
1863 2794 1897 2828 T
1923 2795 1934 2839 ΙΙ
1964 2794 2022 2828 illi

314 2856 381 2881 om.
410 2845 444 2878 Τ
466 2846 478 2890 Η
502 2844 655 2888 iungere
680 2844 721 2878 F
742 2845 755 2888 ΙΙ
786 2847 828 2878 10
855 2844 1012 2879 Remulo
1038 2856 1105 2880 om.
1131 2843 1168 2878 R
1191 2843 1204 2888 ΙΙ
1237 2847 1277 2878 11
1307 2854 1378 2878 avo
1403 2854 1469 2878 om.
1496 2842 1608 2886 ΒΜ,
1634 2843 1700 2878 del.
1727 2843 1740 2877 l
1764 2843 1775 2888 ss
1801 2841 2019 2885 cognomine

315 2891 438 2927 SHF
453 2893 466 2936 fl
485 2890 660 2937 diximus]
687 2890 830 2926 dictum
857 2893 914 2926 est
939 2891 979 2926 F
995 2893 1007 2936 ΙΙ
1028 2896 1071 2926 12
1098 2890 1359 2935 cognominem
1457 2890 1518 2925 vel
1544 2889 1690 2934 nepotis
1716 2900 1781 2924 om.
1797 2887 1833 2922 R
1852 2889 1864 2933 ΙΙ
1884 2898 2019 2933 cogno-

313 2939 412 2974 mine
426 2937 514 2973 HF
529 2939 542 2983 ΙΙ
561 2949 645 2973 eum
665 2938 924 2983 cognominem
944 2938 973 2974 S
991 2940 1002 2985 ΙΙ
1024 2943 1065 2974 13
1086 2936 1253 2973 inuenies
1272 2937 1346 2973 AS
1363 2938 1376 2983 ΙΙ
1395 2937 1433 2972 et
1451 2948 1471 2972 e
1492 2936 1676 2972 contrario
1690 2934 1763 2970 AS
1779 2936 1791 2979 ΙΙ
1812 2938 1856 2969 14
1876 2935 2017 2985 autem]

314 2989 356 3021 ut
380 2986 416 3021 R
434 2986 447 3031 ΙΙ
467 2990 511 3021 15
537 2986 758 3031 cognomine
784 2985 874 3020 AH
896 2988 998 3030 (corr.
1021 2987 1058 3031 a)
1078 2988 1089 3031 ΙΙ
1111 2989 1154 3020 18
1181 2984 1362 3020 adtendas
1390 2984 1462 3019 AS
1480 2986 1491 3030 ΙΙ
1513 2987 1555 3019 19
1581 2984 1678 3018 hunc
1704 2982 1826 3017 locum
1851 2982 1892 3017 F
1907 2984 1919 3027 ΙΙ
1937 2984 2017 3029 x11.]

314 3033 462 3069 duocim
483 3033 518 3068 L
543 3032 754 3077 (duodecim
776 3034 802 3077 Z)
839 3046 906 3068 xm
926 3032 971 3069 F.
997 3032 1036 3067 id
1057 3036 1113 3068 est
1131 3043 1245 3068 unum
1265 3032 1310 3067 de
1330 3031 1481 3067 inuictis
1505 3041 1620 3075 supra
1637 3040 1704 3065 ser.
1727 3030 1739 3064 l
1758 3031 1770 3074 ΙΙ
1789 3029 1938 3075 uergilii
1952 3029 1992 3064 F
2016 3030 2020 3076 1

313 3085 359 3116 20
384 3081 453 3128 sic]
479 3080 510 3117 si
533 3080 569 3115 L
596 3080 664 3126 (sic
690 3081 728 3126 Ζ),
754 3091 820 3116 om.
847 3081 892 3115 H
924 3082 937 3126 ΙΙ
973 3080 1131 3126 relictis]
1165 3078 1287 3115 relicti
1314 3080 1401 3114 sunt
1423 3078 1464 3113 F
1496 3079 1509 3123 ΙΙ
1545 3081 1589 3112 21
1616 3076 1792 3121 antiquae
1819 3088 1886 3112 om.
1911 3077 1985 3111 AS
2015 3078 2018 3122 Ι

313 3128 455 3173 liquide
480 3138 546 3164 om.
575 3128 624 3162 M
640 3128 653 3173 ΙΙ
671 3131 715 3162 23
743 3129 782 3163 et
806 3131 862 3163 est
888 3156 895 3163 .
918 3159 924 3163 .
949 3154 955 3162 .
982 3127 1141 3162 fortibus
1168 3138 1235 3162 om.
1261 3127 1297 3161 R
1315 3128 1328 3171 ΙΙ
1347 3130 1391 3161 25
1419 3125 1540 3160 occiso
1566 3135 1736 3168 messapo
1762 3124 1797 3158 L
1823 3124 1927 3169 (corr.
1954 3124 1981 3168 l)
2014 3123 2019 3170 Ι

313 3180 357 3211 29
383 3175 546 3211 habendi
565 3175 606 3210 F
620 3176 633 3220 ΙΙ
651 3175 865 3211 inferiorem
884 3175 1023 3211 Daniel
1058 3174 1303 3219 insigniorem
1321 3173 1574 3208 Burmannus.
1609 3172 1763 3215 fortasse
1787 3171 2017 3207 infestiorem

311 3225 335 3258 i.
357 3235 384 3258 e.
399 3223 662 3268 perniciosam,
687 3224 740 3258 vel
766 3224 932 3258 ferream.
953 3224 965 3268 ΙΙ
984 3222 1177 3258 abiliorem
1198 3221 1237 3255 F
1253 3222 1264 3267 ΙΙ
1284 3221 1401 3255 ateles
1423 3218 1469 3254 F.
1497 3223 1650 3254 ceterum
1676 3218 1835 3263 denique
1856 3245 1864 3254 .
1881 3246 1888 3254 .
1905 3245 1912 3253 .
1932 3229 2016 3263 per-

313 3271 473 3306 mutavit
490 3282 566 3306 non
577 3270 747 3306 videntur
766 3271 911 3316 antiqui
923 3271 1131 3316 interpretis
1143 3279 1215 3304 esse
1233 3269 1245 3312 ΙΙ
1265 3271 1308 3302 31
1330 3268 1431 3311 nam]
1451 3268 1494 3302 ut
1507 3266 1580 3301 AS
1587 3266 1636 3300 M
1639 3267 1652 3301 l
1670 3267 1681 3312 ΙΙ
1701 3265 1796 3301 dixit
1809 3277 1874 3300 om.
1889 3264 1964 3301 AS
1970 3265 2020 3300 M
