2092 3614
249 999 290 1030 10

247 1357 290 1388 15

242 1715 289 1747 20

243 2073 288 2106 25

317 227 405 270 604
1091 230 1253 266 SERVII

436 338 534 381 285.
583 350 770 381 FERVNT
803 338 1021 382 auferunt:
1062 354 1162 381 nam
1202 340 1447 395 aphaeresis
1479 342 1564 396 est,
1600 343 1648 383 ut
1686 340 1905 385 ‘temnere'
1944 358 2020 398 pro

316 409 638 452 ‘contemnere’z
669 410 772 452 alibi
802 411 966 453 omnia
994 411 1095 464 fert
1123 414 1271 454 aetas.

439 482 538 524 286.
587 492 826 525 PVLSATOS
853 483 1071 534 D1v0sid
1099 485 1159 525 est
1189 482 1384 537 violatos,
1417 483 1558 526 laesos
1590 484 1738 527 fractis
1767 485 2022 529 foederibus.

435 554 534 596 287.
584 565 852 595 INFRENANT
891 565 987 596 AL11
1019 564 1197 596 CVRRVS
1238 553 1280 595 id
1323 557 1389 596 est
1429 568 1578 610 equOS,
1620 556 1692 609 qui
1726 556 1800 599 sub
1836 557 2023 600 curribus

315 628 436 668 suut:
463 624 525 667 sic
545 624 649 667 alibi
666 625 830 678 fertur
853 626 990 679 equis
1014 626 1195 679 auriya
1220 639 1381 681 neque
1409 626 1553 669 audit
1579 641 1757 670 currus
1783 628 2021 672 habenas.

435 697 533 739 288.
585 707 833 740 SVBIOIVNT
859 709 908 739 IN
933 708 1085 748 EQVOS
1112 711 1241 751 super
1267 712 1398 753 equos
1424 698 1606 755 iaciunt3
1640 699 1715 742 sed
1739 700 1911 756 proprie
1934 716 2023 744 non

317 770 383 811 est
418 769 607 821 loeutus,
644 768 870 825 magisque
907 769 1140 812 contrarie:
1178 782 1278 811 nam
1317 768 1541 812 ‘subicere'
1581 773 1647 813 est
1678 771 1827 814 subter
1859 772 2020 828 aliquid

316 855 465 883 iacere.

435 912 533 955 289.
583 923 811 963 REGISQVE
844 923 1036 955 INSIGNE
1068 924 1322 955 GERENTEM
1359 913 1402 955 id
1442 915 1508 955 est
1546 914 1741 956 diadema
1778 914 2021 958 habentem.

316 987 354 1026 et
383 985 561 1026 decenter
591 998 722 1038 reyem
752 998 844 1026 eum
875 984 1105 1039 iusiynibus
1134 985 1223 1027 suis
1252 985 1369 1027 dixit.
1392 1028 1394 1031 ,

435 1056 534 1098 290.
583 1067 755 1103 Aymvs
800 1067 1110 1104 CONFVNDERE
1157 1067 1341 1099 FOEDvs
1385 1056 1547 1113 legitur
1590 1059 1633 1099 et
1677 1056 1898 1113 ‘avidum'3
1948 1059 2021 1101 sed

316 1127 470 1169 melius
509 1126 707 1182 ‘avidus',
745 1127 845 1184 quia
881 1127 1107 1183 Messapus
1146 1127 1291 1170 Turno
1328 1128 1520 1183 favebat,
1565 1129 1637 1184 qui
1676 1130 1769 1171 erat
1805 1130 1929 1185 inpar
1968 1130 2021 1173 ad

317 1198 537 1255 singulare
578 1201 811 1241 certamen:
848 1213 948 1242 uam
979 1203 1018 1242 et
1038 1203 1181 1253 postea
1210 1200 1272 1242 ait
1301 1199 1443 1254 <292>
1475 1203 1518 1241 et
1547 1201 1694 1243 miser
1725 1202 1964 1256 oppositis
1994 1217 2022 1245 a

316 1273 449 1326 teryo
486 1271 761 1328 involvitur
797 1272 916 1314 aris.
975 1272 1035 1314 sie
1071 1272 1180 1314 euim
1214 1271 1383 1325 facilius
1412 1271 1554 1325 foedus
1584 1273 1819 1326 dissiparet,
1855 1274 1893 1316 si
1923 1288 2023 1317 arae

315 1341 497 1385 humano
529 1357 670 1386 cruore
690 1343 997 1398 polluerentur:
1027 1357 1129 1386 uam
1159 1346 1198 1386 et
1220 1343 1409 1397 Messapi
1437 1344 1626 1386 voluutas
1656 1345 1717 1386 ita
1741 1358 1931 1399 expressa
1956 1347 2023 1399 est,

315 1414 388 1468 qui
423 1414 485 1456 ait
515 1414 659 1469 <296>
695 1413 811 1456 haec
841 1415 1014 1458 melior
1044 1415 1238 1469 uiayuis
1269 1415 1387 1457 data
1417 1415 1622 1457 victima
1652 1416 1790 1459 divis.
1842 1415 2022 1470 ‘coufun-

315 1486 406 1528 dere
434 1484 591 1539 foedus'
623 1488 759 1528 autem
784 1499 863 1540 pro
895 1489 941 1528 ut
971 1486 1243 1539 coufunderet.

434 1557 533 1600 291.
582 1575 806 1600 PROTERRET
834 1557 937 1599 mire
966 1557 1132 1600 dictum.

434 1628 533 1671 293.
582 1645 707 1671 lusu
739 1642 831 1671 cum
862 1628 993 1671 hasta.
1529 1667 1531 1669 ,

434 1700 532 1743 294.
585 1717 760 1748 TELOQVE
791 1717 973 1743 ORANTEM
1000 1708 1133 1743 MVLTA
1168 1718 1339 1744 TRABALI
1365 1700 1534 1743 Ennius
1566 1701 1752 1756 teloque
1782 1701 1981 1745 trabali.

434 1772 532 1814 295.
581 1783 733 1815 ALTVS
765 1783 892 1823 EQVO
925 1771 1023 1827 equi
1055 1772 1400 1828 magnitudinem
1431 1772 1618 1815 latenter
1650 1772 1850 1815 ostendit.

435 1843 532 1886 296.
582 1855 676 1887 Hoc
703 1856 860 1886 HABET
888 1843 931 1885 id
958 1846 1024 1885 est
1050 1843 1171 1886 letali
1196 1858 1426 1900 percussus
1454 1847 1520 1886 est
1550 1845 1735 1887 vulnere.
1778 1845 1892 1899 apud
1914 1846 2021 1888 ariti-

314 1929 414 1970 quos
444 1916 554 1958 euim
583 1916 630 1958 id
654 1919 744 1959 erat
769 1915 860 1958 ‘hoc
883 1914 1034 1971 haber,
1065 1916 1173 1971 quod
1196 1930 1305 1959 nuuc
1330 1915 1552 1970 ‘pera-ctum
1577 1915 1677 1959 est':
1708 1917 1766 1958 sie
1795 1915 2021 1959 Terentius

315 1990 454 2030 certe
481 1989 675 2043 captus
715 1990 811 2043 est,
848 1987 1018 2030 habet.
1081 2002 1186 2030 sane
1220 2002 1461 2030 sarcasmos
1495 1990 1578 2043 est,
1616 1988 1860 2042 earnificina
1890 1988 2022 2044 quasi,

315 2059 367 2102 de
404 2059 487 2102 loci
528 2059 738 2116 qualitate
775 2059 991 2102 inventus:
1029 2074 1130 2102 nam
1171 2060 1273 2115 quia
1309 2075 1437 2115 super
1469 2074 1566 2102 aras
1599 2059 1770 2114 cecidit,
1809 2059 1870 2101 ait
1901 2058 2021 2102 ‘haec

316 2131 469 2174 melior
500 2131 670 2188 magnis
703 2132 806 2174 data
835 2131 1012 2174 victima
1045 2130 1181 2174 divis'.

433 2203 532 2246 298.
586 2221 630 2246 013
639 2220 728 2247 νινε
768 2203 863 2246 bene
899 2203 1037 2246 obvius
1074 2203 1283 2257 corripuit.
1416 2219 1634 2246 AMBVSTVM
1665 2220 1820 2246 roRREM
1854 2203 2022 2256 quidam

316 2274 579 2318 ‘ambustum’
604 2276 774 2329 proprie
805 2276 1097 2317 circumastant
1128 2276 1354 2329 accipiam
1387 2275 1457 2317 sed
1477 2277 1619 2328 poetae
1644 2273 1925 2326 indifferenter
1940 2288 2022 2328 pro

314 2347 503 2390 coubusto
534 2350 718 2390 utuntur.
841 2358 1030 2390 TORREM
1062 2349 1198 2389 autem
1230 2346 1311 2388 erit
1342 2346 1634 2391 nominativus
1667 2344 1752 2387 ‘hic
1783 2344 1944 2401 torris',
1978 2348 2022 2388 et

411 2504 430 2534 2
458 2499 567 2545 alibi]
594 2500 665 2534 buc
704 2498 753 2533 IX
779 2503 820 2534 51
849 2500 861 2544 ΙΙ
893 2503 913 2534 5
940 2498 1047 2544 alibi]
1074 2510 1200 2544 georg.
1228 2499 1243 2532 Ι
1270 2502 1339 2533 514
1367 2500 1379 2544 ΙΙ
1413 2503 1433 2534 6
1459 2509 1569 2543 super
1595 2527 1602 2533 .
1624 2525 1632 2533 .
1654 2527 1661 2534 .
1687 2498 1824 2544 iacere]
1854 2498 1898 2535 cf.
1925 2497 2020 2534 Non.

315 2560 350 2592 p.
378 2550 458 2592 387,
485 2551 505 2582 9
526 2558 606 2592 sqq.
635 2546 683 2581 M.
703 2548 716 2591 ΙΙ
736 2551 780 2581 20
806 2547 963 2593 Ennius]
991 2558 1073 2582 ann.
1102 2559 1135 2581 v.
1163 2549 1230 2581 589
1256 2545 1462 2591 Vahl.1123
1490 2544 1701 2590 Terentius]
1728 2544 1840 2581 Andr.
1867 2545 1883 2580 Ι
1911 2550 1942 2591 1,
1963 2549 2019 2582 55.

316 2595 371 2640 cf„
389 2596 480 2631 Don.
508 2593 566 2631 ad.
594 2594 629 2631 h.
655 2607 690 2630 v.
716 2595 756 2630 et
781 2593 875 2630 Non.
901 2606 935 2640 p.
964 2598 1044 2638 317,
1066 2598 1109 2629 21
1777 2598 1779 2600 “

411 2742 434 2773 4
466 2739 515 2774 ad
546 2749 743 2773 mmmmm-
770 2749 801 2772 c.
826 2748 854 2773 s.
879 2748 911 2772 v.
938 2736 978 2771 id
1010 2738 1068 2772 est
1098 2737 1202 2772 frena
1234 2737 1366 2781 aptant
1396 2736 1500 2781 equis
1525 2740 1559 2772 et
1584 2747 1699 2782 equos
1726 2735 1790 2780 qui
1815 2736 1923 2771 erant
1953 2735 2021 2771 sub

316 2785 485 2822 curribus
508 2786 541 2821 T
557 2787 569 2831 ΙΙ
588 2789 609 2821 5
636 2785 752 2821 fertor
770 2784 811 2820 F
826 2786 838 2830 l}
857 2784 970 2819 audet
988 2784 1028 2819 F
1044 2786 1056 2831 ll
1077 2789 1095 2819 7
1123 2783 1266 2828 aliquid
1292 2795 1357 2819 om.
1373 2784 1413 2819 F
1429 2786 1440 2831 ΙΙ
1460 2789 1480 2820 9
1507 2784 1707 2820 habentem
1733 2795 1798 2819 om.
1815 2783 1881 2828 Fu
1903 2787 1944 2819 13
1971 2783 2021 2819 ad

315 2846 446 2870 Avmvs
473 2846 503 2869 c.
530 2847 561 2868 r.
588 2834 630 2868 iri
654 2844 768 2878 mury.
795 2831 961 2878 cupidus.
1010 2835 1048 2867 et
1073 2833 1142 2868 1100
1167 2832 1213 2866 de
1239 2843 1408 2878 messapo
1441 2832 1573 2867 melius
1607 2830 1788 2877 accipitur
1820 2830 1908 2875 quia
1937 2830 2018 2875 ipse

316 2882 430 2927 paulo
455 2883 542 2927 post
567 2880 733 2916 dicturus
759 2883 817 2916 est
842 2881 879 2915 et
904 2880 1015 2914 miser
1041 2907 1049 2915 .
1073 2907 1081 2915 .
1104 2910 1111 2917 .
1137 2879 1293 2915 uictima
1317 2879 1414 2914 diuis
1438 2880 1469 2914 T
1486 2880 1498 2926 ΙΙ
1520 2883 1563 2914 14
1588 2879 1717 2914 foedus
1742 2877 1888 2914 facilius
1915 2877 2019 2913 dissi-

315 2930 470 2975 paretur
492 2928 526 2963 T
542 2930 554 2975 ΙΙ
584 2932 627 2963 15
652 2928 836 2963 humanae
856 2926 897 2963 F
912 2929 924 2974 11
943 2926 1116 2963 uoluntas
1142 2926 1303 2972 messapi
1327 2927 1359 2961 Τ
1372 2928 1384 2973 ΙΙ
1406 2931 1448 2962 16
1474 2927 1538 2971 qui
1563 2927 1617 2962 ait
1642 2937 1707 2962 om.
1731 2926 1792 2972 ΤΙΙ
1812 2926 1881 2960 hoc
1906 2925 2020 2961 habet

316 2977 409 3012 haec
435 2988 462 3012 e.
487 2988 519 3022 q.
545 2987 571 3012 s.
605 2976 637 3010 Τ
654 2977 666 3022 ΙΙ
685 2977 734 3011 ad
759 2988 987 3012 courvnnmm
1011 2986 1039 3010 s.
1067 2987 1096 3010 v.
1123 2977 1166 3010 ut
1191 2975 1435 3010 confunderet
1461 2974 1494 3009 Τ
1509 2975 1522 3020 ΙΙ
1552 2978 1594 3010 17
1621 2985 1687 3019 pro
1712 2976 1754 3008 ut
1779 2972 2020 3009 confunderet

315 3025 463 3069 scripsi:
491 3023 631 3069 prodiit
655 3022 879 3059 confundere
905 3022 945 3057 F
967 3023 979 3068 ΙΙ
1010 3027 1054 3058 20
1083 3023 1187 3058 enius
1213 3022 1253 3057 F
1275 3025 1287 3068 ΙΙ
1317 3021 1491 3057 trabalim
1517 3022 1558 3058 F
1581 3022 1592 3068 ΙΙ
1623 3025 1668 3056 22
1694 3021 1743 3056 ad
1767 3032 1797 3056 v.
1825 3024 1893 3056 296
1920 3020 2019 3066 apud

317 3071 490 3117 antiquos
520 3070 562 3105 id
595 3070 790 3106 dicebatur
814 3071 886 3106 hoe
910 3070 1027 3105 habet
1052 3071 1151 3115 quod
1177 3081 1274 3105 nunc
1299 3070 1484 3115 significat
1511 3068 1702 3114 peractum
1729 3069 1795 3103 est.
1846 3067 1922 3103 siue
1948 3067 2018 3103 hoc

315 3120 434 3155 habet
458 3118 645 3165 significat
670 3118 761 3154 satis
787 3120 844 3154 est
867 3118 927 3163 Tu
946 3121 992 3153 24
1012 3118 1138 3163 raptus
1161 3118 1231 3153 AS
1249 3119 1261 3164 Η
1280 3128 1486 3152 sat-cosmos
1506 3117 1543 3152 R
1577 3127 1781 3152 sacrasmos
1802 3114 1843 3151 F
1857 3116 1870 3162 ΙΙ
1892 3118 1933 3150 25
1961 3125 2016 3150 ee-

317 3166 459 3202 ciderat
484 3166 524 3201 F
557 3167 569 3213 ΙΙ
606 3169 650 3201 27
683 3167 732 3201 ad
762 3177 947 3201 Aunvsrvu
972 3179 1003 3201 T.
1035 3176 1062 3201 s.
1090 3177 1122 3200 v.
1150 3165 1362 3200 ambustum
1390 3164 1539 3210 proprie
1571 3164 1722 3208 quidam
1754 3162 2017 3198 circumastum

317 3214 505 3260 accipiunt
530 3213 595 3249 sed
619 3215 752 3259 poetae
778 3213 1028 3249 indeferenter
1053 3223 1119 3258 pro
1147 3213 1367 3248 conbustum
1393 3211 1582 3257 accipiunt
1610 3211 1643 3246 T
