2124 3600
543 241 693 278 COMM.
721 241 774 277 m
799 233 942 278 VERG.
969 240 1080 278 AEN.
1109 242 1159 277 VI
1185 246 1383 278 367-—392.
1762 243 1816 285 61

226 351 326 393 379.
375 362 615 394 PRomons
643 362 753 393 Ac'ri
780 362 1095 394 oAELns‘rtis
1128 351 1418 406 conpendiose
1452 354 1495 393 et
1526 352 1819 407 pestilentiam

107 424 248 465 ortam
280 426 323 465 et
354 423 536 478 petitum
570 423 832 479 significavit
863 417 1097 466 oraculum.
1219 434 1423 465 PIABVNT
1456 423 1709 480 placabunt,
1750 438 1818 466 ex-

103 493 298 548 piabunt.
899 502 903 506 '
1565 534 1567 536 .

223 565 323 608 381.
373 577 625 608 AETERNVM
664 567 709 608 in
748 568 989 609 aeternum:
1032 568 1076 607 et
1113 567 1179 607 est
1211 565 1475 607 adverbium.
1597 577 1818 607 PALINVRI

105 636 201 691 plus
234 639 320 692 est,
351 651 480 692 quam
506 638 551 679 si
584 636 747 679 ‘tuum'
780 637 952 680 diceret.
1283 674 1290 676 ,
1331 626 1335 629 i
1842 645 1863 676 5

221 707 319 750 382.
371 719 621 750 PARVMPER
665 708 707 750 id
754 711 820 750 est
863 708 1075 764 paulatim
1119 708 1272 750 laetari
1317 708 1483 763 coepit:
1533 723 1653 763 spem
1705 709 1817 750 enim

102 779 260 835 solam,
297 793 384 821 non
423 793 629 834 praesens
669 781 896 835 acceperat
930 779 1197 821 beneficium.
1261 779 1372 821 unde
1404 779 1512 820 bene
1545 779 1706 821 dictum
1741 781 1818 834 est,

101 850 224 904 quasi
271 850 325 891 ab
371 864 420 891 eo
461 864 621 906 magna
664 849 976 893 moderatione·
1006 849 1130 892 dolor
1170 850 1360 893 recessit.
1425 850 1499 892 alii
1543 850 1816 906 ‘parumper'

100 920 225 963 valde
261 936 415 977 parum
449 921 612 964 volunt.

217 992 314 1035 383.
366 1003 559 1035 GAVDET
588 1004 864 1036 coenomNE
890 1005 1044 1035 TERRA
1070 993 1259 1035 nominis
1286 992 1353 1035 sui
1379 992 1673 1035 similitudine.
1711 992 1817 1034 facit
1845 1002 1887 1032 10

102 1066 245 1106 autem
279 1063 391 1106 ‘hie’
425 1066 468 1106 et
499 1063 626 1107 ‘haec
658 1063 969 1120 cognominis':
1009 1079 1110 1106 nam
1148 1064 1193 1106 in
1224 1063 1382 1107 Plauto
1423 1064 1579 1106 lectum
1621 1067 1687 1107 est
1719 1079 1814 1107 cum

106 1150 192 1177 una
237 1135 288 1177 de
332 1135 620 1178 Bacchidibus
665 1136 824 1178 diceret
868 1136 962 1177 illa
1005 1150 1113 1177 mea
1156 1135 1480 1191 cognominis
1524 1135 1639 1179 fuit.
1701 1135 1815 1191 quod

104 1208 247 1248 autem
274 1207 494 1249 communi
520 1221 675 1263 genere
701 1207 747 1249 in
774 1206 828 1249 ‘e'
855 1207 976 1250 misit
1002 1207 1257 1262 ablativum,
1282 1207 1411 1249 metri
1435 1207 1673 1249 necessitas
1700 1207 1814 1249 fecit.

219 1278 318 1322 385.
368 1291 546 1321 NAVITA
578 1279 840 1334 epenthesis,
872 1281 921 1320 ut
952 1277 1173 1322 ‘Mavorsz
1281 1291 1394 1321 INDE
1423 1291 1482 1321 VT
1510 1290 1677 1321 sTYGIA
1707 1291 1813 1321 PRO-

103 1360 268 1391 SPEXIT
301 1361 360 1392 AB
391 1362 522 1392 VNDA
554 1353 604 1393 ut
636 1349 750 1405 <VII
777 1349 892 1405 289>
927 1348 1100 1392 Siculo
1133 1351 1406 1405 prospexit
1438 1350 1499 1392 ab
1532 1365 1691 1405 usque
1724 1350 1815 1394 Pae
1843 1337 1900 1388 15*

99 1419 275 1475 chyno.
338 1423 381 1462 et
411 1421 512 1463 hinc
545 1420 788 1464 ostenditur
820 1420 935 1476 quod
966 1420 1153 1463 diximus
1187 1420 1352 1476 <295>,
1391 1421 1539 1466 iuncta
1579 1435 1673 1463 esse
1710 1421 1815 1463 haec

99 1491 202 1533 tria:
250 1491 520 1548 Acheronta,
559 1491 756 1549 Stygem,
796 1491 1002 1548 Cocyton.
1066 1492 1117 1534 de
1154 1492 1222 1534 his
1262 1494 1405 1534 autem
1442 1495 1680 1535 nascuntur
1717 1492 1814 1544 alia,

103 1562 212 1604 unde
245 1566 311 1606 est
343 1563 489 1618 <439>
523 1566 572 1606 et
602 1564 782 1606 novies
816 1562 943 1619 Styx
976 1563 1240 1606 interfusa
1271 1566 1486 1606 coercet.

217 1635 315 1677 386.
366 1647 458 1677 PER
499 1646 707 1678 TAOITVM
748 1646 902 1678 NEMVS
948 1637 1022 1677 aut
1066 1635 1224 1677 solum:
1268 1638 1344 1678 aut
1386 1635 1504 1691 ipsos
1549 1635 1726 1690 tacitos,
1770 1635 1817 1676 id

98 1708 156 1747 est
186 1707 313 1749 tacite.
1840 1714 1885 1745 20
1961 1678 1965 1684 Δ

218 1777 315 1819 387.
366 1788 674 1820 ADGREDITVR
706 1789 863 1821 DICTIS
895 1778 976 1820 hoc
1010 1792 1207 1820 sermone
1240 1778 1430 1821 ostendit
1463 1778 1635 1820 iratum.

217 1847 317 1890 388.
368 1859 583 1899 QVISQVIS
616 1860 668 1890 Es
701 1860 914 1892 ARMATVS
947 1849 1055 1892 bene
1089 1864 1114 1891 a
1145 1849 1489 1904 praescriptione
1521 1850 1664 1903 coepit,
1697 1863 1747 1891 ac
1778 1850 1813 1891 si

101 1918 277 1960 diceret:
309 1918 418 1960 nihil
450 1919 570 1974 pium
603 1919 783 1961 molitur
813 1923 1018 1963 armatus.

218 1989 316 2031 389.
366 2002 481 2041 QVID
515 2001 684 2033 VEMAs
724 2005 815 2046 cur3
856 2006 957 2033 nam
996 1991 1245 2033 adverbium
1285 1994 1363 2034 est.
1485 2003 1569 2033 IAM
1603 2003 1756 2034 1s'rmo
1789 2008 1814 2034 a

100 2060 191 2103 loco
222 2060 268 2103 in
301 2075 384 2116 quo
418 2075 474 2104 es.
1838 2071 1883 2102 25

216 2132 314 2175 391.
365 2144 579 2175 CORPORA
614 2144 727 2175 VIVA
759 2133 878 2188 quia,
919 2134 967 2174 ut
999 2147 1128 2187 supra
1161 2132 1307 2187 <303>
1342 2132 1545 2189 diximus,
1588 2137 1688 2176 sunt
1721 2148 1810 2176 cor-

99 2217 205 2258 pora
236 2204 367 2246 etiam
401 2206 672 2246 mortuorum
705 2218 812 2259 quae
845 2206 1017 2246 tantum
1052 2203 1270 2259 videntur,
1302 2203 1346 2245 id
1380 2206 1446 2246 est
1476 2205 1668 2247 umbrae.

216 2275 314 2318 392.
364 2288 428 2317 ME
455 2287 547 2318 SVM
572 2287 817 2318 LAETA'PVS
845 2287 1038 2318 EVNTEM
1068 2276 1227 2318 lectum
1256 2278 1320 2318 cst
1346 2278 1389 2317 et
1414 2277 1459 2317 in
1483 2275 1657 2332 Orpheo
1685 2276 1812 2331 quod,

99 2346 268 2400 quando
301 2346 507 2389 Hercules
541 2346 595 2388 ad
627 2346 788 2389 inferos
821 2347 1058 2402 descendit,
1083 2346 1271 2390 'Charon
1308 2347 1486 2389 territus
1524 2363 1622 2390 eum
1662 2347 1810 2390 statim

98 2417 302 2471 suscepit:
337 2417 390 2460 ob
424 2431 552 2472 quam
584 2431 675 2459 rem
708 2432 820 2460 anno
853 2418 1023 2472 integro
1050 2417 1094 2459 in
1119 2417 1399 2473 compedibus
1431 2418 1527 2461 fuit.
1576 2419 1672 2462 ideo
1703 2432 1806 2473 ergo
1833 2428 1877 2458 30

195 2559 236 2591 11
262 2556 302 2591 in
320 2555 474 2604 Plauto]
499 2557 635 2595 Bacch.
655 2570 689 2594 v.
711 2563 732 2594 9
752 2558 795 2593 R.
815 2559 828 2605 ΙΙ
855 2562 899 2593 14
924 2569 1054 2593 mvm
1079 2558 1309 2605 epenthesis]
1338 2559 1381 2594 cf.
1403 2559 1489 2595 Isid.
1516 2559 1594 2597 diff.
1616 2560 1716 2596 verb.
1737 2565 1806 2596 390

191 2691 212 2722 2
239 2688 431 2723 oraculum
458 2688 682 2734 significabit
704 2689 752 2724 M
768 2690 780 2736 ΙΙ
800 2693 819 2724 7
847 2689 967 2724 solum
990 2687 1021 2723 G
1036 2689 1048 2735 ΙΙ
1067 2689 1157 2735 non]
1183 2689 1348 2724 nondum
1371 2690 1420 2724 M
1436 2691 1447 2736 ΙΙ
1467 2693 1488 2724 8
1514 2690 1804 2733 fortasse-reces-

96 2735 187 2771 serit
215 2736 229 2780 ΙΙ
267 2739 312 2771 10
336 2747 449 2771 'mm
474 2736 583 2771 FM:
610 2749 640 2771 τ.
669 2735 700 2771 G
733 2749 844 2771 'ri-:nne
870 2735 960 2771 RH
992 2748 1127 2771 mam
1153 2736 1227 2771 AS
1256 2738 1268 2784 ss
1299 2736 1584 2773 similitudinem
1613 2737 1688 2773 FO
1717 2739 1728 2785 ΙΙ
1761 2742 1803 2773 11

96 2782 342 2829 cognominis]
378 2783 621 2828 cognouimus
647 2783 684 2818 R
714 2785 726 2830 ΙΙ
765 2787 807 2818 12
841 2794 953 2818 unam
982 2784 1090 2828 vulyo
1121 2785 1133 2829 ΙΙ
1170 2784 1385 2819 baccidibus
1411 2784 1448 2819 A
1483 2784 1706 2820 bachidibus
1734 2785 1766 2820 Ο
1795 2786 1805 2831 Η

95 2841 179 2884 mea
203 2829 325 2866 RSH
330 2830 392 2866 M
420 2830 494 2884 mei
519 2830 559 2865 F
565 2830 595 2866 0
611 2832 687 2911 1ὶὶΙὸ
714 2842 737 2867 a.
762 2830 949 2866 communi
975 2841 1110 2876 genere
1140 2832 1347 2866 Masvicius
1372 2835 1403 2867 et
1428 2832 1673 2886 Bnsrmannus
1691 2834 1703 2879 ss
1723 2833 1805 2868 mit-

94 2878 144 2913 tit
168 2877 203 2912 A
240 2878 252 2924 ΙΙ
288 2877 395 2924 fecit]
423 2878 515 2913 facit
541 2878 575 2912 A
630 2878 686 2913 uit
711 2877 805 2912 RM
839 2879 850 2924 ΙΙ
890 2881 933 2912 15
959 2877 1025 2924 ab]
1052 2878 1100 2913 ab
1126 2878 1225 2913 unda
1250 2878 1291 2913 F
1318 2879 1330 2925 ΙΙ
1365 2879 1526 2924 pachino
1552 2879 1775 2914 AROHM
1803 2882 1806 2939 Ι

97 2928 141 2960 16
166 2923 227 2960 hic
254 2924 334 2960 FC
369 2926 380 2972 ΙΙ
416 2926 514 2970 quod
542 2936 653 2970 supra
678 2925 839 2960 diximus
866 2924 908 2959 F
940 2926 952 2971 ΙΙ
987 2924 1080 2960 haec
1114 2925 1188 2960 tria
1218 2925 1373 2961 flumina
1398 2926 1604 2962 Masvicius
1626 2928 1769 2972 primus·
1794 2966 1804 2973 Ἡ

99 2975 141 3007 17
168 2972 409 3007 adherontam
439 2972 480 3007 F
515 2972 754 3008 acherontam
784 2971 815 3007 Ο
829 2973 841 3019 ΙΙ
861 2972 1045 3017 cocython
1071 2972 1107 3007 A
1127 2974 1139 3018 ΙΙ
1166 2976 1207 3007 18
1235 2973 1408 3009 cohercet
1433 2974 1523 3008 FH
1527 2975 1577 3008 M
1592 2975 1604 3021 ss
1634 2978 1677 3009 19
1703 2975 1803 3019 ipsos

96 3018 232 3054 tacitos
259 3018 391 3054 ARH
395 3031 429 3055 s:
454 3020 555 3065 ipsos
580 3019 719 3055 tacitus
745 3019 773 3055 S
809 3019 880 3064 ipsi
907 3019 1014 3055 taciti
1040 3019 1170 3055 FGM
1189 3021 1200 3066 ΙΙ
1228 3020 1267 3054 id
1293 3022 1351 3055 est
1374 3020 1490 3056 tacite
1515 3022 1595 3057 hab.
1625 3021 1664 3064 C,
1690 3022 1804 3057 edidit

97 3064 334 3113 Stephanus„
362 3070 405 3102 21
433 3069 554 3102 ratum
575 3066 612 3101 R
638 3068 642 3113 Ι
667 3070 711 3103 22
738 3067 1008 3112 perscriptione
1034 3067 1172 3102 Daniel
1192 3068 1203 3113 ΙΙ
1228 3070 1274 3101 25
1300 3067 1353 3112 es]
1380 3079 1467 3103 nam
1493 3079 1572 3103 rem
1597 3069 1803 3114 proximam
1834 3082 1840 3090 ·

98 3112 283 3157 signifieat
307 3113 460 3149 adeunti
487 3115 561 3149 add
633 3115 794 3149 abi-icius
813 3114 825 3160 ΙΙ
844 3118 888 3149 26
908 3115 950 3149 ut
969 3124 1079 3159 supra
1100 3114 1260 3149 diximus
1286 3124 1352 3150 om.
1373 3114 1446 3149 AS
1463 3116 1476 3162 ΙΙ
1495 3127 1650 3160 corpora
1672 3114 1802 3160 etiam]

99 3160 138 3192 et
163 3170 318 3204 corpora.
343 3160 419 3195 FO
434 3162 446 3207 ΙΙ
474 3165 519 3197 28
544 3161 702 3208 mvwrnu]
729 3174 761 3196 A.
787 3174 817 3195 L.
845 3174 876 3195 u.
904 3174 933 3197 τ.
961 3162 1044 3196 add.
1075 3161 1124 3195 M
1140 3163 1152 3205 ΙΙ
1171 3161 1210 3195 et
1233 3171 1298 3195 om.
1327 3160 1399 3196 AS
1436 3164 1474 3196 et
1498 3162 1535 3197 in
1562 3162 1709 3206 Orpheo
1736 3172 1820 3195 oon.»

99 3204 226 3240 FOM
244 3207 257 3252 11
285 3210 329 3242 29
357 3207 491 3243 ercnlis
518 3208 555 3242 F
588 3208 751 3244 herculis
780 3207 811 3243 C
826 3209 838 3255 ΙΙ
857 3208 983 3243 statim
1009 3218 1074 3242 om.
1102 3207 1137 3241 R
