2092 3614
340 278 424 321 196
1110 280 1271 317 SERVH

384 409 391 415 -
458 388 554 431 795.
604 401 913 440 vnrnnnsqvn
939 401 1093 433 schm
1126 390 1234 433 bene
1267 389 1497 432 “veteres'z
1529 405 1631 433 nam
1662 391 1737 433 ubi
1767 406 1880 434 nunc
1906 392 2046 435 Roma

339 461 423 515 est,
454 460 518 502 ibi
548 460 725 504 fuerunt
756 460 918 517 Sicani,
951 477 1058 518 quos
1090 464 1242 518 postea
1273 461 1533 517 pepulerunt
1563 461 1839 518 Aborigines.

457 533 553 575 796.
604 544 847 576 SACRANAE
890 545 1023 587 Aclns
1065 532 1213 576 dicunt
1252 532 1463 588 quendam
1503 531 1797 589 Corybantem
1841 536 1888 577 de
1924 534 2045 578 Creta

335 604 503 647 venisse
535 605 589 647 ad
616 603 789 648 Italiam
822 608 866 648 et
895 605 1087 648 tenuisse
1119 605 1234 659 loca,
1266 619 1375 660 quae
1406 619 1521 647 nunc
1552 606 1649 648 urbi
1681 606 1821 649 vicina
1853 608 1971 662 sunt,
2003 610 2047 649 et

288 685 310 717 5
328 671 387 720 ,611
419 690 469 719 60
500 677 684 732 populos
717 676 918 720 ducentes
953 677 1166 732 originem
1198 675 1411 720 Sacranos
1450 677 1710 733 appellatos3
1746 692 1849 720 nam
1887 679 2044 720 sacrati

263 1044 307 1075 10

260 1402 304 1433 15

257 1761 304 1792 20

335 750 437 790 sunt
467 748 598 790 matri
629 748 754 790 deum
787 747 1069 803 Corybantes.
1122 747 1196 790 alii
1229 747 1438 791 Sacranas
1472 748 1584 790 acies
1616 748 1850 791 Ardeatum
1881 750 2045 806 volunt,

333 819 407 874 qui
433 819 667 875 aliquando
694 834 790 862 cum
817 820 1067 875 pestilentia
1091 820 1359 875 laborarent,
1384 834 1458 862 ver
1483 835 1654 862 sacrum
1679 823 1907 877 voverunt,
1932 820 2044 863 unde

333 889 514 934 Sacrani
551 890 656 934 dicti
698 893 809 934 sunt.
930 902 1056 934 PICTI
1094 903 1239 935 SOVTA
1276 903 1435 934 LABICI
1473 890 1682 948 Glaucus,
1719 891 1879 935 Minois
1918 893 2045 948 filius,

332 963 452 1006 venit
478 963 533 1005 ad
557 962 743 1006 Italiam.
793 965 837 1006 et
862 978 959 1006 cum
986 964 1069 1006 sibi
1094 963 1323 1019 imperium
1354 966 1554 1019 posceret
1583 978 1662 1006 nec
1688 964 1916 1019 acciperet,
1947 963 2043 1006 ideo

333 1035 447 1090 quod
477 1035 589 1077 nihil
620 1035 892 1090 praestabat,
925 1035 1036 1077 sicut
1060 1035 1151 1077 eius
1184 1037 1309 1090 pater
1333 1035 1612 1090 praestiterat
1637 1049 1790 1077 zonam
1817 1035 1878 1077 eis
1904 1036 2042 1077 trans-

332 1106 565 1161 mittendo,
603 1121 699 1149 cum
740 1106 922 1149 antehac
954 1106 1153 1149 discincti
1186 1107 1347 1162 essent,
1379 1106 1572 1149 ostendit
1603 1108 1791 1149 scutum:
1830 1121 1855 1148 a
1885 1122 1969 1162 quo
2001 1108 2045 1149 et

331 1178 426 1232 ipse
457 1177 642 1220 Labicus
675 1177 815 1220 dictus
848 1179 933 1233 est,
971 1179 1015 1219 et
1045 1192 1097 1219 ex
1129 1191 1179 1220 eo
1211 1176 1360 1232 populi
1391 1173 1479 1219 ἀπὸ
1511 1178 1589 1232 τῆς
1619 1178 1778 1233 λαβῆς,
1820 1193 1949 1234 quam
1981 1178 2043 1221 la—

332 1248 421 1291 tine
454 1250 645 1305 amplam
671 1264 887 1292 vocamus.
938 1248 1073 1305 epicti’
1101 1250 1248 1291 autem
1274 1247 1428 1290 ‘scuta'
1453 1248 1496 1290 id
1529 1251 1595 1291 est
1625 1249 1671 1291 in
1700 1249 1817 1292 bello
1848 1250 2044 1306 frequen-

330 1322 396 1363 ter
433 1321 626 1377 probati:
664 1336 767 1364 nam
806 1320 919 1377 apud
957 1320 1142 1363 maiores
1174 1320 1365 1363 virorum
1397 1320 1576 1363 fortium
1608 1321 1723 1377 picta
1755 1323 1879 1363 erant
1911 1324 2043 1378 scuta,

330 1407 353 1434 e
386 1395 537 1436 contra
570 1393 774 1435 inertium
806 1395 850 1435 et
879 1393 1072 1435 tironum
1104 1406 1214 1448 pura
1245 1393 1384 1446 erant,
1418 1392 1530 1434 unde
1562 1394 1628 1434 est
1659 1392 1749 1447 <IX
1781 1393 1898 1448 545>
1929 1409 2043 1449 par-

329 1480 508 1521 maque
539 1465 802 1521 inglorius
836 1464 972 1520 alba,
1003 1464 1046 1506 id
1078 1466 1144 1506 est
1173 1479 1262 1507 non
1293 1463 1422 1519 picta.
1963 1505 1968 1510 ,

451 1537 547 1579 797.
598 1549 677 1588 QVI
718 1547 890 1580 SAnTvs
932 1548 1150 1579 'rmnnmn
1193 1546 1313 1579 'rvos
1358 1550 1445 1578 non
1489 1536 1721 1592 originem,
1766 1539 1814 1578 ut
1858 1536 2042 1580 diximus

330 1623 462 1664 supra
500 1608 655 1664 <715>.
779 1620 1058 1659 sACRVMQvn
1103 1619 1268 1669 uvM1c1
1313 1619 1448 1649 L1Tvs
1492 1619 1647 1650 ARANT
1691 1610 1768 1650 aut
1810 1609 1896 1650 iam
1938 1610 2042 1651 tunc

330 1695 518 1736 sacrum,
551 1683 627 1722 aut
657 1680 875 1736 prolepsis
908 1682 993 1723 est:
1024 1694 1125 1722 nam
1158 1681 1432 1721 consecratus
1460 1680 1526 1721 est
1551 1678 1779 1735 Numicus,
1810 1682 2039 1735 postquam

330 1752 551 1795 inventum
584 1754 651 1794 est
682 1752 773 1794 illic
805 1746 987 1794 cadaver
1020 1750 1203 1794 Aeneae.

452 1824 549 1867 798.
598 1835 732 1867 LITVS
764 1835 920 1865 ARANT
952 1822 1058 1865 litus
1090 1822 1299 1878 fluminis,
1331 1824 1380 1864 ut
1410 1821 1546 1877 <VIII
1580 1823 1665 1878 83>
1698 1823 1956 1879 viridique
1988 1824 2041 1866 in

329 1895 485 1938 litore
517 1895 842 1951 conspicitur
874 1909 970 1938 sus.

450 1967 548 2009 799.
598 1978 935 2018 CIRCAEVMQVE
962 1978 1112 2009 IVGVM
1138 1966 1252 2008 circa
1283 1966 1398 2008 hunc
1423 1967 1612 2008 tractum
1639 1965 1900 2021 Campaniae
1933 1968 2040 2010 cole-

426 2149 447 2179 6
472 2145 538 2181 alii
564 2173 572 2181 .
594 2173 601 2181 .
624 2174 631 2181 .
661 2144 752 2180 dicti
779 2145 881 2191 sunt]
909 2144 954 2180 cf.
980 2143 1079 2180 Fest.
1106 2156 1132 2179 s.
1159 2156 1192 2180 v.
1221 2142 1375 2179 Sacrani

425 2318 446 2348 2
472 2313 544 2360 ibi]
570 2312 637 2348 ubi
661 2311 690 2348 S
714 2313 819 2357 (corr.
845 2313 876 2358 s)
901 2313 914 2358 ΙΙ
941 2312 991 2348 ad
1015 2322 1047 2347 v.
1076 2314 1142 2347 795
1169 2312 1212 2346 in
1235 2321 1350 2356 mary.
1378 2310 1531 2356 quidam
1557 2310 1701 2347 sicanos
1726 2311 1875 2357 proprie
1901 2311 2037 2348 siculos

328 2361 556 2407 intellegunt
574 2360 741 2396 dicentes
761 2370 963 2404 numquam
989 2359 1029 2394 in
1052 2357 1161 2394 italia
1185 2357 1301 2394 fuisse
1327 2358 1489 2402 sicanos,
1517 2357 1582 2394 sed
1608 2358 1755 2395 siculos.
1791 2359 1856 2404 qui
1879 2359 2038 2405 profecti

331 2409 379 2444 ad
404 2408 565 2444 insulam
591 2418 771 2444 conexam
795 2407 925 2443 italiae
950 2418 1046 2451 quae
1071 2409 1161 2442 tunc
1186 2406 1328 2442 sicania
1353 2406 1548 2441 dicebatur
1571 2407 1832 2451 cognominem
1857 2406 1929 2442 sibi
1953 2407 2037 2443 red.-

329 2456 504 2492 diderunt
533 2456 566 2490 T
585 2457 598 2502 ΙΙ
629 2460 650 2490 3
677 2455 865 2500 quondam
891 2454 920 2490 S
926 2455 971 2489 H
993 2456 1006 2501 ΙΙ
1034 2454 1265 2490 coribantem
1290 2453 1422 2488 RLH
1453 2453 1685 2489 heribantem
1712 2454 1753 2489 F
1768 2455 1780 2501 ΙΙ
1811 2454 1960 2490 decreto
1986 2454 2036 2498 F,

328 2505 472 2539 correaei
500 2505 513 2549 ΙΙ
550 2507 572 2537 4
597 2503 697 2549 urbi]
723 2514 850 2538 romae
875 2502 912 2537 R
942 2503 955 2549 ΙΙ
992 2506 1012 2537 6
1039 2502 1250 2537 coribantes
1274 2500 1352 2536 RL
1396 2501 1632 2537 choribantes
1658 2501 1700 2536 F
1726 2503 1738 2548 ΙΙ
1770 2513 1943 2538 sacranos
1968 2502 2038 2537 SL

329 2553 436 2597 (corr.
462 2552 493 2596 s)
513 2552 525 2597 ΙΙ
555 2550 667 2586 ardea
693 2551 736 2585 tii
761 2550 802 2585 F
835 2551 1029 2586 ardeatum
1054 2550 1197 2595 reliqui.
1236 2548 1453 2584 Ardeatium
1482 2549 1700 2586 Masvicius.
1740 2550 1786 2593 cf.
1812 2550 1915 2585 Neue
1941 2549 2036 2585 For—

327 2600 432 2635 menl.
459 2597 511 2633 11²
530 2609 572 2643 p.
600 2601 643 2633 77
662 2608 735 2643 sqq.
755 2599 767 2644 ΙΙ
800 2602 819 2633 7
845 2597 1100 2643 pestilentiam
1126 2596 1166 2631 F
1182 2598 1194 2644 ΙΙ
1220 2607 1349 2632 uerum
1376 2607 1521 2631 sacrum
1547 2595 1620 2631 SR
1630 2597 1679 2631 M
1684 2596 1725 2631 F
1758 2608 1848 2632 uera
1872 2608 1979 2632 sacra
2003 2597 2037 2632 L

329 2658 419 2683 uera
443 2656 589 2682 sacrum
614 2645 660 2680 H
685 2646 697 2691 n
734 2646 920 2680 nonerunt
944 2645 990 2680 H
1015 2646 1027 2691 ΙΙ
1064 2649 1085 2680 8
1111 2644 1204 2679 dicti
1229 2643 1330 2690 sunt]
1356 2655 1423 2679 uer
1446 2655 1590 2679 sacrum
1616 2645 1742 2679 autem
1766 2643 2036 2680 immolationis

329 2695 387 2730 est
411 2705 528 2739 genus
555 2720 563 2728 .
589 2703 669 2728 mos
696 2691 795 2727 enim
819 2692 922 2727 italis
947 2692 1020 2728 fuit
1043 2694 1087 2727 ut
1114 2691 1261 2737 magnis
1292 2691 1333 2726 in
1358 2692 1438 2736 (sic)
1465 2691 1639 2736 periculis
1670 2691 1824 2727 adducti
1855 2694 2038 2728 uouerent

329 2751 584 2787 quaecumque
619 2738 789 2786 proximo
821 2750 909 2774 uere
940 2741 1031 2774 nata
1056 2740 1181 2774 essent
1205 2739 1304 2785 apud
1331 2750 1369 2774 se
1395 2738 1574 2774 animalia
1598 2739 1854 2775 immolaturos
1879 2740 1965 2775 add.
1984 2739 2034 2775 D.

328 2790 374 2833 cf.
401 2789 500 2825 Fest.
521 2788 629 2824 Paul.
644 2798 684 2832 p.
700 2790 768 2822 379
788 2787 800 2833 ΙΙ
820 2790 840 2821 9
865 2797 934 2821 nec
959 2787 1147 2832 acciperet
1171 2797 1238 2823 om.
1257 2786 1303 2821 H
1317 2787 1330 2833 ΙΙ
1351 2790 1394 2822 10
1419 2787 1660 2831 praestiterat
1684 2787 1723 2822 et
1747 2787 1795 2822 ad
1820 2798 1948 2822 zonam
1968 2786 2010 2821 F
2033 2787 2035 2833 J

329 2837 398 2883 eis]
426 2837 505 2872 eius
530 2836 559 2872 S
576 2837 588 2883 ΙΙ
619 2839 660 2870 11
687 2835 800 2870 antea
825 2833 944 2869 SRF
959 2835 971 2881 ΙΙ
999 2834 1169 2869 distincti
1194 2833 1279 2870 SM
1304 2836 1410 2879 (corr.
1429 2835 1460 2879 s)
1499 2834 1683 2869 discnncti
1708 2835 1753 2868 H
1785 2833 1936 2869 discena
1960 2833 2001 2868 F
2032 2835 2036 2879 Ι

330 2885 476 2919 scutum
501 2883 665 2919 militare
691 2881 801 2925 SRl,
825 2882 901 2917 nisi
924 2882 1020 2926 quod
1046 2882 1248 2916 militarem
1273 2881 1310 2916 R
1328 2882 1341 2928 11
1359 2892 1382 2916 a
1407 2892 1473 2918 om.
1499 2881 1570 2916 SR
1589 2883 1601 2928 ΙΙ
1619 2881 1709 2928 quo]
1735 2882 1800 2927 qui
1824 2892 1841 2917 s
1859 2882 1871 2928 ΙΙ
1893 2885 1934 2916 12
1961 2892 2035 2917 ano

328 2943 392 2967 'mc
424 2942 535 2966 Aasrc
559 2931 596 2965 R
633 2943 701 2965 ano
732 2940 798 2965 'mc
829 2939 948 2964 manc
973 2928 1015 2963 H
1051 2940 1123 2964 ano
1149 2940 1214 2964 ‘roc
1239 2939 1345 2964 aanec
1371 2928 1413 2963 F
1445 2930 1457 2975 ΙΙ
1496 2933 1538 2964 13
1566 2928 1746 2975 amplam]
1780 2940 1908 2964 ansam
1941 2930 2035 2964 coni.

335 2979 500 3014 Valesius
531 2979 581 3014 ad
606 2978 724 3013 Amm.
751 2976 871 3012 Marc.
898 2975 983 3011 XXI
1010 2979 1047 3020 2,
1076 2980 1114 3019 1,
1148 2977 1210 3011 secl
1238 2976 1367 3011 ‘ansa'
1396 2977 1464 3011 illa
1488 2980 1605 3012 aetate
1631 2976 1790 3021 ‘ampla’
1818 2977 1919 3012 dicta
1944 2981 1994 3011 est
2023 2976 2035 3023 11

331 3031 377 3062 14
403 3027 508 3061 erant
527 3029 634 3061 scuta
654 3025 805 3070 depicta
823 3024 852 3060 S
858 3023 895 3058 R
926 3022 1075 3068 depicta
1094 3025 1200 3058 erant
1219 3025 1324 3058 scuta
1343 3023 1393 3058 M
1406 3025 1418 3070 ΙΙ
1437 3025 1544 3058 scuta
1563 3052 1570 3059 .
1587 3052 1594 3059 .
1610 3050 1618 3058 .
1638 3035 1731 3068 pura
1756 3024 1862 3058 erant
1886 3034 1951 3058 om.
1969 3023 2009 3058 F
2024 3026 2036 3070 ΙΙ

331 3077 376 3110 15
401 3085 422 3109 6
447 3084 513 3109 om.
540 3072 612 3108 SR
621 3073 671 3107 M
686 3073 698 3118 ΙΙ
724 3073 782 3108 est
806 3083 872 3107 om.
892 3070 922 3107 S
942 3072 955 3118 ΙΙ
987 3074 1030 3105 19
1056 3070 1252 3115 prolemsis
1278 3070 1314 3105 R
1350 3070 1574 3115 prolempsis
1599 3070 1691 3104 LM
1696 3069 1737 3104 F
1769 3069 2034 3115 prolemprosis

329 3122 375 3157 H
389 3123 401 3168 ΙΙ
425 3122 484 3157 est
507 3131 574 3156 om.
602 3120 652 3154 M
668 3120 680 3166 ΙΙ
704 3117 891 3165 πρόληψις
916 3119 974 3154 est
998 3129 1022 3153 a
1046 3117 1228 3153 cadauere
1254 3118 1403 3152 Aeneae
1429 3117 1630 3153 Fabricius
1648 3118 1660 3163 ΙΙ
1687 3128 1771 3151 nam
1800 3119 2034 3153 consecratus

330 3171 388 3205 est
412 3180 478 3205 om.
504 3168 562 3211 H,
587 3168 648 3203 sed
672 3169 834 3211 spatium
858 3167 1022 3202 relietum
1046 3168 1098 3201 est
1124 3166 1136 3211 ΙΙ
1167 3168 1212 3199 20
1243 3165 1437 3200 inuentum
1463 3165 1542 3200 illic
1568 3165 1626 3199 est
1651 3165 1701 3199 M
1735 3164 1816 3199 illic
1840 3165 2034 3201 inuentum

330 3218 387 3252 est
412 3216 453 3251 F
473 3217 486 3263 ΙΙ
517 3219 560 3251 22
588 3214 663 3260 sus]
697 3226 810 3259 quom
835 3215 938 3259 ripae
963 3212 1112 3259 proprie
1138 3211 1331 3247 fluminum
1357 3211 1431 3247 sint
1455 3211 1521 3256 (sit
1546 3212 1655 3257 cod),
1688 3211 1800 3247 litora
1829 3212 1962 3256 maris,
1993 3214 2035 3248 ut

330 3264 478 3299 ouidius
504 3264 596 3310 (met.
623 3263 640 3297 Ι
665 3263 726 3307 42)
755 3262 837 3307 ‘pro
863 3260 954 3307 ripis
979 3260 1093 3297 litora
1118 3259 1284 3305 pulsant'
1313 3260 1398 3295 add.
1418 3259 1458 3294 D
