2092 3614
556 264 707 300 COMM.
733 263 784 298 IN
814 261 955 299 VERG.
984 262 1093 298 AEN.
1120 263 1170 298 IX
1197 266 1346 299 53—74.
1721 261 1807 305 315

96 376 204 417 unde
233 375 282 417 iu
310 375 441 417 saeris
465 374 633 417 aedibus
657 377 694 416 et
717 374 764 416 iu
789 373 1064 416 tribunalibus
1093 368 1252 428 saepia,
1282 386 1385 427 quae
1416 373 1557 416 turbas
1579 371 1809 427 prohibent,

97 447 239 490 caulas
268 459 468 489 vocamus.

217 518 285 560 60.
335 529 491 560 NOCTE
530 529 675 560 SVPER
711 527 862 559 MEDIA
902 516 1020 559 ultra
1057 515 1244 558 mediam
1284 517 1476 571 noctem,
1520 516 1563 558 id
1607 519 1675 559 est
1709 517 1810 571 plus

96 603 221 644 quam
251 589 404 644 media,
435 589 497 631 vel
528 589 690 631 maiore
722 575 814 631 eius
846 590 982 644 parte.
1033 590 1076 630 et
1108 589 1174 630 est
1206 587 1321 629 bona
1350 587 1554 639 elocutio,
1586 588 1702 630 faeta
1732 603 1809 643 per

98 661 327 717 syllepsin,
358 664 407 703 ut
438 660 475 702 si
507 660 624 702 dieas
657 659 766 716 ‘legi
791 661 917 702 noete
944 673 1073 714 super
1097 657 1272 714 media',
1303 658 1347 700 id
1379 660 1446 700 est
1476 659 1591 700 ultra
1623 659 1809 702 mediam
1835 669 1855 700 5

97 735 285 789 noetem3
326 733 449 775 nulla
486 732 598 776 enim
638 732 844 788 syllepsis
883 734 966 787 est,
1011 746 1118 787 quae
1156 745 1246 773 non
1289 732 1332 772 et
1375 745 1522 773 casum
1567 733 1723 785 mutet,
1765 734 1809 774 et

99 807 226 861 egeat
263 804 583 859 subauditione,
628 806 677 846 ut
715 803 862 859 <285>
901 803 1030 846 hane
1067 816 1161 858 ego
1201 807 1334 845 nune
1377 801 1612 858 ignaram
1656 803 1808 845 huius

97 865 450 933 quodcumque
482 875 678 931 pericli.

216 948 286 990 61.
334 964 527 991 nvpzaeossvs
552 965 620 990 IRA
644 961 728 990 uon
755 947 837 989 ‘ira
861 945 1092 1002 inprobus',
1117 947 1187 990 sed
1211 946 1293 989 ‘ira
1317 946 1488 990 saevit':
1521 949 1649 989 totum
1673 949 1810 988 autem

96 1034 259 1063 summa
289 1019 480 1062 brevitate
509 1022 742 1062 narratum.
1838 1028 1880 1059 10

222 1091 291 1134 62.
341 1103 506 1134 SAEVIT
526 1103 575 1133 IN
594 1102 831 1134 ABSENTES
857 1090 1093 1133 fantasiam
1120 1090 1328 1133 saevitiae
1354 1090 1584 1146 expressit,
1610 1105 1695 1146 qua
1719 1090 1811 1145 lupi

99 1163 160 1205 sio
191 1162 305 1206 cirea
336 1162 483 1205 caulas
515 1163 725 1218 fremunt,
758 1166 806 1206 ut
835 1163 882 1205 in
914 1163 1021 1218 ipsis
1054 1162 1315 1205 animalibus
1348 1162 1500 1205 solent.

218 1235 289 1277 63.
338 1246 399 1276 EX
424 1245 585 1278 LONGO
612 1245 772 1277 RABIES
806 1234 1008 1277 absoluta
1039 1234 1245 1290 elocutio,
1277 1237 1326 1276 ut
1357 1234 1394 1277 si
1425 1234 1542 1276 dieas
1575 1233 1665 1276 ‘ille
1697 1234 1809 1276 fame

98 1306 310 1362 fatigatur
342 1321 392 1348 ex
425 1305 591 1362 longo’.
712 1300 1015 1361 mmmm-pro
1048 1305 1097 1348 ‘a
1126 1305 1359 1361 sauyuiue'.

217 1378 286 1420 66.
335 1390 396 1419 ΕΤ
430 1390 524 1428 QVA
554 1389 634 1420 VIA
666 1389 871 1421 CLAVSOS
905 1377 1032 1434 equa'
1065 1377 1317 1421 adverbium
1347 1377 1433 1421 loci
1466 1379 1549 1433 est,
1590 1392 1676 1419 non
1714 1392 1811 1432 pro·
1838 1388 1881 1419 15

97 1465 272 1492 nomen:
303 1465 404 1492 nam
429 1464 517 1492 non
543 1451 633 1491 stat
657 1464 824 1505 versus»,
858 1450 903 1492 'si'
921 1449 1258 1505 ‘via’septimus
1287 1450 1364 1506 sit,
1391 1464 1480 1492 non
1506 1449 1810 1492 nominativus.

99 1535 202 1577 ergo
229 1520 336 1578 ‘qua
361 1520 451 1564 via’
478 1536 555 1577 per
580 1536 709 1577 quam
733 1523 902 1577 partem
929 1522 1000 1564 via
1027 1522 1142 1564 vallo
1170 1521 1379 1564 Troianos
1407 1521 1607 1564 excutiat.
1653 1521 1812 1577 legitur

97 1594 245 1636 tamen
277 1592 342 1635 ‘et
373 1607 482 1649 quae
513 1591 619 1649 via',
650 1595 694 1635 et
724 1595 790 1635 est
821 1608 974 1636 sensus
1008 1593 1260 1636 absolutior.

218 1665 286 1707 67.
335 1682 550 1709 EFFVNDAT
573 1682 619 1708 [Ν
644 1681 812 1714 AEQVVM
838 1666 885 1707 iu
906 1665 1105 1720 planum,
1136 1666 1182 1708 iu
1213 1679 1416 1720 eampum.

220 1737 288 1779 70.
336 1753 506 1780 flvmen*
533 1753 684 1784 sootoso
692 1754 739 1779 VE
768 1753 955 1780 INCENDIA
986 1753 1119 1781 POSGIT
1150 1754 1324 1781 oVAivTEs
1361 1737 1727 1793 hystoroproteron,
1767 1741 1815 1779 ut
1837 1747 1882 1778 20

98 1808 337 1851 aviditatem
373 1808 533 1851 iuvenis
569 1809 817 1866 ostenderet„
861 1807 1093 1851 ‘incendia'
1126 1812 1262 1851 autem
1291 1823 1372 1863 pro
1410 1810 1603 1864 materia,
1644 1823 1694 1852 ex
1730 1823 1812 1863 qua

98 1880 289 1923 incendia
319 1883 565 1934 sequuntur:
596 1883 635 1922 et
662 1880 821 1923 videtur
850 1883 1033 1923 eventum
1055 1881 1251 1935 posuisse.

219 1953 243 1994 7
248 1952 286 1994 2.
339 1969 422 1995 Tm
456 1969 551 1995 VERO
581 1954 629 1994 ut
657 1952 822 2006 siyuum
851 1952 1200 1995 iucendeudarum
1230 1953 1401 1995 navium
1432 1954 1576 1996 datum
1607 1956 1675 1996 est.

221 2024 289 2067 73.
339 2034 533 2066 FAclssvs
559 2035 707 2066 PVBES
734 2035 1020 2066 Aoomerrvu
1045 2035 1183 2067 Arius
1206 2039 1288 2078 pro
1320 2023 1393 2067 ‘ad
1417 2025 1529 2078 faces
1558 2023 1812 2079 acci-nyitur’,

98 2098 145 2137 ici
173 2096 229 2137 sit
259 2096 438 2147 dativus,
468 2099 516 2137 ut
542 2094 750 2151 <11235>
777 2096 1043 2150 aeeiuyuut
1072 2109 1233 2138 omues
1263 2097 1420 2150 operi:
1452 2100 1528 2139 aut
1553 2095 1810 2151 ‘aceiuyitur'
1837 2106 1881 2137 25

100 2169 311 2222 armatur,
342 2167 573 2209 instruitur
601 2167 774 2220 facibus.

220 2239 286 2281 74.
335 2256 551 2282 DIRIPVERE
577 2256 693 2282 Fooos
727 2240 957 2294 quaeritur,
994 2240 1096 2294 quid
1123 2239 1182 2282 ibi
1209 2240 1373 2293 faciant
1398 2240 1492 2293 foci.
1547 2241 1619 2283 sed
1647 2241 1694 2282 iu
1723 2254 1812 2282 car-

99 2310 280 2353 minibus
316 2311 517 2365 quaedam
552 2325 624 2353 nee
659 2311 717 2353 ad
750 2310 1016 2353 subtilitatem
1052 2325 1123 2354 nee
1152 2313 1210 2354 acl
1237 2313 1446 2355 veritatem
1477 2313 1672 2367 exiyeuda
1703 2314 1811 2355 suut.

197 2443 215 2474 1
242 2439 472 2475 tibunalibus
494 2439 535 2475 F
549 2441 562 2486 ΙΙ
590 2444 611 2475 2
638 2439 764 2475 caulas
791 2440 997 2477 Salmasius
1022 2442 1165 2478 exercit.
1186 2441 1286 2477 Pliu.
1305 2453 1344 2487 p.
1365 2445 1450 2477 647:
1478 2442 1624 2477 clausas
1644 2442 1685 2477 F
1708 2442 1812 2478 aulas

98 2487 248 2523 Daniel.
285 2487 403 2523 sciens
427 2488 570 2524 videtwr
588 2489 786 2524 monachus
805 2489 942 2534 aliquis
961 2489 1106 2525 clausas
1127 2500 1200 2535 pro
1221 2488 1348 2525 caulas
1367 2490 1534 2535 posuisse
1552 2491 1564 2536 ΙΙ
1583 2495 1604 2525 3
1631 2491 1681 2526 ad
1699 2503 1811 2527 noem

100 2548 127 2570 s.
154 2547 189 2568 Μ.
218 2545 317 2579 supr.
344 2545 432 2571 vers.
458 2535 543 2580 plus
569 2535 694 2571 media
718 2538 827 2571 nocte
857 2536 890 2571 T.
906 2537 918 2583 ΙΙ
950 2540 972 2572 4
997 2537 1121 2583 parte]
1148 2538 1339 2572 transacta
1363 2538 1516 2573 additur
1540 2538 1679 2584 vulyofl
1710 2537 1812 2573 facta

99 2593 166 2618 om.
182 2581 268 2616 LH
285 2583 298 2626 ΙΙ
324 2585 344 2617 5
371 2582 587 2628 sinlempsin
613 2586 646 2617 Α
689 2582 907 2619 sinlemosin
932 2584 961 2619 S
999 2584 1192 2629 silempsin
1217 2584 1254 2619 R
1290 2585 1443 2620 silensin
1468 2585 1503 2619 L
1534 2585 1755 2631 syllempsin
1771 2585 1815 2620 H

100 2628 304 2675 sylempsin
325 2630 374 2664 M
408 2629 615 2675 sillempsin
637 2630 678 2665 F
692 2632 704 2676 ΙΙ
724 2635 744 2666 9
771 2630 930 2679 ἱτὲιᾶὼιιε
951 2631 992 2666 F
1007 2633 1019 2678 ΙΙ
1041 2636 1082 2667 11
1109 2631 1269 2668 fantasia
1294 2635 1359 2680 iste
1386 2632 1565 2668 saeuitiae
1585 2632 1622 2667 R
1651 2631 1814 2668 fantasia

99 2682 170 2712 nia
196 2676 318 2712 euitae
344 2677 389 2711 H
404 2679 416 2722 ΙΙ
435 2677 525 2724 qua]
554 2677 643 2722 quia
666 2678 753 2713 RF
767 2679 779 2725 ΙΙ
807 2682 850 2713 12
878 2679 975 2714 solet
999 2679 1036 2714 R
1045 2679 1085 2714 F
1100 2680 1112 2725 ΙΙ
1130 2680 1180 2715 ad
1205 2680 1328 2716 solent
1352 2681 1395 2715 in
1417 2691 1532 2725 mary.
1559 2681 1646 2716 haec
1670 2681 1756 2716 add.
1782 2681 1811 2715 l:

99 2724 171 2760 hoo
197 2724 305 2759 dicit:
342 2723 437 2760 sicut
466 2724 577 2770 lupus
609 2725 761 2761 ueniens
788 2726 836 2761 ad
862 2726 988 2762 caulas
1015 2726 1143 2762 ouium
1167 2726 1296 2763 fremit
1320 2729 1358 2763 et
1382 2727 1538 2763 audiens
1564 2738 1682 2774 agnos
1708 2738 1811 2763 exer-

100 2783 182 2808 cere
208 2772 395 2816 balatum,
428 2772 525 2807 seuit
548 2772 588 2807 in
612 2772 713 2817 ipsos
740 2772 932 2818 absentes,
964 2775 1158 2820 tamquam
1182 2774 1282 2810 inter
1306 2775 1392 2810 illos
1418 2775 1483 2819 sit,
1515 2786 1590 2810 non
1622 2775 1733 2811 aliter
1757 2775 1811 2810 in-

100 2820 340 2855 flammantur
364 2820 442 2855 irae
467 2819 507 2854 in
531 2820 642 2855 turno
667 2820 842 2855 lustranti
869 2822 906 2856 et
931 2833 1054 2857 muros
1080 2823 1119 2858 et
1143 2824 1277 2858 castra.
1304 2824 1316 2869 ΙΙ
1345 2824 1395 2858 ad
1419 2834 1571 2857 FATIGAT
1595 2834 1696 2867 supr.
1722 2834 1811 2859 vers.

99 2867 257 2913 instigat
283 2866 384 2912 cogit
412 2867 454 2903 T.
495 2868 541 2910 ef.
561 2867 659 2902 Nou.
680 2878 722 2912 p.
742 2871 823 2911 304,
843 2871 864 2903 8
885 2868 940 2904 M.
961 2870 973 2914 ΙΙ
995 2874 1036 2905 13
1065 2869 1188 2906 soluta
1214 2870 1249 2905 R
1268 2871 1280 2916 ΙΙ
1300 2874 1344 2906 15
1371 2872 1429 2906 est
1452 2870 1528 2905 loci
1553 2871 1626 2905 AS
1643 2872 1655 2915 ΙΙ
1676 2874 1720 2906 17
1746 2882 1813 2915 per

100 2926 212 2959 quam
237 2916 384 2960 partem
409 2915 471 2950 uia
497 2914 551 2950 F:
576 2927 614 2960 p.
640 2926 674 2959 q.
701 2927 736 2960 p.
762 2915 864 2951 uiam
890 2916 1016 2952 ΑΒΗ
1049 2929 1085 2963 p.
1113 2929 1148 2963 q.
1174 2930 1209 2963 p.
1236 2918 1320 2953 uiae
1346 2918 1511 2953 RLMa
1542 2919 1554 2964 ΙΙ
1586 2918 1706 2953 extiat
1730 2918 1771 2953 F
1802 2919 1810 2962 [¹

101 2965 145 2997 18
172 2962 282 3008 quae]
311 2972 385 3007 qua
405 2962 449 2997 H
463 2963 475 3008 ΙΙ
496 2966 539 2997 19
563 2973 726 2998 EFFVDAT
746 2962 787 2997 F
802 2963 814 3009 ΙΙ
833 2963 883 2998 ad
907 2976 945 2999 m
963 2976 1102 3005 AEQvon
1126 2976 1226 3010 supr.
1247 2976 1336 3002 vers.
1362 2964 1401 3000 in
1426 2965 1580 3010 planum
1607 2976 1780 3010 campum
1802 2983 1803 3010 ᾗ

100 3012 144 3044 21
171 3010 221 3045 ad
245 3022 414 3045 moenum
438 3021 538 3055 supr.
564 3021 652 3045 vers.
680 3020 754 3045 non
778 3021 818 3045 re
844 3021 933 3046 uera
956 3011 1130 3048 incendia
1156 3013 1221 3048 sed
1247 3012 1445 3048 materiam
1474 3013 1508 3047 T
1529 3014 1542 3058 ΙΙ
1570 3017 1614 3048 22
1642 3013 1811 3058 sequitur

102 3055 151 3100 F,
177 3067 269 3092 corr.
294 3057 434 3093 Daniel
462 3058 474 3104 ΙΙ
508 3058 676 3093 etentum
702 3057 736 3092 Cr*
766 3059 778 3103 ΙΙ
814 3061 860 3093 23
886 3059 936 3094 ad
961 3072 1033 3095 ’ΝΜ
1057 3072 1091 3096 v.
1117 3071 1218 3105 supr.
1245 3071 1333 3095 vers.
1361 3061 1403 3095 ut
1427 3060 1573 3106 signum
1600 3060 1728 3096 datum
1755 3061 1812 3094 est

100 3103 416 3140 incendendarum
439 3104 592 3140 nauium
622 3105 656 3140 T
682 3105 694 3151 ΙΙ
725 3108 771 3139 24
797 3116 1016 3147 mcmvsovs
1041 3119 1257 3143 Aocmsrrvn
1281 3120 1381 3143 A'rms
1406 3107 1495 3143 libri
1520 3107 1694 3152 Seruiani
1719 3109 1732 3151 ll
1762 3107 1812 3142 ad
1827 3139 1832 3145 ,

101 3162 249 3186 1·=Ac11;vs
274 3162 375 3196 supr.
400 3164 490 3189 vers.
516 3164 582 3198 pro
609 3153 658 3188 ad
682 3153 782 3188 faces
812 3152 846 3187 Τ
859 3154 871 3199 ΙΙ
899 3153 1082 3200 accigitur
1107 3154 1149 3189 F
1164 3156 1176 3200 ss
1207 3158 1251 3190 25
1279 3154 1395 3190 clauus
1421 3155 1462 3189 F
1484 3157 1496 3199 ΙΙ
1527 3159 1572 3190 26
1598 3154 1808 3200 instruitur]

65 3219 68 3223 ι
102 3196 210 3279 Λὲίετίε.
230 3199 336 3280 {luasi
363 3199 538 3236 letiferis:
564 3210 651 3235 nam
676 3200 775 3236 faces
801 3201 973 3237 ardentes
999 3204 1085 3238 sunt
1110 3203 1194 3238 add.
1222 3201 1423 3238 Fabricius
1441 3204 1453 3249 ΙΙ
1472 3207 1516 3238 27
1543 3202 1616 3237 faci
1642 3201 1693 3245 F,
1718 3211 1809 3237 corr.

145 3255 228 3280 ame
