2092 3614
263 1019 306 1050 10

261 1377 304 1408 15

258 1734 304 1765 20

258 2092 303 2122 25

333 253 420 298 386
1107 255 1268 293 SERVH

454 366 520 407 19.
571 378 766 416 NAMQVE
797 378 942 409 ALIVD
975 378 1089 416 QVID
1122 377 1193 408 srr
1226 381 1274 408 ac
1307 367 1342 407 si
1377 366 1553 421 diceret,
1595 380 1692 408 cum
1723 381 1857 421 paene
1889 381 2037 410 omnes

332 437 392 479 dii
419 438 464 478 in
489 437 678 480 favorem
699 438 874 480 Iunonis
901 438 1206 480 concesserint:
1239 436 1456 492 ‘namque'
1484 437 1598 479 enim
1626 438 1870 480 coniunctio
1896 441 2036 480 osten-

332 509 396 550 dit
428 524 523 551 eam
558 509 669 552 hanc
707 510 910 552 habuisse
943 510 1263 564 cogitationem.
1325 512 1384 551 est
1412 512 1548 550 autem
1577 510 1847 562 parenthesis.
1967 522 2038 551 ΙΜ-

332 592 548 623 PLORARE
593 581 828 636 implorare
867 584 934 622 est
972 581 1178 622 auxilium
1217 595 1312 622 cum
1351 579 1626 622 miseratione
1665 581 1911 636 deposcere,
1955 596 2039 636 qua

333 652 499 694 ratione
532 653 639 694 bene
670 652 851 694 dicimus
884 652 1090 706 ‘imploro
1122 655 1166 693 te
1198 654 1247 693 ut
1279 652 1434 693 misero
1466 651 1580 693 feras
1614 651 1852 708 auxilium'3
1891 654 2039 694 contra

332 722 535 778 ‘imploro
566 726 609 765 te
641 724 695 766 ad
727 724 840 766 diem
872 722 1045 765 festum'
1078 738 1164 765 non
1195 723 1400 778 procedit.

451 796 521 837 20.
571 807 738 838 CERNIS
777 795 831 837 ad
871 795 1111 850 augendam
1149 794 1355 837 invidiam
1387 795 1448 836 ait
1480 794 1676 850 ‘cernis’‚
1717 810 1764 836 ac
1797 796 1832 836 si
1865 795 2039 850 diceret,

331 882 419 909 non
451 870 518 908 est
549 882 658 921 opus
691 866 958 921 narratione,
989 881 1085 908 cum
1117 866 1404 908 Troianorum
1437 866 1633 907 miserias
1665 867 1756 921 ipse
1788 866 2038 921 conspicias.

408 950 670 980 INSVLTENT
703 949 874 979 RVTVLI
905 940 1084 992 propter
1114 937 1218 980 illud
1252 937 1395 991 <118>
1428 937 1626 979 interea
1658 937 1839 979 Rutuli
1871 937 2037 992 portis

333 1009 519 1052 circum
562 1009 797 1052 omnibus
838 1008 1052 1051 instant.
1115 1010 1324 1051 insultare
1364 1011 1506 1050 autem
1544 1011 1610 1050 est
1646 1008 1829 1051 inimicis
1860 1008 2037 1050 irridere

332 1096 408 1135 per
438 1080 776 1134 cavillationem,
812 1080 1001 1122 exultare
1033 1095 1134 1122 vero
1168 1080 1346 1136 gloriari
1379 1083 1422 1121 et
1453 1079 1615 1121 laetum
1648 1094 1753 1122 esse.

450 1153 521 1195 21.
570 1163 659 1193 PER
691 1162 866 1193 MEDIOS
900 1166 1002 1194 suos
1035 1151 1208 1194 scilicet.
1319 1162 1520 1193 INSIGNIS
1554 1163 1692 1201 EQVIS
1724 1155 1899 1207 propter
1930 1152 2037 1194 illud

332 1223 424 1278 <IX
456 1223 544 1277 47>
583 1222 776 1277 viginti
821 1222 974 1264 lectis
1019 1222 1246 1278 equitum
1291 1222 1585 1264 comitatus:
1629 1237 1730 1265 nam
1772 1226 1915 1265 castra
1951 1239 2036 1265 non

331 1309 460 1349 eques
492 1294 720 1349 irruperat.
769 1297 808 1335 et
837 1294 1092 1350 ambiyuzim,
1123 1297 1263 1336 utrum
1296 1294 1422 1348 ‘equis
1448 1294 1651 1348 imiqnss',
1682 1309 1739 1336 cm
1771 1294 1898 1348 ‘equis
1925 1295 2037 1348 fera-

331 1365 426 1407 tur'.
547 1376 762 1408 SECVNDO
791 1376 952 1406 MARTE
985 1365 1039 1407 ad
1070 1365 1178 1407 illud
1208 1365 1384 1421 respicit
1416 1364 1503 1418 <IX
1533 1365 1646 1419 714>
1680 1366 1762 1408 hic
1792 1365 1928 1409 Mars
1960 1381 2036 1408 ar-

331 1436 586 1492 mipotens
620 1437 844 1479 animum
878 1436 1113 1491 viresque
1144 1434 1349 1477 Latinis
1383 1435 1593 1478 addidit.

449 1509 518 1550 22.
568 1520 693 1550 RVAT
726 1508 883 1550 inruat.
975 1519 1153 1549 cnavsA
1185 1519 1366 1549 MOENIA
1397 1508 1455 1549 αιῖ
1482 1521 1585 1560 quae
1615 1508 1661 1549 in
1691 1509 1881 1551 extremis
1910 1509 2040 1551 solent

328 1580 488 1633 adflicti
524 1580 747 1634 confuyem.
809 1593 969 1635 magna
1005 1578 1182 1621 invidia:
1222 1579 1380 1621 scimus
1414 1579 1527 1620 enim
1559 1579 1759 1621 ultimum
1793 1588 1886 1622 esse
1916 1595 2037 1635 prae-

330 1651 486 1693 sidium
518 1652 563 1693 in
595 1654 738 1693 castra
763 1651 994 1706 confugere
1021 1653 1064 1692 et
1096 1650 1301 1692 hostilem
1333 1651 1542 1704 impetum
1573 1650 1824 1707 plerumque
1855 1652 2037 1706 differre,

331 1723 442 1765 sicut
472 1723 636 1765 factum
668 1725 735 1764 est
765 1722 811 1764 in
845 1722 958 1764 bello
985 1721 1183 1763 Troiano.
1234 1721 1361 1764 modo
1394 1735 1496 1776 ergo
1529 1721 1633 1763 dicit
1664 1722 1911 1778 ademptam
1944 1737 2037 1765 esse

330 1795 461 1837 etiam
488 1795 600 1837 hanc
627 1809 745 1836 aram
772 1793 1106 1848 misericordiae,
1133 1793 1343 1848 siquidem
1366 1793 1481 1835 intra
1506 1808 1652 1836 muros
1678 1793 1818 1836 hostis
1844 1794 2037 1836 insultat.

448 1867 518 1908 23.
569 1877 682 1917 QVIN
715 1865 964 1921 quinetiam.
1056 1876 1171 1907 IPSIS
1203 1864 1247 1905 in
1274 1865 1391 1919 ipsis.
1433 1863 1695 1921 ‘aggeribus'
1729 1868 1873 1907 autem
1900 1866 2037 1907 muni-

329 1939 539 1993 tionibus,
571 1938 645 1980 sed
677 1937 866 1981 abusive.
913 1941 956 1979 et
986 1937 1031 1978 in
1064 1936 1198 1977 muris
1230 1936 1344 1991 ideo,
1376 1936 1476 1992 quia
1508 1951 1638 1992 supra
1671 1937 1780 1979 dixit
1810 1936 1899 1992 <IX
1922 1937 2036 1991 763>

329 2012 543 2066 ignaros
575 2009 758 2051 deinde
790 2009 840 2050 in
872 2008 1029 2050 muris
1062 2007 1378 2062 Martemque
1412 2008 1621 2050 cientes.

449 2082 518 2124 24.
568 2091 832 2123 AGGERIBVS
863 2093 997 2135 agger
1021 2079 1196 2134 proprie
1222 2079 1379 2120 dicitur
1403 2081 1520 2121 terra
1545 2079 1621 2121 illa
1648 2094 1757 2135 quae
1782 2080 1895 2122 vallo
1921 2079 2036 2121 facto

328 2153 505 2209 propius
533 2152 723 2207 ponitur,
753 2152 827 2194 sed
853 2151 1031 2193 abusive
1057 2153 1100 2193 et
1125 2165 1272 2192 muros
1299 2152 1342 2192 et
1366 2150 1635 2192 munimenta
1661 2151 1805 2193 omnia
1832 2165 2035 2207 aggerem

329 2225 530 2280 dicimus,
574 2224 685 2266 sicut
729 2223 855 2265 modo
900 2222 1155 2278 ‘aggeribus
1194 2221 1459 2264 moerorum'
1503 2237 1583 2276 pro
1627 2222 1916 2265 munimentis.

329 2307 591 2339 MOERORVM
628 2310 705 2350 pro
746 2294 1010 2336 ‘murorum'
1049 2294 1245 2348 antique:
1289 2308 1390 2335 nam
1431 2295 1597 2335 veteres
1641 2293 1843 2347 pleraque
1887 2307 2035 2335 eorum

425 2417 471 2448 25
496 2424 613 2458 agger
639 2440 646 2447 .
669 2440 675 2447 .
699 2440 705 2447 .
733 2411 906 2457 dicimus]
936 2423 1050 2447 exscr.
1078 2410 1164 2446 Isid.
1193 2422 1243 2446 or.
1270 2409 1337 2445 XV
1365 2414 1397 2455 9,
1425 2414 1446 2444 3

426 2524 446 2554 2
472 2530 558 2553 nam
578 2518 706 2553 RLH
731 2521 904 2563 (namque
924 2518 951 2561 l)
970 2519 983 2563 ΙΙ
1002 2516 1100 2552 enim
1127 2529 1193 2554 om.
1216 2518 1264 2551 M
1281 2519 1293 2563 ΙΙ
1312 2520 1334 2550 4
1356 2517 1626 2551 momoratione
1647 2516 1681 2551 L
1706 2517 1958 2561 (miseratione
1978 2518 2005 2562 l)
2023 2517 2035 2565 ΙΙ

331 2572 351 2602 6
379 2578 453 2602 non
477 2565 648 2612 procedit
673 2565 837 2600 narratio
862 2565 902 2599 F
935 2566 948 2610 ΙΙ
986 2569 1005 2600 7
1032 2565 1078 2600 ad
1106 2593 1113 2600 .
1136 2591 1144 2599 .
1165 2593 1173 2600 .
1200 2565 1320 2599 cernis
1347 2575 1413 2599 om.
1440 2564 1480 2598 F
1514 2566 1526 2610 ΙΙ
1563 2568 1584 2599 8
1611 2565 1755 2599 ratione
1781 2564 1861 2600 AR
1895 2567 2034 2608 (narra-

329 2615 431 2650 tione
458 2615 494 2659 a)
514 2615 526 2660 ΙΙ
552 2624 635 2648 cum
662 2641 670 2649 .
692 2641 699 2647 .
721 2641 728 2648 .
756 2611 964 2657 conspicias
988 2623 1054 2647 om.
1083 2612 1122 2646 F
1137 2613 1150 2657 11
1173 2612 1253 2657 ipse
1279 2623 1344 2647 om.
1372 2611 1502 2646 RLH
1516 2613 1528 2658 fl
1553 2612 1779 2658 conspicias]
1806 2612 1924 2647 cernis
1952 2613 2002 2647 M
2022 2612 2035 2659 11

331 2666 352 2698 9
378 2662 561 2698 insultent
585 2662 712 2696 autem
742 2662 896 2705 propter
927 2659 1026 2704 quod
1058 2658 1222 2695 dicturus
1248 2661 1304 2695 est
1327 2659 1470 2694 interea
1494 2670 1521 2694 e.
1548 2671 1579 2704 q.
1605 2670 1632 2694 s.
1663 2658 1704 2694 F
1736 2660 1748 2706 ΙΙ
1786 2663 1830 2694 10
1855 2660 2034 2695 insultare

330 2711 457 2746 autem
484 2738 491 2744 .
513 2736 521 2744 .
544 2737 550 2744 .
578 2719 664 2743 suos
690 2707 834 2743 scilicet
858 2718 924 2742 om.
953 2706 993 2742 F
1020 2708 1031 2753 ΙΙ
1068 2706 1210 2741 inimici
1235 2707 1272 2742 R
1301 2709 1405 2752 (corr.
1432 2706 1584 2750 Daniel)
1616 2708 1628 2753 ΙΙ
1667 2710 1708 2741 11
1737 2706 2033 2753 cavillationem]

330 2758 428 2793 unde
454 2758 492 2792 et
517 2756 642 2801 graeci
667 2752 980 2801 ἐπιχαιρεκακίαν
1005 2756 1142 2790 uocant
1165 2755 1249 2790 add.
1278 2755 1316 2789 D
1334 2756 1346 2801 ΙΙ
1373 2758 1415 2789 12
1443 2754 1586 2790 scilicet
1611 2765 1696 2789 suos
1725 2755 1770 2788 M
1789 2756 1801 2799 ΙΙ
1827 2758 1871 2788 14
1895 2754 2034 2789 inrum-

330 2807 438 2851 perat
463 2804 504 2839 F
519 2805 531 2850 ΙΙ
556 2804 605 2839 ad
629 2815 662 2838 v.
688 2807 732 2838 21
759 2803 801 2838 in
824 2813 938 2847 marg).
966 2803 1032 2837 aut
1057 2803 1228 2847 portetur
1253 2803 1356 2846 equis
1383 2802 1448 2837 aut
1473 2801 1614 2836 feratur
1639 2801 1813 2846 superbia
1837 2802 1879 2836 ut
1901 2801 2032 2836 uictor.

331 2854 369 2888 et
393 2853 520 2896 potest
550 2851 721 2896 intellegi
751 2849 908 2895 insignis
933 2849 1012 2894 ipse
1038 2849 1142 2893 equis
1174 2851 1212 2885 et
1242 2851 1368 2894 potest
1398 2849 1540 2884 feratur
1570 2848 1673 2893 equis
1705 2849 1787 2893 ipse
1817 2847 1973 2893 insignis
2002 2849 2035 2882 T

331 2901 412 2946 (aut
438 2928 444 2934 .
467 2927 474 2934 .
496 2927 503 2934 .
530 2899 651 2934 uictor
679 2898 819 2933 Tiberii
843 2897 987 2932 Donati
1010 2901 1111 2942 sunt)
1136 2898 1148 2943 ΙΙ
1182 2901 1224 2931 15
1253 2895 1414 2942 respexit
1441 2897 1489 2931 M
1505 2897 1517 2942 11
1548 2896 1775 2940 armipotens
1801 2894 1859 2930 Fl
1894 2895 2031 2930 harmi-

330 2958 398 2992 pos
423 2947 473 2982 L:
501 2947 734 2991 omnipotens
760 2945 893 2990 reliqui
909 2944 922 2989 ΙΙ
955 2947 999 2979 16
1025 2944 1166 2979 animos
1193 2944 1233 2979 F
1249 2946 1261 2990 ΙΙ
1293 2949 1334 2980 17
1361 2957 1452 2979 nvm-
1475 2943 1600 2978 inruat
1624 2954 1689 2978 om.
1717 2942 1757 2976 F
1781 2943 1793 2988 ΙΙ
1826 2946 1868 2977 18
1894 2954 2034 2987 magna

330 2993 474 3030 invidia
500 3021 507 3028 .
529 3021 536 3028 .
559 3020 566 3028 .
592 2993 754 3028 insultat
778 3003 845 3028 om.
867 2991 933 3038 Fu
954 2995 997 3026 20
1023 2991 1238 3036 ademptam
1264 2991 1370 3026 LM:
1398 2991 1573 3035 adeptam
1598 2988 1765 3024 ASRH
1778 2990 1790 3035 ΙΙ
1809 2993 1851 3024 21
1879 3001 1983 3025 aram
2005 2990 2034 3026 S

331 3046 364 3077 et
388 3041 442 3085 A,
467 3044 508 3076 ut
532 3041 691 3075 videtur:
717 3042 861 3085 partem
887 3039 924 3074 R
933 3040 980 3074 M
987 3039 1000 3073 l
1035 3049 1111 3073 rem
1138 3039 1203 3073 La
1240 3039 1392 3074 rammis
1417 3038 1461 3072 H
1481 3039 1494 3084 fl
1522 3037 1705 3072 insultant
1733 3037 1775 3070 M
1806 3038 1818 3082 11
1849 3042 1893 3073 22
1920 3048 2032 3083 agge-

330 3089 433 3124 ribus
459 3115 467 3123 .
489 3116 497 3124 .
519 3116 527 3124 .
554 3087 693 3123 cientes
719 3098 786 3122 om.
806 3087 849 3122 H
864 3088 877 3134 11
895 3088 1019 3122 autem
1042 3086 1087 3120 M
1096 3086 1149 3121 F:
1177 3088 1242 3121 aut
1265 3086 1304 3121 in
1325 3085 1445 3121 ARL
1482 3085 1606 3119 autem
1632 3083 1670 3119 in
1697 3083 1725 3118 S
1742 3084 1754 3129 ΙΙ
1783 3088 1827 3118 23
1854 3086 1891 3119 in
1917 3085 2031 3120 muris

331 3137 457 3172 autem
482 3135 567 3171 ideo
594 3135 682 3179 quia
708 3134 763 3169 ait
787 3145 901 3180 supra
924 3134 1075 3179 ignaros
1100 3144 1127 3168 e.
1154 3145 1184 3178 q.
1212 3145 1238 3170 s.
1265 3134 1305 3168 F
1327 3135 1338 3179 ΙΙ
1366 3137 1411 3168 25
1437 3132 1541 3167 schol.
1568 3132 1617 3166 ad
1642 3143 1840 3166 acenmnvs
1866 3143 1931 3168 om.
1958 3132 1999 3167 F
2020 3131 2032 3180 ss

330 3184 397 3219 illa
421 3195 488 3220 om.
517 3183 565 3217 M
582 3183 593 3228 ΙΙ
618 3186 662 3217 27
689 3194 756 3227 pro
783 3180 1022 3217 munimentis
1047 3193 1239 3215 MOERORVM
1265 3192 1331 3217 om.
1357 3179 1485 3216 ΑΒΜ
1498 3180 1510 3225 ΙΙ
1535 3182 1579 3213 28
1605 3178 1757 3222 antique
1783 3178 1838 3214 ait
1862 3191 1928 3225 pro
1954 3192 2031 3215 mu-

330 3242 455 3266 rorum
481 3230 520 3266 F
541 3231 555 3276 11
584 3229 736 3274 antique
764 3257 771 3264 .
794 3257 801 3265 .
823 3257 831 3265 .
857 3240 924 3275 pro
949 3239 1138 3264 murorum
1163 3239 1229 3264 om.
1252 3229 1302 3263 M
