2092 3614
279 232 366 274 472
1058 230 1218 267 SERVII

401 343 499 386 852.
548 354 722 386 PVLSVS
764 353 824 385 ΟΒ
866 353 1087 385 INVIDIAM
1128 337 1321 397 excusat,
1361 355 1415 384 ne
1455 342 1610 385 merito
1653 343 1853 398 expulsus
1895 357 1989 385 esse

282 415 492 458 videatur.

405 486 502 530 854.
553 498 705 530 OMNES
737 499 824 529 PER
854 498 1041 530 MORTES
1081 501 1157 542 per
1195 486 1340 528 omnia
1371 485 1523 528 mortis
1562 499 1737 542 genera,
1773 499 1873 529 nam
1902 500 1992 529 una

285 573 396 602 mors
426 563 511 602 est:
548 562 623 601 aut
654 558 745 613 ‘per
775 562 922 602 mortes
952 557 1122 614 ornnes',
1159 558 1203 600 id
1236 560 1302 600 est
1333 572 1410 613 per
1442 557 1613 600 diversa
1651 557 1880 613 supplicia:
1920 561 1995 601 aul

285 632 406 685 quasi
434 645 519 674 non
549 645 636 674 una
667 634 830 673 tanturn
860 634 987 674 morte
1017 631 1176 685 diynus.

404 702 501 746 857.
551 714 623 746 V1s
656 714 780 746 ALTo
811 714 1033 746 VVLNERE
1067 713 1253 744 TARDAT
1286 701 1366 744 alti
1396 701 1584 744 vulneris
1615 700 1834 744 violentia.

405 774 504 819 858.
553 792 607 818 ΗΑ
617 791 664 818 VD
688 791 878 818 DElEcrvs
906 788 990 817 non
1020 775 1193 817 deiectus
1223 774 1375 817 animo.

406 847 504 889 860.
554 841 879 897 ADLOQVITVR‘
903 858 1193 889 MAERENTEM
1236 845 1420 887 tristem.
1483 844 1589 887 haee
1634 844 1748 886 enim
1793 844 1998 887 animalia

287 919 521 961 secundum
552 917 809 973 Homerum,
842 933 939 960 cum
971 918 1059 960 sint
1089 917 1250 970 tristia,
1282 917 1476 959 indicant
1508 916 1777 959 dominorum
1811 919 1996 969 mortem

218 998 260 1030 10
286 990 490 1033 futuram.
541 993 579 1032 et
601 991 771 1045 proprie
803 989 1070 1044 ‘adloquitur'
1102 990 1231 1032 dixit:
1262 992 1321 1031 est
1349 989 1458 1031 enim
1491 987 1692 1042 ‘adloqui'
1724 988 1938 1031 consolari.

223 1357 266 1390 15

227 1718 273 1749 20

233 2079 279 2112 25

409 1062 506 1104 861.
556 1073 742 1104 RHAEBE
774 1073 856 1103 mv
886 1072 970 1104 RES
1003 1073 1044 1105 s1
1076 1073 1170 1112 QVA
1200 1072 1284 1103 D1v
1314 1070 1613 1103 MORTALIBVS
1645 1071 1769 1103 VLLA
1799 1071 1884 1103 EST
1917 1060 2000 1102 hoe

289 1134 384 1176 loco
416 1136 571 1175 notant
602 1132 845 1189 Vergilium
885 1131 1041 1188 critici,
1079 1132 1195 1188 quod
1231 1131 1396 1174 homini
1430 1130 1639 1187 sacrilego
1673 1130 1788 1173 dedit
1818 1131 2000 1187 pruden-

291 1209 379 1247 tem
412 1205 690 1247 sententiam:
729 1219 859 1260 quam
896 1218 989 1246 rem
1025 1204 1138 1246 ratio
1170 1203 1382 1246 naturalis
1415 1205 1602 1245 excusat.
1665 1218 1714 1245 ea
1746 1203 1860 1245 enim
1893 1218 2000 1259 quae

292 1292 367 1333 per
391 1278 593 1319 naturam
621 1278 797 1320 movent
823 1276 1009 1331 animos,
1041 1276 1087 1318 in
1112 1275 1308 1330 quamvis
1335 1289 1563 1330 personam
1591 1274 1764 1327 eadunt,
1796 1274 1873 1316 illa
1897 1289 1999 1318 vero

293 1350 461 1392 tantum
489 1350 590 1390 sunt
614 1347 910 1403 prudentium,
942 1361 1051 1402 quae
1076 1360 1164 1388 non
1188 1345 1273 1388 nisi
1299 1345 1478 1388 oonsilio
1506 1348 1549 1388 et
1574 1346 1743 1389 ratione
1771 1346 2001 1401 deprehen-

295 1421 471 1463 duntur:
512 1419 623 1461 unde
656 1421 699 1461 et
731 1418 958 1461 Terentius
992 1418 1126 1460 servis
1161 1417 1236 1459 dat
1265 1417 1516 1473 plerumque
1550 1418 1789 1460 sententias
1821 1418 2006 1473 pruden-

295 1493 490 1535 tissimas
529 1491 721 1547 quidem,
763 1491 836 1533 sed
870 1505 979 1546 quae
1012 1505 1057 1532 se
1089 1504 1166 1545 per
1195 1491 1396 1531 naturam
1431 1489 1617 1531 offerunt
1650 1489 1830 1545 cunctis,
1869 1491 1917 1531 ut
1946 1503 2006 1531 ne

297 1564 418 1621 quid
448 1563 616 1605 nimis.
988 1618 994 1623 ι

418 1635 517 1679 862.
567 1646 733 1678 SPOLIA
758 1646 870 1676 ILLA
895 1624 1114 1677 CRvENTA
1146 1648 1267 1676 arma
1288 1632 1475 1685 Aeneae,
1503 1631 1634 1674 Lausi
1660 1646 1808 1674 eruore
1834 1631 2009 1688 perfusa

301 1733 357 1738 —
395 1708 495 1750 inde
533 1706 683 1749 intulit
721 1706 786 1748 ‘et
817 1708 947 1761 caput
978 1704 1187 1760 Aeneae',
1228 1719 1304 1760 per
1343 1703 1456 1759 quod
1496 1703 1626 1746 etiam
1666 1703 1805 1758 spolia
1837 1703 2009 1746 Aeneae

299 1780 592 1836 intellegimus
616 1802 666 1809 —-
695 1792 796 1820 nam
817 1777 959 1820 Lauso
986 1777 1095 1819 nihil
1121 1777 1386 1830 detraxerat3
1420 1774 1529 1817 dixit
1561 1774 1675 1817 enim
1696 1774 1840 1830 <827>
1863 1773 2010 1830 ‘arma7

302 1851 458 1907 quibus
490 1851 695 1906 laetatus,
726 1850 840 1892 habe
866 1848 969 1891 tua'.
1018 1850 1056 1891 si
1080 1851 1217 1891 atatem
1244 1846 1444 1899 ‘eruenti'‚
1475 1846 1721 1889 intellexeris
1745 1846 1896 1889 seilicet
1919 1860 2008 1888 eru—

301 1923 424 1966 delis:
455 1923 514 1965 sie
544 1922 654 1964 enim
684 1922 868 1964 convenit
889 1934 1091 1975 personae
1123 1919 1333 1974 loquentis.

423 1994 520 2037 863.
570 2012 620 2038 LA
631 2011 770 2043 VSJQVE
798 2010 980 2037 DOLORVM
1009 2006 1112 2034 num
1143 1990 1292 2034 ‘Lausi
1316 1989 1517 2033 dolorum?
1550 1993 1596 2032 ut
1622 1989 1694 2045 <II
1718 1989 1831 2044 784>
1864 1989 2012 2032 lacri-

304 2080 408 2109 mas
438 2066 647 2109 dilectae
673 2066 800 2120 pelle
830 2063 1070 2108 Creusae?

427 2138 525 2181 864.
574 2149 667 2181 ΑνΤ
705 2149 874 2179 ΑΡΕΒΙΤ
909 2148 950 2179 SI
981 2147 1139 2179 NVLLA
1171 2147 1288 2177 VIAM
1320 2146 1393 2177 VIS
1434 2136 1508 2176 aut
1547 2134 1585 2175 si
1621 2133 1786 2176 nullam
1824 2131 2015 2175 ostendit

306 2210 517 2252 fortitudo
549 2209 775 2251 rationem.
838 2206 1007 2262 ‘aperit'
1040 2210 1177 2250 autem
1201 2219 1398 2261 praesens
1420 2219 1501 2260 pro
1530 2205 1685 2258 futuro.

429 2280 527 2323 865.
577 2292 735 2332 NEQVE
774 2291 890 2322 ΕΝΙΜ
920 2290 1196 2322 ΕΟΒΤῙεεΙΜΕ
1228 2288 1379 2321 CREDo
1422 2276 1533 2332 quod
1571 2274 1819 2332 dignaberis
1856 2273 2015 2315 habere

409 2403 452 2434 16
478 2397 690 2444 Terentius]
716 2397 830 2433 Andr.
855 2396 874 2431 Ι
900 2400 931 2442 1,
958 2399 1005 2432 34

409 2511 430 2542 3
454 2518 544 2542 nam
569 2516 634 2541 om.
651 2504 685 2540 G
703 2506 716 2550 ΙΙ
734 2507 756 2539 4
782 2502 982 2550 supplicia]
1008 2514 1074 2548 per
1099 2514 1194 2547 quae
1219 2502 1368 2537 uenitur
1392 2501 1431 2536 in
1456 2501 1614 2536 mortem
1640 2499 1724 2535 add.
1743 2499 1782 2534 D
1800 2500 1812 2543 ΙΙ
1831 2499 1881 2534 ad
1906 2510 2018 2533 omme

314 2571 344 2591 P.
365 2569 399 2590 M.
425 2565 452 2590 s.
473 2565 505 2589 v.
532 2551 676 2588 scilicet
699 2563 773 2587 non
798 2563 872 2586 una
897 2552 1015 2586 morte
1042 2550 1176 2594 dignus
1199 2549 1233 2584 Τ
1247 2551 1258 2596 ΙΙ
1278 2553 1298 2584 6
1325 2560 1462 2584 TARDET
1483 2547 1656 2583 Serviani
1680 2547 1768 2582 libri
1797 2557 1936 2581 TARDAT
1950 2544 1991 2580 F
2007 2544 2019 2593 Η

316 2609 336 2640 7
370 2603 419 2638 acl
443 2612 617 2637 mimorvs
642 2611 669 2635 s.
697 2610 728 2635 v.
756 2597 901 2634 scilieet
924 2597 1048 2633 animo
1078 2597 1112 2632 Τ
1143 2599 1155 2644 ΙΙ
1193 2601 1213 2632 9
1241 2608 1324 2632 oum
1349 2596 1425 2632 sint
1449 2594 1589 2641 tristia]
1623 2596 1837 2629 tumescunt
1866 2592 2020 2629 tristitia

316 2650 465 2696 quando
485 2648 558 2684 AS
595 2649 681 2682 sunt
705 2645 828 2682 tristia
854 2646 1004 2691 quando
1026 2644 1066 2680 F
1098 2646 1187 2680 tunc
1213 2647 1300 2680 sunt
1323 2643 1448 2679 tristia
1473 2644 1514 2690 ln
1536 2647 1578 2678 10
1605 2641 1785 2687 futuram]
1813 2644 1870 2677 est
1895 2642 2020 2676 autem

316 2697 468 2734 Homeri
494 2694 726 2741 comparatio
752 2694 818 2740 (Il.
838 2692 924 2728 XIX
944 2695 1028 2738 404)
1054 2691 1120 2728 τὸν
1146 2689 1183 2727 δ’
1212 2688 1276 2738 ἄρ’
1305 2719 1312 2726 .
1335 2720 1343 2727 .
1366 2720 1373 2727 .
1402 2685 1519 2732 οὖδας
1544 2691 1675 2726 ἵκανεν
1703 2689 1786 2725 adol.
1803 2688 2020 2733 Stephanus.

317 2758 360 2782 ea:
385 2746 442 2781 his
466 2741 573 2789 ἄφαρ
599 2739 637 2778 δ’
665 2739 784 2788 ἤμυσε
813 2768 820 2775 .
843 2769 850 2776 .
872 2768 879 2777 .
907 2741 1038 2776 ἵκανεν
1064 2741 1104 2775 D
1129 2751 1267 2786 quoque
1291 2740 1396 2775 habet
1414 2739 1426 2785 ΙΙ
1444 2739 1494 2774 ad
1517 2749 1743 2777 ADLOQVITVR
1766 2747 1793 2771 s.
1813 2747 1845 2771 v.
1872 2734 2020 2781 proprie

319 2793 421 2829 dicit.
460 2791 666 2836 alloquitur
691 2789 791 2826 enim
816 2798 918 2823 more
944 2788 1063 2823 ueteri
1088 2787 1274 2833 signifieat
1300 2787 1513 2822 consolatur
1536 2785 1569 2820 Τ
1583 2787 1594 2832 ΙΙ
1617 2788 1657 2819 11
1679 2785 1728 2819 ad
1745 2795 1776 2819 v.
1793 2787 1859 2818 861
1886 2782 2021 2827 pathos

319 2853 403 2877 eum
438 2838 584 2875 seilicet
616 2838 664 2873 ad
694 2839 800 2872 muta
833 2836 894 2872 vel
927 2836 975 2870 ad
1009 2835 1226 2871 inanimalia
1261 2835 1434 2879 dirigitur
1469 2844 1588 2868 sermo
1618 2832 1650 2866 Τ
1679 2842 1723 2867 ex
1750 2830 1914 2865 Macrob.
1942 2828 2021 2865 Sat.

318 2889 370 2924 IV
397 2892 429 2932 6,
457 2891 500 2922 10
519 2887 532 2932 ΙΙ
549 2899 690 2921 Bnomm
715 2884 789 2921 AS
824 2896 938 2919 ninum
963 2884 1095 2928 reliqui
1114 2884 1125 2928 ΙΙ
1156 2886 1197 2917 12
1223 2881 1423 2927 uergilium
1451 2880 1492 2916 F
1506 2881 1519 2926 ΙΙ
1544 2879 1671 2915 cretici
1696 2877 1850 2913 RLFa
1887 2876 2023 2929 stritici

319 2936 365 2971 H
378 2936 391 2983 11
411 2938 455 2969 14
480 2934 548 2969 illa
575 2962 582 2970 .
604 2961 612 2970 .
633 2961 640 2969 .
668 2931 995 2978 deprehenduntur
1019 2942 1085 2965 om.
1101 2930 1189 2965 LH
1204 2930 1344 2974 (adoll)
1365 2930 1377 2975 n
1398 2931 1441 2964 15
1468 2929 1554 2963 sunt
1577 2928 1722 2962 tantum
1746 2925 1794 2959 M
1811 2925 1822 2971 ΙΙ
1843 2928 1885 2958 19
1912 2923 2023 2959 Lausi

321 2993 448 3018 cruore
477 3009 483 3016 .
506 3010 513 3017 .
536 3009 543 3017 .
571 2981 692 3026 spolia
716 2981 864 3016 Aeneae
889 2989 955 3013 om.
981 2977 1070 3012 LH
1091 2978 1190 3022 (aad.
1218 2978 1245 3023 Z)
1265 2978 1276 3024 ΙΙ
1304 2981 1349 3012 20
1376 2976 1472 3011 unde
1498 2974 1592 3010 MF
1606 2976 1618 3019 fl
1643 2977 1685 3008 21
1714 2971 1941 3017 detraxerat]
1969 2970 2022 3005 di-

319 3031 428 3067 xerat
452 3028 492 3063 F
518 3029 531 3074 ss
568 3028 683 3074 enim]
721 3028 846 3063 autem
873 3026 913 3062 F
939 3027 952 3071 ss
989 3029 1032 3060 22
1059 3025 1198 3060 letatur
1222 3024 1258 3060 R
1290 3026 1302 3071 ΙΙ
1338 3023 1460 3058 ruenti
1485 3022 1532 3057 F.
1571 3025 1722 3057 ceterum
1746 3021 1822 3064 ipse
1847 3020 2024 3072 interpres

320 3078 507 3124 scripsisse
530 3077 674 3111 videtur
699 3087 848 3111 euveum
874 3072 1019 3110 scilicet
1044 3072 1203 3108 erudelis
1226 3084 1252 3107 e.
1273 3084 1304 3118 q.
1324 3082 1370 3115 s.;
1396 3070 1427 3106 si
1451 3072 1577 3105 autem
1601 3072 1634 3104 et
1657 3066 1884 3111 intellexeris
1909 3067 1942 3102 is
1960 3066 2024 3111 qui

317 3126 520 3172 pleniorem
551 3124 847 3159 commentarium
878 3121 1075 3165 composuit
1105 3131 1239 3164 parum
1269 3122 1352 3164 apte
1377 3117 1539 3160 addidit,
1571 3120 1613 3151 ut
1642 3116 1707 3150 hoe
1738 3114 1912 3149 scholium
1943 3124 2024 3148 eum

324 3174 504 3209 Serviano
527 3172 769 3216 coniwnqeret.
789 3171 801 3217 ΙΙ
821 3174 865 3205 26
891 3168 994 3203 nulla
1010 3167 1139 3203 ΑΒΜ
1145 3168 1157 3202 l
1175 3168 1187 3213 ΙΙ
1207 3165 1412 3203 ostenderit
1430 3164 1470 3199 F
1485 3165 1498 3211 ΙΙ
1517 3167 1561 3199 27
1588 3164 1636 3198 ad
1655 3175 1780 3198 Aream*
1799 3172 1826 3198 s,
1846 3172 1877 3196 v.
1905 3161 2024 3196 osten-

326 3220 383 3256 dit
405 3229 580 3266 praesens
604 3229 672 3263 pro
698 3218 823 3253 futuro
853 3217 886 3251 T
910 3217 923 3262 ΙΙ
952 3219 997 3251 28
1023 3227 1109 3250 num
1133 3226 1199 3251 om.
1220 3214 1349 3249 RLH
