2092 3614
546 266 696 303 COMM.
722 266 776 302 IN
802 265 944 303 VERG.
971 265 1084 303 AEN.
1110 266 1144 302 X
1170 268 1370 303 565-587.
1727 263 1813 306 451

106 376 393 433 comparatio,
431 379 480 418 ut
516 377 839 433 intellegamus,
879 391 975 418 eum
1008 375 1301 418 multitudinis
1333 375 1425 418 vice
1457 374 1696 418 dimicasse.

107 466 304 493 DESAEVIT
331 452 468 491 autem
498 448 564 490 hic
593 449 709 491 valde
739 449 886 504 saevit,
916 448 1026 491 alias
1056 448 1211 490 saevire
1241 447 1400 490 desinit.

225 521 324 563 570.
375 532 597 563 INTEPvrr
629 531 790 562 MVORo
826 519 960 562 nimia
993 519 1158 562 scilicet
1190 519 1329 562 caede.

225 592 323 635 571.
374 603 693 643 QVADRIIVGES
712 593 890 647 propter
908 591 1287 633 homoeoteleuton
1309 590 1449 632 noluit
1474 590 1612 632 dicere
1633 589 1818 646 ‘quadri-

105 663 261 720 iugos',
294 666 337 706 et
368 663 556 706 contulit
587 677 632 705 se
665 662 719 704 ad
751 662 882 705 aliam
915 662 1268 704 declinationem:
1300 676 1403 704 nam
1430 664 1474 703 et
1506 654 1815 717 ‘quadriiuges'
1844 668 1866 700 5

106 738 150 777 et
181 734 491 791 ‘quadriiugos'
524 734 725 789 dicimus,
767 733 878 776 sicut
910 732 1117 776 ‘inermis'
1151 735 1195 775 et
1227 731 1462 789 ‘inermus'7
1500 731 1742 775 ‘exanimis'
1777 735 1820 774 ct

107 805 374 849 ‘exanimus'.

226 878 324 921 572.
374 889 531 928 ATQVE
557 889 654 920 ILLI
686 877 784 933 equi
816 877 999 932 scilicet,
1029 892 1132 919 nam
1165 876 1219 919 ad
1243 876 1474 932 (superiora
1505 875 1674 922 retulit:
1707 875 1819 931 quod

108 950 328 993 sciendum
361 952 428 992 est
460 964 553 992 esse
590 949 816 1005 vitiosum3
855 949 1119 1005 interposuit
1154 948 1268 991 enim
1301 947 1584 1004 ‘adversaque
1615 946 1820 1003 pectora'.

176 1032 336 1065 LONGE
368 1032 679 1064 GRADIENTEM
710 1021 854 1077 longis
887 1020 1092 1076 gradibus
1124 1020 1412 1062 incedentem:
1445 1021 1488 1061 et
1519 1021 1585 1062 est
1616 1019 1820 1061 militaris
1848 1027 1892 1059 10

107 1093 312 1136 incessus.
373 1096 449 1135 aab
478 1106 499 1134 e
530 1092 763 1146 lonqinquo.

227 1165 326 1207 574.
376 1182 533 1208 EFFVND
543 1174 638 1211 VNTQ
646 1180 694 1206 νΕ
724 1179 859 1217 Dvcim
892 1164 930 1203 et
966 1161 1040 1204 hoc
1082 1161 1164 1204 loco
1201 1162 1340 1204 omisit
1375 1162 1567 1216 occisum,
1609 1164 1657 1203 at
1691 1174 1821 1216 supra

110 1235 255 1292 <545>
287 1236 613 1279 Dardanides
643 1237 816 1277 eontra
844 1233 987 1286 furit.

227 1307 326 1351 575.
375 1318 551 1350 BIIVGIS
578 1307 662 1349 erit
686 1305 982 1348 nominativus
1004 1303 1089 1346 ‘hie
1109 1303 1318 1360 biiugus':
1344 1319 1445 1348 nam
1465 1306 1575 1348 alias
1599 1304 1820 1361 biiugibus

108 1379 289 1435 faceret,
332 1379 370 1422 si
409 1381 523 1422 esset
552 1378 709 1420 tertiae
741 1378 907 1420 formae
940 1377 993 1419 ab
1027 1391 1077 1419 eo
1110 1376 1225 1435 quod
1257 1379 1324 1419 est
1355 1376 1445 1419 ‘hic
1476 1377 1656 1433 biiugis,
1694 1377 1821 1419 huius
1850 1386 1894 1418 15

108 1449 304 1506 biiugis'.

228 1522 326 1565 579.
377 1539 429 1564 AD
438 1538 638 1570 VERSAQVE
667 1538 812 1565 INGENS
840 1521 914 1564 hoc
938 1523 997 1563 est
1020 1521 1215 1563 adversas
1238 1521 1325 1575 ispose
1349 1534 1442 1563 cam
1467 1520 1589 1563 hasta
1613 1521 1822 1575 apparuit.

108 1597 146 1637 et
175 1594 270 1637 berae
301 1593 475 1648 ‘inqens'
506 1594 635 1650 visas,
667 1607 759 1636 cum
789 1593 962 1636 adversa
991 1591 1113 1634 hasta
1144 1592 1386 1635 minaretur.

229 1665 329 1709 581.
377 1677 475 1708 NON
505 1677 736 1708 DIOMEDIS
762 1676 915 1716 novos
940 1675 1031 1706 NEC
1059 1675 1248 1707 CVRRVM
1275 1675 1442 1706 03111113
1469 1675 1683 1706 ,1011111113
1717 1664 1822 1706 duos

111 1736 247 1779 obicit
285 1751 311 1779 a
343 1736 498 1792 quibus
537 1739 604 1779 est
640 1737 780 1780 victus
819 1735 1008 1791 Aeneas,
1049 1749 1128 1777 nec
1164 1737 1312 1778 tamen
1350 1750 1677 1792 usquequaque:
1720 1751 1823 1778 nam
1849 1745 1896 1776 20

111 1823 259 1852 eorum
291 1808 477 1863 impetus
510 1808 703 1851 evitavit.

230 1880 329 1923 583.
384 1897 530 1923 mismo
566 1879 632 1922 hic
667 1882 792 1934 poeta
833 1879 1100 1933 adfectionem
1140 1892 1262 1921 suam
1301 1879 1620 1922 accommodavit
1657 1879 1824 1922 dicendo

111 1951 303 1995 ‘vesano'.

230 2022 327 2066 585.
378 2034 523 2066 DICTA
554 2034 707 2065 PARAT
739 2024 887 2077 potest
915 2021 1003 2078 legi
1035 2025 1078 2065 et
1109 2022 1242 2065 ‘dicta
1272 2024 1400 2077 parat
1431 2021 1611 2065 contra’.

231 2095 332 2138 586.
381 2106 562 2138 PRONVS
583 2105 797 2137 PENDENS
825 2093 1021 2149 ‘pronus'
1047 2109 1205 2137 nomen
1231 2096 1314 2149 est,
1338 2108 1440 2137 nam
1467 2096 1511 2135 et
1535 2095 1825 2149 comparatur,
1851 2104 1895 2135 25

112 2170 161 2209 ut
192 2164 412 2222 ‘pronior'.
463 2166 498 2207 si
527 2167 671 2208 autem
704 2165 980 2221 participium
1007 2168 1137 2219 esset,
1169 2166 1293 2208 fieret
1324 2165 1484 2208 vitiosa
1515 2165 1699 2207 elocutio
1733 2166 1824 2207 sine

112 2237 448 2294 interpositione
481 2236 806 2280 coniunctionis.

233 2310 331 2352 587.
381 2325 587 2352 ADMONVIT
606 2309 831 2363 praeterito
855 2310 1077 2363 praesenti.
1168 2320 1403 2352 PROIECTO
1436 2310 1623 2361 extento,
1655 2311 1703 2351 ut
1730 2308 1825 2364 <III

115 2381 231 2436 699>
263 2381 600 2437 proiectaque
634 2369 756 2422 saxa
786 2379 1028 2436 Pachyni.
1131 2382 1328 2434 memoro]
1363 2381 1408 2423 id
1436 2384 1495 2423 est
1523 2384 1619 2423 ante
1648 2381 1766 2424 iacto.

210 2491 231 2522 2
258 2486 308 2522 ad
331 2497 506 2522 nasum:
531 2497 559 2522 s.
584 2497 616 2522 v.
642 2486 713 2522 hoc
745 2486 828 2522 loco
860 2486 972 2522 ualde
1005 2486 1127 2522 saeuit
1156 2486 1189 2521 T
1223 2487 1235 2533 ΙΙ
1271 2490 1294 2521 4
1319 2485 1572 2532 quadraiugos
1598 2486 1721 2522 dicere
1747 2486 1788 2522 F
1814 2486 1826 2534 ΙΙ

115 2539 135 2570 5
163 2532 395 2579 contulitque
423 2533 472 2569 Μ
497 2534 509 2581 ΙΙ
539 2545 577 2570 36
604 2534 651 2569 ad
678 2533 791 2570 aliam
817 2564 824 2571 .
848 2563 855 2572 .
877 2562 885 2570 .
912 2533 1070 2570 dicimus
1096 2545 1162 2570 om.
1190 2534 1278 2569 LH
1298 2534 1399 2579 (add.
1420 2535 1446 2579 l)
1474 2535 1487 2579 ΙΙ
1518 2533 1762 2579 quadriiugos
1788 2536 1827 2570 et

116 2581 358 2627 quadraiugis
378 2580 419 2616 F
434 2582 446 2628 ΙΙ
465 2585 486 2617 6
511 2581 674 2617 inermes
701 2582 740 2616 et
763 2581 925 2617 inermos
944 2581 1076 2618 ΑΒΜ
1082 2583 1094 2617 1
1130 2581 1294 2617 inermus
1321 2584 1358 2617 et
1378 2580 1529 2617 inermis
1550 2581 1590 2617 F
1605 2582 1617 2628 ΙΙ
1637 2581 1825 2617 exanimes

116 2634 154 2666 et
174 2627 364 2665 exanimos
385 2629 457 2663 AS
465 2629 514 2664 M
517 2630 529 2664 l
555 2629 745 2664 exanimus
766 2630 804 2665 et
824 2630 1004 2665 exanimis
1025 2629 1066 2664 F
1080 2631 1093 2675 ΙΙ
1112 2632 1133 2664 8
1159 2641 1246 2664 nam
1273 2631 1311 2665 et
1330 2629 1522 2675 superiora
1541 2629 1627 2664 LH
1648 2631 1753 2674 (corr.
1770 2630 1796 2674 l)
1817 2629 1828 2677 ΙΙ

117 2681 137 2712 9
163 2675 298 2712 uitium
318 2675 451 2711 RLH
471 2676 664 2720 (uitiosum
690 2677 716 2722 l)
736 2678 748 2723 ΙΙ
767 2677 934 2723 pectora]
961 2677 1054 2712 alibi
1079 2676 1182 2722 (VIII
1201 2678 1286 2722 207)
1315 2676 1540 2723 ‘praestanti
1566 2687 1719 2722 corpore
1743 2678 1827 2712 tau-

117 2736 177 2760 ros
202 2723 357 2768 averffit,
389 2723 549 2759 totidem
578 2723 699 2759 forma
732 2727 929 2769 superante
954 2724 1130 2760 iuvencas
1156 2726 1270 2770 atque
1296 2724 1367 2760 hos
1393 2725 1477 2759 add.
1505 2723 1708 2760 Fabricius
1738 2725 1750 2770 ΙΙ
1783 2728 1825 2759 11

117 2771 298 2818 incessus]
328 2774 365 2806 et
391 2772 447 2807 est
470 2770 614 2807 homeri
638 2771 681 2806 ut
706 2768 830 2816 μακρὰ
857 2769 1043 2818 προβιβάς
1067 2773 1151 2808 add.
1171 2772 1221 2808 D.
1255 2773 1299 2816 cf.
1322 2773 1373 2807 Il.
1394 2770 1480 2807 XIII
1503 2774 1544 2807 18
1565 2772 1576 2818 ΙΙ
1596 2772 1661 2806 aut
1679 2771 1826 2816 longin-

118 2830 191 2865 quo
212 2819 261 2863 F,
286 2819 428 2854 eorreaei
451 2819 464 2866 ΙΙ
497 2822 538 2854 12
566 2819 615 2854 ad
640 2830 916 2859 EFFVNDVNTQVE
941 2830 968 2854 s.
989 2830 1021 2854 v.
1047 2818 1204 2855 effusum
1230 2819 1270 2855 in
1294 2820 1364 2855 hoc
1389 2820 1472 2855 loco
1499 2822 1538 2854 et
1561 2819 1637 2854 iam
1662 2818 1826 2854 occisum

119 2867 295 2903 debemus
315 2866 535 2912 intellegere
558 2866 591 2900 T
608 2866 620 2912 ΙΙ
638 2865 743 2901 misit
761 2865 810 2909 F,
836 2877 928 2901 corr.
946 2865 1085 2902 Daniel
1103 2868 1114 2914 ΙΙ
1136 2871 1178 2903 15
1206 2868 1237 2903 si
1264 2868 1363 2903 esset
1386 2867 1528 2902 formae
1554 2866 1687 2902 tertiae
1714 2867 1827 2902 decli-

118 2914 279 2951 nationis
305 2916 348 2950 ut
372 2915 434 2950 hic
459 2913 616 2959 biiugib3
642 2913 753 2948 huius
779 2912 916 2958 biiugis
941 2913 1082 2949 faceret
1106 2914 1147 2949 F
1179 2916 1192 2961 u
1231 2918 1273 2950 17
1300 2916 1350 2950 ad
1373 2926 1405 2951 v.
1433 2915 1687 2950 579‘aduersa
1718 2914 1828 2950 hasta

118 2961 158 2997 id
184 2963 240 2998 est
262 2962 344 3008 ipse
370 2962 549 2998 aduersus
579 2961 612 2995 Τ
629 2962 640 3008 ΙΙ
660 2961 834 2996 aduersas
859 2960 901 2995 F
915 2961 929 3006 ΙΙ
958 2960 1059 2997 hasti
1084 2961 1118 2999 G
1135 2964 1148 3009 ss
1180 2966 1224 2998 18
1250 2962 1351 2998 visus
1377 2973 1461 2997 cum
1488 2962 1647 2998 adversa
1674 2961 1827 2998 Comme-

121 3010 236 3045 linus:
261 3022 350 3046 usus
377 3021 460 3045 cum
486 3009 535 3045 ad
561 3008 710 3044 diuersa
735 3007 775 3043 F
800 3008 812 3054 ΙΙ
849 3011 895 3043 20
919 3018 1036 3054 usque
1060 3009 1148 3045 ,ΕΗ
1169 3011 1331 3055 (quaque
1357 3010 1442 3046 add.
1471 3010 1496 3055 Z)
1528 3011 1541 3054 ΙΙ
1578 3013 1621 3044 21
1648 3009 1825 3055 impetus]

120 3059 267 3102 tempus
287 3057 327 3093 F
342 3058 354 3105 ΙΙ
373 3061 417 3093 22
442 3068 601 3092 1111131Νο
623 3056 655 3092 G
674 3057 686 3103 ss
705 3056 775 3091 hoc
794 3054 843 3100 F,
869 3065 960 3093 corr.
976 3055 1116 3093 Daniel
1134 3058 1146 3104 ΙΙ
1165 3057 1455 3093 adfectationem
1475 3057 1614 3093 Daniel
1631 3058 1644 3103 u
1672 3061 1716 3092 23
1743 3067 1828 3091 uae-

122 3114 211 3139 sano
238 3104 272 3140 G
307 3106 320 3150 ΙΙ
355 3109 402 3141 24
426 3116 520 3151 para
544 3104 590 3139 H
621 3106 755 3149 parent
780 3102 827 3138 F.
867 3103 959 3139 dicit
983 3103 1132 3140 Servius
1157 3108 1190 3141 et
1208 3108 1294 3150 post
1310 3106 1428 3150 *parat
1453 3108 1486 3140 et
1505 3108 1591 3149 post
1617 3106 1749 3139 contra
1774 3104 1831 3139 di-

122 3152 261 3196 stinyui
280 3163 384 3197 posse
403 3154 415 3199 ΙΙ
443 3156 488 3188 26
513 3151 655 3187 locutio
682 3150 766 3186 LF
787 3150 964 3195 (elocutio
989 3152 1016 3197 Z)
1034 3153 1047 3197 ΙΙ
1074 3156 1120 3188 28
1144 3152 1390 3198 praeteritum
1414 3163 1482 3197 pro
1507 3151 1695 3197 praesenti
1724 3151 1829 3186 Mas-

123 3199 239 3241 vicias
274 3200 287 3245 11
323 3200 476 3235 extento
497 3199 627 3235 ASM
633 3198 688 3234 F:
720 3198 865 3233 intento
890 3197 980 3233 RH
1013 3200 1163 3236 extento
1188 3200 1240 3243 L,
1264 3200 1327 3235 sed
1352 3211 1396 3234 ex
1421 3201 1464 3234 i‘n
1486 3210 1559 3235 ras.
1587 3200 1608 3235 l.
1649 3199 1693 3242 ef.
1721 3199 1828 3234 schol.

124 3246 225 3282 Dan.
252 3247 301 3282 ad
324 3246 417 3283 Aen.
443 3247 495 3281 III
523 3250 590 3282 699
615 3248 628 3293 ΙΙ
659 3250 703 3281 29
731 3246 780 3282 ad
804 3258 976 3280 womero
1002 3256 1030 3281 s.
1056 3258 1087 3283 υ.
1114 3247 1260 3283 intento
1288 3248 1374 3282 ante
1400 3246 1501 3282 iacto
1532 3246 1565 3281 Τ

197 3312 295 3339 Servii
315 3319 422 3339 comm.
442 3312 514 3339 Vol.
532 3313 576 3339 ΙΙ.
597 3313 686 3338 Fasc.
707 3312 750 3338 ΙΙ.
1500 3310 1546 3340 30
