2092 3614
299 232 357 275 62
361 233 386 275 6
1075 235 1236 273 SERVII

416 342 515 386 593.
565 360 698 386 mssts
719 358 800 398 pro
832 343 1052 399 ‘adflictis'.
1144 357 1291 388 ETxAM
1316 357 1535 390 FORTVNA
1562 363 1704 391 casus:
1735 363 1837 391 nam
1862 350 2002 392 omnis

298 429 422 457 casus
453 414 500 456 in
530 417 749 470 possestate
780 415 996 459 Fortunae
1030 419 1106 459 est.

417 486 516 529 595.
567 497 729 529 TECTIS
761 499 1034 530 VENIENTEM
1064 500 1309 531 PROSPIOIT
1342 501 1533 532 HOSTEM
1571 492 1647 532 aut
1684 505 1706 533 e
1743 492 1868 534 {uectis
1905 506 2004 547 pro-

298 557 445 612 spicit:
478 559 553 599 auf,
583 560 734 600 contra
765 561 880 602 tecta
911 559 1168 603 venientem.

250 637 270 668 5
415 629 514 671 596.
564 641 746 673 INCESSI
778 642 935 675 Mvnos
967 631 1125 674 invadi.

416 700 514 744 598.
563 718 729 744 INFELJX
756 719 915 746 PVGNAE
944 720 1130 747 IVVENEM
1165 705 1266 758 quia
1304 718 1388 747 non
1411 706 1605 761 putabat,
1647 706 1836 748 Turnum
1867 706 2004 748 civita-

297 775 375 814 tem
401 773 631 828 oppuynari
652 786 881 828 passurum
909 774 1050 829 fuisse,
1080 775 1119 816 si
1147 775 1306 818 viveret.

417 844 515 888 599.
564 856 759 887 MENTEM
791 857 1007 887 TVRBATA
1038 846 1232 899 fimrate,
1269 849 1318 889 ut
1350 845 1399 902 <1
1433 848 1546 903 228>
1579 849 1754 891 oculos
1788 848 2004 891 suffusa.

416 916 514 959 600.
564 933 766 964 GAPVTQVE
790 918 897 960 sicul
918 931 1046 971 supra
1073 917 1220 973 <592>
1247 920 1399 961 dictum
1424 923 1492 971 est,
1525 918 1677 973 ‘eaput'
1703 920 1909 962 dicebatur
1932 920 2006 974 qui

228 995 273 1027 10
297 990 440 1030 auctor
479 991 517 1030 el
549 989 742 1044 princeps
780 989 957 1031 alicuius
993 989 1054 1031 rei
1086 993 1220 1044 ,qestae
1253 991 1415 1046 fuisset,
1451 994 1498 1033 ut
1528 990 1617 1045 <XI
1649 991 1764 1046 361>
1803 1005 1826 1034 o
1856 992 2003 1034 Latio

296 1062 445 1113 caput
472 1059 655 1103 horum.

416 1131 514 1174 601.
565 1149 724 1175 DEMENS
753 1149 905 1175 EFFATA
937 1149 1125 1176 FVROREM
1151 1133 1271 1175 verba
1294 1134 1430 1176 noluit
1445 1147 1608 1189 ponere,
1631 1134 1740 1177 unde
1763 1135 1922 1178 videtur
1945 1135 2006 1177 di-

295 1216 368 1246 ras
398 1203 643 1258 siqnificare.

417 1275 516 1318 602.
565 1292 791 1319 PVRPVREOS
807 1292 1006 1319 MORITVRA
1026 1293 1142 1319 MANV
1162 1290 1249 1319 rem
1273 1290 1377 1331 quae
1399 1277 1635 1331 flaminicae
1659 1278 1842 1332 conpetit,
1872 1282 2005 1321 trans-

230 1354 273 1386 15
300 1346 397 1388 tulit
438 1347 496 1389 acl
530 1347 728 1401 reyinam.
790 1347 1007 1401 flaminica
1043 1349 1152 1390 enini
1188 1351 1382 1391 venenato
1419 1349 1570 1403 operiri
1605 1349 1734 1391 debet:
1777 1363 1878 1393 narn
1913 1364 2005 1392 cum

298 1416 502 1461 ‘amictus'
534 1419 645 1471 dicit,
676 1422 858 1472 opertam
888 1419 998 1474 dicit,
1029 1434 1134 1474 quac
1163 1434 1227 1462 res
1257 1421 1315 1462 ad
1334 1421 1519 1474 pallium
1550 1421 1749 1474 refertur..

416 1490 514 1532 603.
564 1502 623 1532 ET
662 1502 829 1533 NODVM
866 1502 1088 1534 INFORMIS
1126 1503 1238 1534 LETI
1277 1491 1350 1533 alii
1390 1491 1555 1544 dicunt,
1599 1492 1711 1548 quod
1749 1493 1906 1536 Amata
1943 1493 2005 1535 in-

298 1561 394 1604 edia
433 1576 477 1603 se
514 1562 793 1605 interemeriiz.
857 1577 959 1604 sane
999 1562 1219 1605 sciendum
1257 1563 1356 1618 quia
1394 1564 1568 1605 naulum
1605 1563 1747 1606 fuerat
1783 1564 1828 1606 in
1861 1565 2004 1620 ponini-

297 1632 492 1675 ficalibus
533 1633 674 1689 libris,
713 1636 761 1676 ut
792 1634 865 1689 qui
897 1634 1050 1689 laqueo
1082 1634 1217 1677 vitam
1249 1634 1436 1690 finisset,
1473 1636 1715 1690 insepultus
1748 1636 2005 1678 abiceretur:

225 1713 271 1744 20
298 1704 410 1747 unde
448 1704 557 1747 bene
597 1705 659 1747 ait
691 1703 903 1747 ‘informis
935 1704 1040 1761 leti',
1077 1705 1200 1761 quasi
1231 1706 1384 1748 mortis
1415 1706 1742 1749 infamissimae.
1790 1720 1883 1762 eryo
1913 1721 2006 1750 cum

295 1775 403 1819 nihil
427 1777 483 1819 sil
505 1776 583 1818 liae
608 1779 736 1819 morte
760 1777 995 1830 deformius,
1013 1780 1180 1832 poetam
1204 1778 1327 1820 eliam
1346 1791 1427 1832 pro
1452 1778 1616 1832 reyinae
1639 1779 1838 1832 oliynitate
1855 1779 2006 1822 dioeisse

295 1848 559 1902 accipiamus.
622 1847 791 1891 Cassius
830 1852 966 1891 aulem
1002 1849 1189 1892 Hemina
1226 1850 1307 1901 ait,
1348 1849 1681 1904 Tarquinium
1717 1848 2004 1906 Superbum,

295 1933 400 1962 cum
438 1920 636 1962 cloacas
661 1920 905 1974 qoopulum
941 1920 1105 1974 faeere
1142 1921 1390 1976 coeqisset,
1434 1925 1478 1963 et
1513 1922 1566 1963 ob
1602 1921 1725 1964 hanc
1761 1922 2005 1964 iniuriam

293 1991 440 2034 ‘mulli
481 2005 528 2034 se
570 1991 836 2046 suspendio
878 1995 1128 2047 necarent,
1172 1992 1382 2035 iussisse
1425 2006 1631 2046 corpora
1673 2007 1835 2035 eorum
1871 1993 2006 2036 cruci

223 2071 267 2103 25
293 2063 460 2118 affiqi.
523 2067 635 2105 lunc
663 2064 885 2117 primuni
922 2067 1061 2118 turpe
1097 2063 1320 2106 habiturn
1357 2067 1430 2106 est
1464 2068 1663 2107 mortem
1694 2065 1790 2107 sibi
1819 2066 2004 2108 consci—

293 2149 434 2178 scere.
495 2138 534 2178 el
570 2134 703 2178 Varro
741 2136 820 2187 ait,
857 2136 1218 2191 suspendiosis,
1255 2135 1431 2190 quibus
1467 2136 1602 2179 iusta
1639 2136 1763 2189 fieri
1798 2137 1878 2180 ius
1907 2151 2004 2179 non

292 2207 375 2259 sit,
413 2207 670 2262 suspensis
707 2207 918 2262 oscillis,
955 2208 1110 2250 veluti
1139 2221 1229 2262 per
1259 2207 1588 2250 imitationem
1619 2208 1793 2250 mortis
1822 2221 2004 2262 paren-

295 2278 409 2320 tari.
470 2278 582 2320 docel
620 2292 710 2333 erqo
750 2278 953 2333 Veryilius
989 2280 1208 2322 seeundum
1248 2278 1474 2321 Varronem
1511 2282 1549 2321 el
1578 2278 1786 2331 Cassium,
1828 2280 1928 2333 quia
1962 2293 2004 2321 se

296 2348 438 2403 laqueo
469 2350 674 2405 induerat,
706 2350 780 2392 leto
803 2350 963 2404 perisse
992 2351 1175 2404 informi.

223 2429 267 2461 30
412 2421 509 2464 605.
559 2432 740 2464 FLAVOS
772 2433 965 2464 LAVINIA
997 2433 1157 2464 CRINES
1191 2422 1368 2476 antiqua
1401 2421 1528 2463 lectio
1562 2420 1722 2465 ‘floros'
1754 2421 1925 2477 habuib,
1957 2421 2000 2463 id

389 2566 409 2597 9
437 2563 550 2607 caput
576 2588 583 2596 .
605 2590 614 2598 .
636 2590 643 2598 .
669 2561 817 2608 fuisset]
845 2562 889 2597 cf.
916 2561 1008 2598 Don.
1036 2561 1085 2597 ad
1111 2563 1192 2598 Ter.
1219 2562 1332 2598 Andr.
1359 2562 1394 2596 Π
1421 2566 1453 2607 6,
1474 2565 1518 2597 27
1538 2562 1550 2606 ΙΙ
1579 2565 1623 2596 22
1651 2561 1797 2597 Cassius
1824 2561 1999 2608 Hemina]

291 2609 426 2655 fragm.
454 2612 498 2644 15
522 2621 558 2655 p.
587 2613 655 2645 100
679 2609 758 2645 Pet.

391 2744 409 2775 1
437 2741 487 2776 ad
511 2752 628 2776 rsssxs
653 2751 681 2776 s.
700 2751 733 2775 v.
759 2738 909 2775 afflictis
932 2739 964 2774 T
980 2741 993 2785 ΙΙ
1012 2743 1032 2774 3
1059 2739 1211 2786 noemma]
1237 2752 1269 2775 A.
1296 2739 1394 2774 HM
1410 2741 1422 2786 ΙΙ
1442 2743 1462 2775 5
1487 2740 1592 2776 schol.
1619 2740 1669 2775 acl
1692 2751 1723 2776 v.
1746 2742 1814 2775 596
1840 2750 1906 2775 om.
1927 2739 1968 2775 F
1988 2739 2000 2787 Η

291 2789 441 2835 INCESSI]
468 2801 636 2824 mensum
662 2787 768 2834 Rus
796 2787 845 2823 ad
868 2799 1011 2822 MENTEM
1037 2801 1068 2821 vr.
1095 2798 1122 2823 s.
1148 2799 1180 2824 v.
1206 2788 1297 2822 nota
1321 2787 1441 2832 figura
1469 2788 1501 2822 T
1517 2789 1529 2834 fl
1558 2791 1600 2822 10
1625 2788 1756 2822 auctor
1781 2788 1819 2822 et
1842 2786 1998 2822 Daniel:

292 2838 443 2871 auctore
463 2836 503 2870 F
519 2837 531 2881 ΙΙ
551 2835 707 2871 alicuius
734 2835 788 2871 rei
813 2835 966 2870 Daniel:
995 2834 1060 2869 alii
1086 2835 1251 2881 cumspei
1271 2835 1311 2869 F
1326 2836 1338 2880 ΙΙ
1359 2838 1401 2870 12
1429 2836 1478 2871 ad
1502 2847 1639 2869 nnusns
1665 2848 1696 2870 E.
1716 2849 1750 2870 F.
1775 2846 1802 2869 s.
1823 2846 1855 2870 v.
1883 2835 2000 2870 uerba

291 2883 414 2918 noluit
448 2893 586 2928 ponere
617 2883 714 2918 unde
745 2882 896 2918 uidetur
926 2882 1008 2917 dira
1039 2882 1204 2918 uoluisse
1237 2882 1446 2928 significare
1475 2883 1508 2917 T
1542 2884 1554 2929 ss
1593 2886 1636 2917 14
1666 2883 1771 2917 schol.
1798 2883 1848 2917 acl
1871 2893 1902 2917 v.
1930 2885 1997 2917 602

291 2931 372 2966 hab.
403 2931 436 2965 T
459 2932 471 2978 fl
505 2934 547 2966 15
572 2931 721 2965 flamica,
746 2930 786 2965 F
807 2931 820 2975 ΙΙ
850 2931 985 2965 ueneto
1015 2930 1048 2964 T
1071 2932 1083 2975 ΙΙ
1117 2935 1158 2965 16
1186 2929 1350 2966 ostendit
1375 2932 1544 2976 opertam
1574 2930 1607 2964 T
1623 2931 1634 2976 ΙΙ
1666 2930 1834 2974 opertum
1860 2929 1900 2964 F
1915 2930 1927 2975 ΙΙ
1954 2933 1997 2965 17

291 2979 397 3014 schol.
424 2979 473 3014 ad
497 2989 528 3013 v.
557 2982 625 3014 603
651 2979 732 3013 hab.
765 2978 798 3013 Τ
817 2978 830 3023 ΙΙ
862 2977 927 3012 alii
953 2977 1096 3023 dicuni]
1123 2977 1243 3013 fabios
1269 2977 1392 3023 pictor
1417 2978 1508 3014 dicit
1533 2977 1581 3013 F.
1620 2977 1665 3021 ef.
1694 2977 1800 3011 Peter
1824 2980 1888 3012 vet.
1915 2977 1997 3012 hist.

291 3025 385 3061 Rom
420 3027 482 3062 rel.
503 3037 544 3070 p.
566 3029 645 3069 109,
669 3031 686 3060 1
708 3027 719 3072 ΙΙ
738 3026 862 3061 media
881 3024 970 3060 HF
984 3025 997 3070 ΙΙ
1017 3029 1060 3060 18
1086 3025 1270 3060 interimit
1289 3025 1336 3060 M
1351 3026 1363 3070 ΙΙ
1383 3026 1483 3070 quod
1510 3025 1619 3060 caute
1645 3025 1766 3060 fuerat
1792 3023 1832 3058 F
1846 3025 1859 3070 ΙΙ
1877 3027 1921 3059 21
1949 3024 2000 3059 sit

291 3085 358 3110 om.
386 3072 426 3108 F
446 3074 459 3119 ΙΙ
490 3083 533 3108 ac
558 3072 598 3108 F
620 3074 632 3118 ΙΙ
663 3077 707 3108 22
734 3074 859 3109 autem
885 3083 951 3108 om.
978 3072 1018 3107 F
1039 3074 1051 3119 ΙΙ
1083 3073 1206 3107 emina
1231 3072 1271 3107 F
1294 3074 1307 3117 ΙΙ
1337 3076 1381 3107 23
1410 3073 1560 3118 cloapas
1587 3071 1628 3107 F
1653 3073 1665 3118 ΙΙ
1697 3076 1741 3106 24
1767 3082 1806 3106 se
1831 3083 1896 3107 om.
1925 3070 1966 3106 F
1988 3071 1998 3118 Η

292 3121 436 3167 eorum]
464 3131 616 3166 aegrum
646 3121 679 3155 T
695 3122 707 3166 ΙΙ
726 3121 827 3156 cruci
854 3149 861 3156 .
882 3146 891 3156 .
913 3148 920 3155 .
948 3119 1020 3154 sibi
1046 3130 1110 3155 om.
1126 3120 1166 3154 F
1182 3122 1194 3165 ΙΙ
1213 3123 1259 3155 25
1286 3120 1531 3166 consciscere]
1558 3119 1687 3154 sistere
1709 3118 1749 3154 F
1764 3120 1776 3163 ΙΙ
1795 3123 1839 3154 27
1866 3130 1998 3164 paren-

289 3170 371 3203 tum
396 3168 436 3203 F
451 3169 464 3214 ΙΙ
492 3171 537 3204 28
564 3167 741 3213 uergilius
770 3168 810 3203 F
825 3169 837 3215 ΙΙ
865 3171 910 3204 29
936 3167 1014 3203 lato
1041 3166 1082 3202 F
1097 3168 1109 3214 ΙΙ
1127 3168 1266 3213 perisse
1293 3167 1388 3202 dim
1411 3167 1562 3202 informi
1588 3166 1628 3202 F
1642 3168 1655 3212 ΙΙ
1684 3170 1729 3202 30
1754 3165 1891 3202 Flauos
1917 3179 1996 3201 ηο-

291 3228 355 3252 vos
381 3215 417 3250 A
454 3222 579 3252 FLAVIS
606 3216 650 3250 H
674 3217 687 3261 ΙΙ
720 3228 834 3252 onnus
860 3215 902 3252 F
