2092 3614
269 1039 311 1070 10

266 1396 309 1426 15

263 1753 309 1784 20

265 2110 309 2142 25

340 276 429 320 420
1114 277 1275 316 SERVII

460 388 558 430 257.
609 405 771 432 imvm
802 389 953 441 multa,
984 390 1104 443 quasi
1134 390 1367 444 tempestiva
1392 393 1431 432 et
1452 404 1578 444 quam
1602 391 1690 432 iam
1714 404 1795 434 esse
1819 391 2046 445 oportebat:

340 462 415 501 aut
444 460 547 501 satis
569 460 698 513 plena
729 463 767 501 et
795 460 921 502 clara.

459 531 558 573 258.
608 541 754 574 socns
779 543 936 574 EDIOIT
970 533 1202 574 seeundum
1235 532 1350 574 dicta
1379 532 1608 588 nymphae.
1698 534 1853 585 †sreNA
1881 549 2045 580 ,ςΕρνΑΝ-

341 618 416 644 Tra
445 603 649 656 numquid
678 602 893 645 literarum
921 603 1060 658 figura
1088 604 1253 656 faciunt
1274 603 1562 657 pervolutam?
1673 615 1812 646 SIGNA
1845 615 2046 654 SEQVAN-

339 685 431 715 TVR
463 674 530 715 vel
562 676 749 716 tesserae
780 674 850 716 vel
881 675 1103 729 tubarum,
1137 675 1203 716 vel
1233 689 1278 717 re
1307 689 1404 717 vera
1435 675 1558 731 signa
1590 675 1809 717 militaria.

457 745 556 787 264.
607 756 787 796 QVALES
821 757 905 788 svn
937 758 1137 788 NVBIBvs
1170 757 1304 789 Arius
1337 746 1437 788 altis
1469 746 1610 789 modo.

457 816 556 858 265.
606 828 901 859 STRYMONIAE
926 832 1026 860 vero
1051 828 1200 860 GRVES
1227 833 1252 859 a
1277 818 1408 860 fluvio
1429 817 1639 859 Thraciae
1660 816 1901 872 Strymone,
1926 817 2046 860 iuxta

339 902 466 942 quem
502 888 716 930 habitant.
778 888 884 930 haec
922 890 1066 930 autem
1112 889 1380 945 comparatio
1418 903 1506 931 non
1543 888 1596 930 ad
1635 889 1820 931 telorum
1858 889 2048 943 pertinet

337 959 516 1013 iactum,
549 959 623 1001 sed
655 960 709 1002 ad
741 960 1027 1002 Troianorum
1057 960 1303 1003 clamorem.

456 1031 554 1072 266.
604 1042 909 1081 FVG1VNTQVE
953 1043 1106 1074 NOTOS
1157 1034 1231 1074 aut
1275 1031 1452 1087 quosvis
1495 1034 1647 1074 ventos
1690 1031 1896 1087 frigidos:
1944 1046 2045 1074 nam

337 1101 468 1142 etiam
495 1115 622 1157 grues
649 1102 898 1158 significant
922 1106 1226 1157 tempestatem
1253 1103 1456 1154 futuram,
1482 1105 1531 1144 ut
1555 1103 1601 1145 in
1627 1102 1840 1158 georgicis
1860 1103 1910 1157 <1
1930 1102 2046 1158 374>

335 1173 519 1229 legimus
562 1176 649 1215 aut
686 1173 835 1216 illum
879 1177 1173 1230 surgentem
1219 1174 1444 1216 vallibus
1487 1174 1607 1216 imis
1652 1173 1823 1216 aeriae
1867 1173 2046 1229 fugere

336 1258 507 1300 grues:
542 1247 618 1287 aut
642 1260 688 1287 re
715 1260 818 1287 vera
838 1244 1016 1300 ‘notos’3
1046 1246 1201 1288 horum
1228 1246 1342 1287 enim
1367 1246 1555 1288 calorem
1587 1244 1763 1301 fugiunt
1787 1259 1883 1287 cum
1908 1259 2046 1288 rever-

335 1318 487 1358 tuntur
524 1317 568 1358 in
601 1315 830 1359 Thraciam
863 1331 913 1359 ex
942 1317 1138 1372 Aeyypto.
1252 1334 1425 1360 srcmvoo
1459 1330 1562 1359 num
1594 1317 1729 1359 laeto?
1770 1315 2046 1359 Troianorum

336 1388 491 1429 clamor
521 1402 570 1430 ex
596 1388 762 1442 qaudio.

455 1459 554 1501 269.
603 1470 780 1501 ADLABI
800 1470 1046 1502 eLAssfflvs
1066 1470 1256 1510 AEQVOR
1283 1474 1379 1501 cum
1405 1459 1617 1501 classibus
1643 1459 1747 1515 labi;
1779 1462 1854 1501 aut
1877 1472 2048 1513 aequore

335 1530 504 1572 classem
536 1530 630 1572 labi.
685 1531 857 1584 quidam
888 1531 950 1572 ita
980 1534 1204 1585 caponum,
1235 1533 1283 1572 ut
1311 1530 1384 1572 hoc
1414 1531 1471 1572 ad
1491 1530 1764 1584 phantasiam
1793 1529 2046 1572 Rutulorum

335 1602 533 1657 referant,
575 1603 773 1655 quoniam
809 1602 1115 1651 admirantibus
1151 1602 1217 1644 his
1256 1602 1364 1644 unde
1404 1605 1522 1644 tanta
1560 1603 1715 1656 fiducia
1752 1603 1914 1644 animos
1947 1601 2046 1644 Tro-

335 1674 529 1715 ianorum
565 1674 805 1728 incessisset,
841 1675 1055 1727 repentina
1091 1674 1219 1726 facies
1250 1674 1477 1715 multarum
1507 1674 1679 1716 navium
1709 1673 2045 1727 adpropinquan-

337 1745 440 1786 tium
464 1745 636 1798 perinde
665 1746 755 1787 visa
786 1748 860 1797 est,
892 1749 1013 1799 atque
1035 1746 1074 1787 si
1097 1746 1245 1799 ipsqu
1265 1759 1416 1799 aequor
1446 1758 1538 1787 cum
1569 1744 1766 1787 classibus
1790 1744 2042 1787 allaberetur.

455 1816 555 1858 270.
604 1828 762 1858 ARDET
795 1828 918 1858 APEX
950 1827 1108 1858 CAPITI
1147 1830 1197 1858 ex
1236 1816 1512 1871 sequentibus
1547 1815 1844 1870 intellegimus
1875 1815 2044 1858 Aeneae

337 1901 556 1929 armorum
583 1887 678 1930 fieri
704 1887 1054 1944 descriptionem3
1086 1902 1187 1930 nam
1212 1887 1403 1930 dicturus
1431 1889 1497 1929 est
1518 1886 1663 1942 <276>
1696 1885 1757 1928 ‘at
1780 1900 1866 1929 non
1894 1886 2045 1929 audaci

337 1958 483 2000 Turno
528 1958 684 2001 fiducia
728 1958 887 2015 cessit',
931 1959 1127 2015 quamvis
1172 1959 1282 2001 talia
1324 1973 1445 2000 arma
1486 1957 1765 2012 conspiceret.
1826 1957 1865 1999 si
1899 1959 2045 2000 tamen

335 2030 520 2084 primam
551 2030 757 2085 respicias
790 2031 1090 2085 conexionem‚
1123 2030 1245 2086 quasi
1279 2030 1330 2072 de
1359 2029 1505 2072 Turno
1537 2029 1709 2072 videtur
1739 2028 1898 2071 dicere:
1930 2029 2044 2084 quod

335 2115 424 2143 non
454 2101 662 2156 procedit.
718 2101 859 2157 ‘apex'
892 2102 989 2144 coni
1022 2101 1207 2144 altitudo
1239 2101 1321 2143 hoc
1353 2101 1461 2144 loco.
1518 2103 1583 2142 est
1615 2103 1759 2142 autem
1791 2099 1970 2142 Homeri
2001 2103 2045 2142 et

335 2172 457 2214 locus
498 2176 542 2214 et
578 2174 857 2228 comparatio.
922 2173 1005 2215 hoc
1044 2176 1189 2215 autem
1227 2173 1310 2215 iste
1349 2172 1580 2214 violentius
1618 2171 1783 2227 posuit,
1821 2171 1934 2226 quod
1970 2170 2044 2213 ille

337 2243 487 2285 stellae
530 2246 703 2286 tantum
746 2244 855 2287 facit
895 2244 1282 2300 comparationem,
1324 2244 1395 2286 hic
1437 2243 1568 2285 etiam
1609 2243 1761 2285 stellae
1802 2241 2043 2297 pestiferae,

431 2352 476 2383 25
509 2360 605 2394 apex
631 2348 716 2384 coni
740 2349 917 2394 altitudo]
951 2349 996 2386 cf.
1021 2348 1108 2385 Isid.
1136 2360 1187 2385 or.
1216 2348 1336 2384 XVIII
1363 2352 1423 2392 14,
1451 2352 1472 2383 2
1500 2348 1538 2383 et
1562 2342 1663 2383 Serv.
1690 2347 1738 2382 ad
1762 2347 1853 2383 Aen.
1879 2346 1948 2382 XII
1973 2350 2042 2383 492

431 2448 452 2478 3
473 2444 677 2479 secundum
691 2444 815 2479 edicta
829 2444 878 2478 M
891 2444 903 2489 ΙΙ
922 2444 1160 2479 Floriacense
1173 2445 1222 2479 ad
1235 2455 1339 2478 emm
1353 2457 1379 2479 s.
1395 2443 1581 2484 scholium,
1593 2443 1690 2488 quod
1702 2453 1777 2478 non
1789 2443 1923 2488 recepit
1937 2442 1987 2477 M
1985 2453 2042 2478 as-

334 2491 462 2533 vicius,
482 2491 727 2527 Burmannus
745 2503 768 2526 a
790 2490 908 2527 Gerda
933 2496 966 2527 et
990 2492 1077 2526 aliis
1102 2492 1151 2527 ad
1175 2502 1217 2526 ea
1235 2502 1328 2536 quae
1351 2502 1384 2526 v.
1406 2494 1474 2526 265
1488 2501 1561 2536 sqq.
1587 2492 1630 2525 de
1653 2490 1808 2535 qruibus
1831 2491 1932 2526 dicta
1956 2494 2043 2525 sunt

334 2539 489 2573 relatum
509 2549 580 2573 esse
598 2543 740 2574 narrat.
767 2540 996 2583 interpretem
1015 2539 1202 2583 scripsisse
1220 2539 1360 2574 conicio
1378 2549 1471 2573 mur
1492 2549 1597 2573 men-A
1616 2549 1705 2572 num
1726 2537 1812 2582 quia
1832 2537 2040 2572 litterarum

334 2585 471 2631 figuras
502 2585 647 2621 faciunt
678 2597 743 2631 per
773 2586 966 2621 volatum?
1000 2586 1045 2629 cf.
1074 2586 1172 2620 Serv.
1199 2587 1248 2621 ad
1272 2586 1364 2621 Aen.
1391 2585 1407 2619 1
1434 2588 1513 2622 398.
1547 2596 1619 2630 pro
1644 2585 1764 2629 figura
1788 2585 1927 2620 Daniel
1950 2585 2041 2630 figu—

334 2643 416 2668 ram
440 2633 556 2668 edidit
573 2634 586 2679 ΙΙ
605 2637 626 2667 4
647 2645 832 2673 εερνΑΜνιι
853 2633 902 2667 Μ
918 2634 930 2678 ΙΙ
949 2637 970 2668 5
995 2633 1057 2668 uel
1081 2633 1256 2668 tubarum
1281 2633 1343 2668 uel
1368 2635 1531 2668 tesserae
1556 2633 1619 2667 uel
1642 2642 1682 2667 re
1707 2643 1798 2668 uera
1823 2631 1970 2678 signnm
1996 2631 2042 2666 li-

335 2680 434 2715 taria
459 2679 500 2715 F
520 2682 533 2726 ΙΙ
562 2685 582 2716 6
608 2693 732 2721 QVALIS
759 2681 847 2716 libri
870 2681 882 2727 ΙΙ
907 2680 992 2715 altis
1018 2680 1146 2726 modo]
1173 2680 1213 2715 id
1238 2682 1295 2715 est
1319 2679 1406 2716 altis
1434 2680 1484 2715 M
1506 2681 1518 2727 ΙΙ
1550 2684 1568 2715 7
1595 2691 1682 2716 vero
1707 2690 1774 2716 om.
1801 2679 1843 2714 F
1856 2681 1869 2725 ΙΙ
1894 2679 2042 2716 strimo-

334 2727 419 2762 niae
438 2727 474 2762 R
493 2729 545 2774 119
572 2728 791 2775 clamorem]
819 2738 903 2762 nam
931 2729 970 2763 et
994 2729 1169 2763 homerus
1197 2728 1250 2763 sic
1276 2727 1402 2773 posuit
1421 2739 1444 2763 a
1463 2738 1536 2772 quo
1562 2728 1710 2772 sumpta
1735 2728 1793 2762 est
1812 2726 2040 2772 comparatio

337 2775 400 2821 (Il.
420 2774 473 2809 III
492 2776 528 2820 2)
560 2776 684 2819 Τρῶες
710 2774 780 2821 μὲν
805 2775 947 2820 κλαγγῇ
978 2804 984 2811 .
1006 2805 1012 2811 .
1034 2803 1042 2810 .
1069 2773 1191 2820 κακὴν
1219 2774 1326 2818 ἔριδα
1350 2773 1608 2820 προφέρονται
1633 2775 1717 2810 add.
1743 2774 1783 2809 D
1801 2775 1814 2820 ss
1833 2777 1877 2809 10
1901 2785 2039 2809 Kornos

335 2822 415 2857 AR
451 2835 584 2858 micros
611 2823 646 2857 L
681 2834 791 2858 suros
819 2823 867 2857 M
884 2823 896 2869 ΙΙ
914 2822 1070 2868 frigidos
1096 2834 1162 2858 om.
1190 2822 1230 2857 F
1245 2824 1257 2869 ΙΙ
1283 2826 1325 2857 11
1352 2822 1483 2869 etiam]
1510 2822 1624 2857 etiam
1650 2823 1689 2857 et
1716 2821 1753 2855 F
1768 2823 1781 2866 ΙΙ
1805 2820 1930 2866 grues]
1956 2831 2040 2866 gra—

335 2880 419 2903 uem
446 2870 493 2904 M
510 2871 522 2916 ΙΙ
542 2872 584 2905 ut
603 2897 610 2904 .
627 2898 634 2905 .
652 2899 659 2907 .
679 2869 855 2916 legimus]
880 2871 923 2904 ut
947 2870 1113 2905 ostendit
1137 2870 1218 2915 ipse
1243 2869 1422 2915 uergilius
1447 2870 1574 2905 dicens
1592 2869 1633 2904 F
1648 2870 1660 2914 ΙΙ
1681 2872 1723 2903 12
1750 2868 1832 2914 aut]
1861 2870 1901 2903 ut
1919 2867 2011 2902 Ast
2029 2867 2041 2914 Η

338 2920 381 2951 13
407 2917 532 2962 grues]
561 2928 693 2962 graues
718 2917 758 2952 F
782 2918 794 2963 ΙΙ
827 2920 871 2952 14
895 2917 934 2952 in
959 2918 1173 2963 Thraciam]
1201 2917 1250 2953 ad
1275 2916 1530 2953 macedoniam
1556 2916 1597 2951 F
1620 2918 1633 2959 ΙΙ
1665 2919 1708 2950 16
1733 2915 1810 2950 labi
1836 2925 1919 2950 cum
1945 2913 2039 2950 clas-

335 2963 436 2999 sibus
462 2964 502 2998 F
529 2965 541 3010 ΙΙ
581 2969 622 3000 17
649 2966 699 3001 ad
721 2976 753 3001 v.
781 2968 849 3000 269
875 2965 917 2999 in
940 2976 1054 3011 marq.
1082 2965 1235 3008 quidam
1262 2993 1269 3000 .
1291 2993 1299 3000 .
1321 2991 1328 2998 .
1357 2964 1584 2999 allaberetur
1612 2962 1646 2998 T
1671 2963 1684 3009 ΙΙ
1719 2962 1775 3008 ut]
1804 2963 1843 2997 et
1866 2962 2004 2997 Daniel
2029 2962 2038 3008 ΙΙ

337 3014 381 3046 18
406 3011 570 3046 referant
598 3012 645 3046 T:
671 3012 836 3047 referunt
861 3011 901 3047 F
916 3013 928 3058 ΙΙ
946 3012 1090 3047 animos
1117 3014 1158 3047 T.
1179 3013 1219 3058 i.]
1247 3012 1454 3047 animorum
1479 3009 1680 3045 inuasisset
1704 3011 1851 3044 teucros
1880 3009 1913 3043 T
1929 3010 1942 3055 ΙΙ
1959 3008 2039 3045 ani—

336 3069 416 3094 mos
442 3059 667 3094 Maevicius:
694 3060 818 3095 animo
844 3059 884 3095 F
900 3060 912 3106 ΙΙ
942 3063 984 3094 19
1011 3059 1158 3106 reptina
1177 3059 1216 3094 F
1240 3059 1448 3104 (repentina
1469 3057 1515 3099 G)
1535 3058 1548 3104 fl
1565 3057 1716 3092 navium
1741 3067 1807 3092 om.
1830 3056 1871 3092 F
1885 3058 1898 3103 ΙΙ
1925 3060 1972 3091 20
1993 3067 2039 3092 ae

337 3106 369 3141 si
396 3106 430 3140 Τ
465 3107 578 3151 atque
603 3118 640 3142 se
667 3107 700 3142 G
718 3109 731 3152 ΙΙ
749 3107 962 3142 alaberetur
981 3106 1021 3141 F
1037 3108 1048 3152 ΙΙ
1067 3111 1112 3141 22
1138 3108 1178 3142 at
1203 3106 1293 3153 non]
1318 3107 1365 3150 ef.
1386 3106 1436 3140 IX
1458 3106 1556 3150 12411
1577 3108 1620 3139 23
1646 3104 1831 3150 quamvis]
1858 3103 1948 3140 licet
1965 3103 2006 3138 F
2026 3102 2040 3150 ΙΙ

336 3157 380 3188 25
407 3164 502 3199 apex
528 3182 537 3190 .
559 3181 566 3188 .
588 3181 596 3188 .
622 3153 725 3200 loco]
754 3155 899 3200 apicem
923 3155 1050 3189 tamen
1075 3154 1185 3189 modo
1212 3155 1295 3189 coni
1321 3151 1560 3188 altitudinem
1585 3151 1677 3186 dicit
1702 3151 1742 3185 F
1769 3152 1782 3208 1]
1818 3155 1863 3187 26
1889 3161 2038 3196 compa-

335 3199 449 3247 ratio]
477 3201 527 3236 Il.
555 3201 659 3236 XXII
679 3205 819 3237 26-31
846 3202 931 3238 add.
952 3201 1158 3246 Stephanus
1178 3201 1379 3236 Fabricius
1403 3200 1488 3242 alii,
1514 3200 1567 3234 Il.
1587 3198 1638 3234 VI
1658 3202 1727 3234 506
1753 3212 1804 3238 ως
1829 3194 1867 3233 δ’
1894 3194 1957 3234 ὅτε
1984 3210 2040 3238 τις

368 3275 374 3283 .
397 3275 404 3283 .
431 3249 556 3283 ἵππων
582 3249 666 3285 add.
687 3249 737 3285 D.
782 3249 931 3285 Servius
955 3249 1031 3294 ipse
1058 3249 1108 3284 Il.
1134 3248 1167 3283 V
1193 3253 1215 3283 4
1234 3259 1306 3293 sqq.
1332 3247 1539 3292 comparari
1562 3247 1716 3283 voluisse
1740 3246 1895 3282 videtur.
