2092 3614
231 1049 305 1091 ἰο

261 1417 303 1449 15

260 1776 305 1807 20

263 2133 308 2165 25

335 292 421 333 194
1105 292 1266 329 SERVII

333 401 473 456 possit
511 400 641 443 etiam
673 400 727 443 ad
758 401 863 443 illud
900 401 1048 443 referri
1088 402 1201 457 quod
1240 401 1388 443 dicunt
1426 400 1683 455 quibusdam
1717 401 1882 443 artibus
1914 415 2041 456 posse

332 473 556 515 hominum
594 472 732 515 vitam
769 473 884 516 ultra
920 472 1013 514 fata
1050 472 1271 528 protendi,
1308 472 1371 514 ita
1402 474 1567 527 tamen,
1603 474 1652 514 ut
1684 473 1819 515 solam
1851 472 2042 514 habeant

332 545 447 588 vitae
485 545 859 600 imaginationem3
900 545 1100 587 videntur
1138 543 1252 586 enim
1291 544 1437 586 omnia
1467 543 1607 585 facere
1638 558 1716 585 nec
1747 543 1922 586 faciunt.

331 634 476 660 AEVVM
501 630 644 659 aevum
675 621 734 659 est
762 620 876 659 aetas
898 619 1116 671 perpetua,
1157 616 1273 658 euius
1310 629 1437 669 neque
1466 615 1635 657 initium
1664 629 1789 669 neque
1819 618 2041 674 extremum

332 688 532 743 noscitur,
563 689 634 731 sed
655 688 722 730 hic
746 689 864 730 modo
891 686 1066 729 ‘aevum'
1091 690 1263 729 aetatem
1283 686 1503 740 Hippolyti
1526 687 1679 740 posuit.
1727 689 1874 729 veteres
1898 700 2041 729 aevum

330 761 455 803 etiam
485 761 652 802 oleorum
681 760 811 801 vitam
841 759 1047 810 dicebant;
1078 773 1178 801 nam
1209 762 1247 800 et
1283 758 1450 801 Virbius
1480 759 1588 801 inter
1618 759 1710 801 cleos
1740 759 1898 800 colitur.
1951 758 2041 801 Vir-

330 832 443 874 bium
473 835 611 874 autem
641 832 811 885 quidam
836 829 970 873 Solem
993 834 1150 885 putant
1178 844 1277 885 esse,
1308 831 1426 872 euius
1454 829 1751 872 simulachrum
1780 844 1864 872 non
1888 833 1946 872 est
1971 829 2042 883 fas

330 904 545 959 aitinyere,
568 906 787 957 propterea
816 903 917 957 quia
946 916 1018 945 nec
1046 902 1107 945 sol
1139 902 1334 957 tanyitur.

452 976 549 1018 777.
599 986 844 1025 VERSOQVE
881 986 961 1016 vm
999 985 1182 1016 NOMINE
1220 973 1271 1015 de
1308 988 1355 1016 re
1391 973 1526 1029 facto,
1565 975 1615 1015 ut
1652 974 1877 1016 oestrum
1917 971 2041 1015 Grai

331 1049 532 1089 vertere
563 1050 824 1089 vocantes.

452 1119 548 1161 778.
597 1131 727 1161 VNDE
765 1130 915 1160 ETIAM
953 1129 1143 1161 TRIVIAE
1183 1129 1370 1161 TEMPLO
1415 1117 1594 1173 exponit
1635 1114 1677 1159 τὲ
1730 1119 1893 1159 αἴτιουε
1939 1131 2039 1159 nam

331 1188 624 1232 Callimachus
657 1190 831 1245 scripsit
863 1193 1001 1244 αἴτια,
1032 1189 1078 1231 in
1109 1190 1265 1245 quibus
1298 1189 1429 1231 etiam
1459 1189 1541 1232 hoc
1573 1190 1893 1232 commemorat.

451 1262 548 1304 779.
598 1277 803 1304 monuwa
829 1278 928 1309 EQVJ
953 1261 1150 1315 quoniam
1174 1261 1290 1315 apud
1312 1261 1514 1315 quasdam
1540 1264 1675 1315 „qentes
1705 1261 1763 1303 ad
1791 1274 1913 1303 aram
1944 1273 2041 1313 equo

328 1333 463 1376 sedere
485 1332 809 1387 permittebatur:

451 1404 547 1447 781.
596 1416 727 1447 HAVD
754 1415 914 1447 SETIVS
945 1418 1034 1446 non
1066 1404 1240 1460 segnius
1271 1406 1405 1459 patre.
1456 1403 1561 1461 dicit
1587 1405 1731 1446 autem
1762 1404 1912 1445 tantae
1944 1417 2040 1444 eum

330 1476 462 1518 fuisse
493 1475 717 1531 audaciae,
748 1478 796 1517 ut
826 1489 904 1518 nec
935 1477 1141 1530 paternae
1170 1475 1323 1517 mortis
1355 1477 1588 1517 terreretur
1620 1475 1828 1531 exemplo.

450 1547 548 1590 784.
597 1559 836 1590 VERTITVR
872 1546 916 1589 id
955 1549 1021 1590 est
1060 1547 1161 1603 agit.
1282 1559 1343 1588 ET
1383 1558 1509 1589 ΤοΤο
1548 1558 1746 1589 VERTmE
1780 1557 1925 1589 SVPRA
1957 1557 2042 1589 EST

332 1619 497 1663 Statius
529 1621 579 1661 et
609 1621 720 1662 toto
753 1618 1022 1674 despectat
1053 1633 1267 1674 corpore
1298 1619 1501 1661 bellum.
1829 1663 1833 1667 ,

451 1691 548 1734 786.
598 1701 845 1733 AETNAEOS
878 1702 1166 1733 EFFLANTEM
1196 1701 1423 1733 FAVCIBVS
1461 1700 1601 1732 IGNES
1640 1690 1817 1745 nimios,
1856 1691 2041 1744 quantos

330 1763 463 1805 habet
493 1762 649 1805 Aetna.
988 1756 990 1761 ¹

451 1835 547 1878 787.
599 1846 695 1877 TAM
725 1845 866 1877 MAGIS
894 1845 1005 1877 ILLA
1030 1846 1245 1877 FREMENS
1272 1846 1332 1876 ET
1359 1843 1598 1876 TRISTIBVS
1625 1844 1808 1875 EFFERA
1832 1844 2039 1875 FLAMMIS

331 1919 461 1959 QVAM
486 1919 627 1950 MAGIS
653 1918 833 1950 EFFVSO
860 1918 1166 1950 CRVDESCVNT
1197 1918 1431 1949 SANGVINE
1465 1917 1649 1948 PVGNAE
1681 1904 1842 1960 legitur
1873 1904 1918 1946 in
1951 1906 2042 1946 arte

332 1979 447 2035 quod
473 1978 585 2021 ‘tam
612 1979 752 2034 magis
779 1978 964 2021 maxime
985 1979 1127 2021 minus
1153 1977 1352 2021 minime’
1379 1978 1566 2033 positivo
1593 1979 1765 2019 tantum
1792 1976 2042 2032 iungantur:

332 2051 447 2106 quod
484 2052 633 2093 tamen
670 2053 773 2092 tunc
805 2051 1061 2093 observatur
1093 2051 1130 2092 si
1161 2052 1378 2105 ponantur
1409 2049 1462 2091 ad
1496 2051 1776 2105 augmentum
1808 2048 1917 2090 istae
1950 2061 2041 2101 par-

333 2123 511 2177 ticulae3
555 2124 657 2164 tunc
702 2122 816 2164 enim
859 2122 1063 2165 vitiosam
1107 2122 1274 2164 faciunt
1319 2121 1615 2164 elocutionem.
1676 2121 1866 2162 ceterum
1909 2118 1946 2160 si
1990 2118 2043 2160 ad

333 2194 686 2249 exaequationem
717 2194 885 2249 positae
918 2194 1024 2249 sint,
1055 2194 1239 2248 possunt
1263 2192 1331 2235 vel
1356 2192 1651 2247 comparativo
1678 2191 1747 2233 vel
1774 2189 2041 2246 superlativo

428 2340 451 2370 4
476 2346 609 2371 aevum
638 2363 647 2371 .
668 2360 705 2371 ..
732 2335 914 2382 noscitur]
941 2334 987 2370 cf.
1014 2334 1098 2371 Isid.
1126 2346 1177 2371 or.
1204 2333 1237 2369 V
1264 2337 1320 2379 38,
1345 2337 1368 2368 4
1405 2322 1428 2380 ΙΙ“
1454 2337 1474 2368 9
1502 2331 1678 2378 oestrum]
1706 2342 1831 2377 georg.
1859 2330 1911 2365 II'I
1938 2334 2005 2366 148
2029 2329 2041 2378 Η

336 2387 379 2419 18
406 2383 566 2430 Statius]
592 2381 905 2437 Theb.·1v·165n
933 2386 978 2418 22
1003 2382 1144 2428 legitur
1168 2382 1206 2417 in
1232 2382 1313 2417 arte
1339 2392 1370 2416 e.
1396 2393 1432 2426 q.
1459 2381 1511 2463 a]
1531 2379 1577 2417 cf.
1599 2379 1700 2415 Serv.
1728 2390 1859 2415 comm.
1885 2378 1924 2414 in
1949 2378 2041 2415 Don.

332 2443 368 2476 p.
390 2435 471 2475 431,
495 2434 554 2475 14;
581 2430 688 2466 Prob.
709 2431 829 2465 metit.
850 2432 917 2466 art.
938 2443 974 2476 p.
996 2434 1052 2475 73,
1066 2434 1105 2474 93
1130 2428 1224 2465 Don.
1243 2441 1280 2474 p.
1300 2432 1371 2476 834
1385 2440 1456 2473 eq.;
1514 2439 1612 2473 omp.
1633 2439 1765 2463 comm.
1784 2439 1820 2472 p.
1843 2430 1910 2461 156
1925 2438 1977 2471 sq.
1998 2425 2041 2462 K.

431 2566 449 2596 1
478 2561 593 2597 etiam
619 2590 627 2597 .
649 2590 657 2598 .
680 2589 688 2597 .
715 2561 940 2607 quibusdam
966 2572 1032 2597 om.
1059 2559 1148 2596 LH
1170 2560 1269 2605 (adol.
1295 2559 1323 2605 l)
1358 2560 1371 2605 ΙΙ
1407 2558 1515 2594 illum
1540 2558 1581 2593 F
1614 2559 1626 2605 ΙΙ
1663 2556 1793 2592 dicunt
1817 2556 1871 2592 F:
1905 2554 2043 2591 dicitur

333 2608 465 2645 SRM
481 2610 493 2655 ΙΙ
510 2620 619 2654 posse
645 2620 710 2644 om.
739 2609 880 2644 LHM
897 2610 1003 2655 (add.
1031 2609 1057 2655 l)
1076 2610 1128 2654 112
1154 2607 1234 2643 uita
1258 2607 1358 2642 HM
1374 2608 1386 2652 ΙΙ
1405 2605 1579 2652 protendi
1603 2616 1713 2651 posse
1739 2604 1788 2639 M
1801 2605 1813 2651 11
1831 2603 1951 2639 solum
1976 2603 2006 2639 S
2028 2603 2040 2694 Η

335 2661 356 2691 3
381 2656 690 2701 imaginationem
715 2655 818 2692 uitae
847 2657 896 2691 M
923 2657 936 2702 u
972 2660 995 2690 4
1019 2656 1193 2691 scholium
1218 2655 1268 2690 ad
1293 2665 1425 2690 aevum
1451 2665 1469 2689 e
1497 2653 1704 2689 Turonensi
1727 2652 1842 2687 edidit
1866 2651 2006 2686 Daniel

335 2708 356 2739 5
381 2702 549 2740 nascitur
572 2702 712 2739 Daniel
735 2705 747 2750 ΙΙ
777 2704 849 2739 hoc
873 2704 986 2739 modo
1011 2703 1151 2739 Daniel
1177 2704 1189 2749 ΙΙ
1219 2702 1393 2748 yppolyti
1421 2702 1454 2736 T
1476 2702 1488 2748 ΙΙ
1519 2706 1540 2737 6
1566 2700 1738 2736 Virbium
1764 2728 1772 2736 .
1794 2727 1802 2735 .
1824 2725 1831 2732 .
1857 2698 2041 2744 tangitur]

335 2752 384 2787 ad
408 2762 496 2787 vers.
526 2754 593 2787 762
620 2752 665 2786 ab
691 2751 766 2786 alio
790 2751 833 2786 in
861 2751 1068 2786 Tua-onensi
1091 2751 1213 2786 eadem
1237 2751 1294 2785 his
1317 2749 1435 2785 verbis
1459 2749 1650 2793 adscripta
1673 2750 1760 2783 sunt
1790 2745 1941 2792 quidam
1966 2745 2040 2780 uir-

334 2799 437 2834 bium
462 2798 689 2844 intellegunt
714 2798 832 2833 solem
857 2797 961 2832 cuius
988 2799 1067 2844 (sic)
1095 2798 1200 2833 nefas
1226 2798 1283 2832 est
1308 2795 1494 2842 attingere
1526 2794 1616 2841 quia
1646 2795 1702 2830 sol
1733 2804 1935 2839 numquam
1960 2793 2042 2828 tan-

334 2846 436 2892 gitur
453 2845 467 2892 ΙΙ
487 2851 507 2882 7
533 2845 653 2881 solum
683 2845 717 2880 T
737 2847 843 2890 (corr.
864 2844 1017 2888 Daniel)
1035 2847 1048 2890 ΙΙ
1067 2850 1088 2880 8
1113 2846 1268 2890 propter
1293 2844 1395 2889 quod
1419 2844 1558 2879 Daniel
1575 2845 1588 2888 ΙΙ
1608 2847 1649 2877 11
1678 2841 1846 2887 exponit]
1873 2842 1912 2876 et
1934 2839 2043 2886 ponit

335 2894 364 2930 S
381 2895 395 2939 ll
412 2895 452 2929 to
479 2893 608 2929 aution
634 2893 663 2929 S
699 2893 736 2928 io
762 2893 868 2928 ation
892 2892 929 2927 R
954 2890 1009 2937 (τὸ
1037 2893 1158 2927 αἴτιον
1184 2894 1226 2927 in
1248 2903 1363 2937 mai-9.
1383 2891 1536 2936 Daniel)
1561 2889 1699 2926 toition
1723 2888 1758 2923 L
1795 2889 1835 2923 to
1861 2887 1979 2923 aition
2001 2887 2046 2922 H
2068 2922 2069 2925 ,

335 2953 378 2976 το
405 2941 608 2977 aetion-M
642 2940 822 2976 troaition
841 2939 882 2974 F
897 2941 909 2986 ΙΙ
931 2943 972 2974 12
1000 2939 1245 2985 gallimachus
1264 2939 1294 2975 S
1322 2938 1604 2974 callimmachus
1624 2937 1661 2972 R
1692 2936 1908 2972 callimacus
1927 2934 2016 2969 LH
2031 2934 2042 2980 Η

336 2989 434 3024 aicia
457 2988 494 3023 R
532 2988 626 3023 aitia
651 2987 740 3023 LH
772 2986 877 3032 dytia
897 2988 947 3022 M
982 2987 1095 3021 etiam
1122 2986 1162 3021 F
1177 2987 1190 3031 ΙΙ
1211 2990 1253 3021 13
1279 2987 1453 3021 scholium
1478 2986 1527 3021 ad
1552 2997 1582 3021 v.
1606 2988 1673 3020 779
1700 2996 1718 3019 e
1739 2983 1945 3018 Turonensi
1968 2982 2041 3017 edi—

335 3037 392 3072 dit
415 3036 555 3071 Daniel
585 3037 597 3082 ΙΙ
635 3039 678 3070 15
705 3047 825 3071 sncws
850 3034 983 3070 RHF
1004 3035 1016 3080 ΙΙ
1054 3033 1219 3078 seginius
1244 3033 1285 3068 F
1306 3035 1318 3079 Η
1357 3038 1399 3068 16
1425 3034 1587 3068 terretur
1612 3032 1653 3067 F
1680 3033 1692 3078 ΙΙ
1731 3035 1771 3065 17
1798 3030 1835 3064 id
1862 3031 1918 3064 est
1943 3029 2039 3075 agit]

335 3095 493 3120 AESTVAT
518 3083 552 3118 L
589 3082 661 3117 Ast
686 3082 767 3128 agit
791 3083 837 3117 H
855 3083 911 3118 ita
934 3085 977 3117 ut
1000 3094 1023 3116 A
1043 3085 1127 3126 post
1152 3081 1320 3115 additum
1343 3081 1392 3115 sit
1423 3082 1434 3126 ΙΙ
1466 3079 1562 3126 agit]
1590 3079 1714 3123 agitur
1739 3077 1768 3112 S
1804 3076 1969 3121 agitatur
1993 3077 2006 3110 l
2030 3076 2041 3122 ΙΙ

335 3145 427 3167 ἰντο
453 3130 494 3166 F
515 3131 528 3178 ΙΙ
557 3133 601 3165 18
627 3141 779 3175 corpore
805 3131 893 3165 libri
917 3129 1068 3175 pectore
1093 3128 1317 3172 eoeemplaria
1341 3128 1522 3162 nonnulla
1547 3127 1585 3161 et
1608 3127 1689 3160 toto
1716 3125 1936 3168 despectans
1963 3135 2041 3158 ver-

335 3180 408 3214 tice
433 3178 576 3214 bellum
601 3177 745 3212 Statius
763 3179 775 3224 ΙΙ
805 3181 847 3212 19
872 3187 1077 3212 nmmumvn
1102 3175 1142 3210 F
1158 3176 1170 3221 ΙΙ
1202 3178 1247 3209 22
1273 3174 1411 3219 legitur
1438 3203 1445 3209 .
1466 3201 1474 3208 .
1497 3203 1503 3209 .
1530 3183 1680 3218 pugnae
1705 3182 1770 3207 om.
1793 3171 1836 3206 H
1851 3172 1863 3217 ΙΙ
1890 3174 1935 3206 23
1961 3169 2039 3205 iun-

335 3227 474 3272 guntur
493 3225 521 3260 S
528 3225 568 3260 F
595 3225 770 3271 iugantur
789 3225 839 3260 M
852 3226 864 3271 11
882 3229 929 3260 24
953 3223 1095 3269 tamen]
1123 3224 1213 3258 tunc
1232 3221 1273 3256 F
1299 3223 1445 3258 tantum
1472 3221 1651 3256 Heinsius
1669 3221 1681 3267 ΙΙ
1701 3218 1957 3255 obseruabitur
1977 3216 2039 3264 ΒΗ

335 3278 381 3310 25
408 3272 645 3320 equationem
671 3272 711 3307 F
739 3273 751 3319 ΙΙ
781 3272 811 3307 si
836 3283 902 3308 om.
925 3273 974 3306 M
997 3272 1095 3318 (add.
1115 3272 1163 3315 m)
