2092 3614
269 254 354 296 618
1043 249 1204 286 SERVII

269 378 361 406 men
391 366 430 406 et
457 364 505 406 de
535 363 737 405 sacerdote
766 361 937 415 flamine
966 361 1107 415 accipi,
1139 360 1211 414 qui
1241 359 1354 413 apice
1384 362 1580 401 utuntur:
1617 360 1725 412 quod
1752 359 1800 401 iu
1829 361 1974 412 quarto

266 437 430 490 plenius
460 435 613 477 dictum
644 437 721 476 est:
753 447 854 475 uam
883 432 1096 475 subiunxit
1125 430 1284 473 ‘vertice
1313 429 1486 473 oristae’.
1577 447 1707 474 malm
1733 430 1779 472 id
1801 433 1859 472 est
1883 443 1975 472 cum

270 508 423 561 impetu
453 506 626 549 veniens.

389 578 489 621 495.
538 595 712 621 REFERRI
738 578 784 620 id
812 580 871 619 est
900 579 1008 619 retro
1036 575 1152 628 ferri.

226 659 246 690 5
391 650 490 692 496.
541 661 702 692 MVLTA
733 661 882 692 IOVEM
907 661 965 690 ΕΤ
992 658 1126 690 LAEsr
1152 658 1385 689 TESTATvs
1411 657 1639 689 FOEDERIS
1666 656 1783 688 ARAs
1815 644 1976 688 ‘multa'

265 737 345 778 pro
378 721 597 764 ‘mu-ltum'.
659 721 761 763 licet
790 720 971 762 haberet
1002 719 1162 761 iustam
1195 726 1382 761 eausam·
1402 717 1664 772 iracundiae,
1697 717 1811 772 quod
1842 718 1885 759 et
1914 716 1978 759 fu-

274 794 424 850 giebat
448 793 631 847 Turnus,
663 794 707 834 et
732 792 824 847 ipse
851 791 1136 847 adpetebatur
1161 790 1340 846 insidiis,
1371 805 1459 832 non
1484 792 1631 831 tamen
1656 792 1754 831 ante
1782 788 1980 844 prorupit

274 866 319 908 in
351 865 524 919 bellum,
556 879 686 920 quam
717 864 834 907 Iovis
865 863 993 906 fidem
1027 865 1070 904 et
1101 863 1218 905 laesa
1249 861 1423 906 foedera
1453 863 1699 904 testaretur.

393 937 492 978 497.
542 953 686 979 mcmos
708 937 780 991 qui
804 937 910 978 iuter
934 936 1072 989 ipsum
1096 937 1319 988 sequentem
1343 937 1381 975 et
1403 934 1625 988 fuyieutem
1647 932 1835 974 Turnum
1854 931 1982 973 medii

207 1017 250 1048 10
275 1010 323 1052 de
351 1008 531 1051 hostibus
562 1011 692 1050 eraut.
781 1025 914 1050 MARTE
944 1024 1117 1050 SEcvzvoo
1150 1022 1371 1049 Tfflzfflssats
1392 1008 1527 1059 potest
1552 1007 1590 1046 et
1614 1003 1769 1046 ‘Marte
1793 1001 1980 1046 securido’

276 1081 493 1135 distinqui,
530 1083 577 1122 ut
610 1083 804 1134 sequatur
841 1078 1051 1121 ‘terribilis
1081 1077 1260 1121 saevam'
1293 1081 1330 1120 et
1359 1080 1508 1127 eetera;
1539 1078 1672 1130 potest
1701 1078 1739 1117 et
1768 1075 1900 1129 iuuyi,
1937 1077 1985 1116 ut

277 1154 332 1196 sit
361 1151 519 1195 ‘Marte
548 1153 720 1195 secundo
752 1149 971 1193 terribilis?

395 1224 495 1266 498.
545 1235 705 1267 NVLLo
731 1234 1005 1266 DISCRIMINE
1031 1232 1223 1263 CAEDEM
1249 1232 1466 1264 svsorrAr
1498 1219 1727 1262 indiscrete
1754 1218 1985 1260 obtruncat

279 1295 515 1350 universos,
547 1295 702 1351 quibus
735 1296 834 1337 ante
867 1293 962 1349 pari
993 1295 1244 1349 pepercerat
1276 1292 1415 1335 modo.

210 1375 252 1407 15
396 1367 498 1409 499.
546 1376 726 1408 IRARVM
758 1376 972 1407 HABENAS
1005 1366 1285 1420 potestatem,
1316 1363 1586 1415 facultatem,
1618 1363 1664 1405 id
1693 1365 1751 1405 est
1779 1363 1868 1404 irae
1890 1376 1984 1416 per-

279 1439 406 1481 mittit
434 1438 640 1481 saeviendi
671 1437 841 1479 liberam
864 1439 1115 1490 potestatem,
1148 1437 1196 1478 ut
1223 1434 1272 1491 <1
1299 1434 1384 1490 63>
1416 1436 1466 1476 et
1496 1448 1726 1489 premere
1759 1436 1809 1476 et
1840 1434 1984 1476 laxas

281 1510 442 1553 sciret
475 1509 594 1551 dare
626 1509 798 1551 iussus
829 1508 1071 1550 habenas.
1136 1509 1179 1549 et
1209 1506 1279 1563 bie
1311 1506 1529 1548 moderate
1560 1506 1728 1548 locutus
1763 1507 1845 1547 est:
1884 1519 1985 1547 nam

281 1582 449 1624 Ennius
482 1580 709 1623 effundit
739 1580 934 1622 irarum
968 1578 1252 1634 quadrigas
1285 1577 1405 1619 dixit.

401 1653 499 1696 500.
549 1663 653 1703 Qvls
680 1664 785 1694 MIHI
811 1664 935 1695 NVNC
961 1663 1051 1694 Tor
1078 1662 1260 1693 AOERBA
1279 1661 1401 1693 DEvs
1429 1665 1478 1692 ac
1503 1649 1541 1691 si
1568 1648 1743 1691 diceret:
1769 1662 1846 1691 neo
1866 1663 1989 1690 musa

211 1733 256 1764 20
282 1740 360 1767 nee
398 1725 555 1780 Apollo
595 1724 823 1766 sufficiunt.
886 1716 1051 1765 Statius
1093 1722 1255 1764 maior
1296 1722 1354 1764 ab
1395 1720 1579 1763 Aoniis
1621 1721 1866 1763 sumenda
1907 1720 1987 1762 de-

283 1797 478 1839 mentia
508 1796 660 1838 lueis:
693 1810 883 1838 meeum
917 1809 1091 1837 omnes
1124 1794 1308 1835 audete
1341 1793 1474 1836 deae.

403 1868 502 1911 502.
551 1879 695 1919 INQVE
727 1878 869 1911 vlcEM
907 1868 952 1909 in
991 1866 1146 1909 vicem:
1183 1880 1284 1908 nam
1323 1864 1435 1921 ‘que'
1474 1866 1610 1907 vacat.
1671 1864 1750 1907 alii
1788 1862 1890 1918 ‘que’
1923 1877 1988 1907 ex-

278 1942 475 1995 pletivum
506 1940 829 1983 coniunctionem
860 1939 1078 1992 accipiunt.

404 2012 504 2055 503.
554 2012 754 2054 TANTON’
786 2022 985 2053 PLAcvrr
1019 2020 1322 2052 OONOVRRERE
1352 2020 1399 2050 Μ.
1430 2020 1457 2050 1.
1497 2007 1762 2063 apostropha
1798 2021 1890 2049 cum
1923 2020 1991 2049 ex-

215 2092 260 2124 25
286 2085 532 2128 clamatioue.
564 2083 617 2126 ad
647 2083 806 2126 Iovem.
869 2096 973 2124 sane
1006 2079 1190 2123 ‘tanton'
1223 2079 1332 2123 ‘ton'
1365 2079 1730 2122 circumflectitur:
1761 2093 1862 2120 nam
1894 2093 1991 2120 eum

286 2172 363 2212 per
396 2154 709 2211 apostrophum
741 2168 963 2209 apocopen
995 2152 1128 2195 verba
1159 2152 1398 2207 patiuntur,
1430 2151 1466 2193 is
1500 2151 1571 2206 qui
1604 2151 1649 2191 in
1674 2150 1844 2206 integra
1869 2153 1991 2205 parte

287 2228 439 2279 fuerat,
472 2228 721 2282 perseverat
752 2227 966 2268 accentus.
1052 2259 1070 2278 †
1100 2222 1157 2279 ,25
1226 2223 1294 2286 ἕ,
1458 2253 1516 2270 ,ff
1550 2231 1591 2261 s*
1668 2216 1777 2269 ,ζ’ψ,
1801 2224 1856 2266 ῥ’(ῗ
1968 2223 2015 2265 «fs

1256 2275 1266 2281 r
1355 2257 1389 2285 (Ὺ

407 2297 505 2341 505.
555 2314 708 2340 AENEAS
737 2313 868 2340 RVTVL
877 2312 932 2338 VM
958 2312 1164 2338 SVCRONEM
1195 2294 1410 2348 descriptio
1446 2307 1523 2347 per
1562 2293 1724 2336 alterna
1763 2293 1912 2347 divisa,
1947 2295 1995 2334 ut

386 2420 428 2451 18
454 2414 613 2461 Ennius]
640 2426 724 2450 ann.
751 2427 785 2450 v.
811 2417 881 2449 464
906 2412 1015 2448 Vahl.
1042 2414 1054 2459 ΙΙ
1086 2417 1130 2448 20
1157 2411 1328 2459 Statius]
1344 2411 1459 2447 Theb.
1486 2410 1519 2445 X
1544 2414 1613 2446 830

388 2527 404 2557 1
433 2521 496 2568 de]
524 2521 571 2555 da
595 2521 636 2555 F
662 2523 675 2565 ΙΙ
705 2525 726 2555 2
753 2522 802 2556 ad
826 2531 943 2555 mcrrA
967 2531 994 2555 s.
1020 2531 1051 2554 v.
1078 2519 1261 2554 uiolenter
1285 2517 1441 2553 incitata
1464 2517 1605 2552 iactata
1631 2516 1665 2551 T
1690 2517 1702 2561 ΙΙ
1733 2520 1755 2551 4
1780 2517 1880 2551 retro
1906 2515 1994 2551 ferri

289 2571 371 2606 hab.
403 2569 436 2604 T
457 2570 468 2615 ΙΙ
500 2572 520 2603 5
547 2568 736 2614 usumve]
765 2582 795 2603 r.
823 2569 909 2621 libri
926 2568 939 2612 11
970 2568 1019 2602 ad
1043 2578 1159 2602 Mva
1183 2565 1455 2619 «Qu-muitum
1479 2565 1603 2599 iouem
1633 2564 1666 2598 T
1687 2565 1699 2610 ss
1731 2568 1751 2598 6
1777 2564 1875 2608 quod
1903 2563 1991 2598 effu-

291 2618 420 2664 giebat
444 2616 531 2651 RH
538 2616 586 2651 M
614 2618 627 2662 ΙΙ
658 2620 677 2651 7
704 2615 914 2660 prorumpit
937 2614 976 2649 in
1001 2614 1045 2649 H
1077 2614 1248 2660 prorupit
1272 2612 1337 2648 1lle
1362 2624 1402 2647 m
1429 2613 1475 2647 M
1505 2613 1517 2657 ΙΙ
1554 2616 1574 2646 9
1601 2612 1649 2647 ad
1674 2622 1819 2646 INVAmr
1845 2624 1879 2645 Μ,
1906 2622 1933 2646 s.
1959 2622 1991 2646 v.

293 2678 376 2701 cum
400 2664 543 2710 impetu
569 2663 785 2709 aggreditur
809 2662 952 2698 medios
978 2662 1043 2707 qui
1068 2663 1165 2697 inter
1190 2661 1311 2706 ipsum
1332 2689 1338 2695 .
1362 2688 1368 2694 .
1391 2688 1398 2695 .
1419 2661 1526 2695 erant
1549 2660 1581 2693 T
1598 2662 1609 2704 ΙΙ
1630 2663 1672 2694 13
1698 2658 1900 2694 indiscreto
1921 2658 1961 2692 F
1981 2657 1993 2705 ΙΙ

295 2716 339 2748 14
364 2723 562 2748 conuersos
587 2711 623 2746 R
653 2712 665 2757 11
697 2712 808 2746 antea
834 2709 875 2745 F
902 2711 915 2755 ss
946 2709 1027 2755 pari
1052 2713 1084 2745 et
1108 2709 1219 2745 modo
1244 2719 1310 2745 om.
1337 2708 1374 2744 R
1405 2709 1416 2754 ΙΙ
1448 2711 1490 2742 15
1517 2707 1692 2752 memus]
1720 2706 1830 2741 modo
1855 2705 1994 2741 irarum

293 2762 456 2796 habenas
483 2760 566 2795 add.
594 2759 630 2794 R
649 2760 660 2805 ΙΙ
691 2759 740 2794 ad
765 2770 898 2794 fflAnvM
922 2770 956 2793 H.
983 2769 1009 2792 s.
1036 2769 1068 2793 v.
1095 2756 1134 2791 id
1161 2758 1217 2792 est
1243 2784 1251 2792 .
1275 2783 1309 2791 ..
1337 2756 1561 2802 potestatem
1591 2754 1624 2789 T
1638 2755 1650 2801 ΙΙ
1682 2758 1725 2790 17
1753 2765 1838 2789 nam
1863 2752 1993 2788 ennius

292 2808 347 2843 ait
370 2808 507 2843 irarum
535 2806 681 2842 effunde
708 2805 908 2851 quadrigas
933 2804 974 2839 F
1001 2806 1013 2850 ΙΙ
1046 2809 1088 2839 19
1114 2805 1220 2839 schol.
1247 2805 1296 2839 ad
1320 2815 1353 2839 v.
1379 2807 1448 2839 500
1474 2813 1540 2838 orn.
1567 2802 1607 2837 F
1634 2805 1646 2846 u
1677 2806 1722 2836 20
1748 2801 1896 2846 appello
1922 2800 1959 2835 A
1983 2800 1992 2845 ΙΙ

293 2855 477 2891 sufficient
501 2854 537 2889 R
561 2855 574 2899 ΙΙ
604 2854 651 2889 ab
678 2864 770 2888 onus
796 2853 832 2888 R
870 2852 917 2888 ab
943 2851 1035 2887 aoiis
1060 2852 1111 2887 M
1128 2853 1140 2899 ΙΙ
1172 2850 1360 2887 dementia
1385 2851 1488 2886 libri:
1514 2849 1671 2885 audacia
1696 2849 1838 2884 Statius
1867 2849 1878 2894 ΙΙ
1908 2859 1934 2882 s.
1960 2859 1992 2882 υ.

295 2907 363 2939 500
390 2913 462 2937 non
487 2902 582 2937 nulli
607 2902 742 2937 acerba
766 2901 866 2936 mala
891 2900 1079 2945 accipiunt
1099 2900 1176 2934 siue
1197 2899 1347 2935 acerbas
1367 2898 1499 2933 caedes
1521 2925 1528 2932 .
1547 2896 1716 2942 plerique
1741 2895 1910 2931 absolute
1933 2895 1966 2929 T
1983 2894 1994 2941 ΙΙ

294 2954 338 2985 22
371 2951 421 2985 ad
449 2962 557 2989 movn
589 2962 699 2985 vrcmu
729 2960 754 2987 s,
782 2960 814 2984 v.
845 2958 915 2993 que
945 2949 1056 2982 uacat
1088 2947 1259 2992 quamuis
1291 2945 1402 2981 multi
1433 2945 1657 2991 expletiuam
1690 2945 1758 2978 hoc
1791 2944 1872 2978 loco
1898 2942 1994 2977 aeci-

294 2998 402 3043 piant
424 2997 457 3031 T
471 2998 482 3043 11
501 3000 548 3032 24
567 2997 616 3032 ad
635 3008 773 3032 muron
791 3007 819 3032 s.
837 3007 869 3031 v.
889 2995 1117 3040 apostropha
1142 2994 1191 3028 ad
1215 2994 1339 3029 iouem
1365 3005 1449 3029 eum
1469 2992 1738 3027 exclamatione
1761 2990 1792 3024 T
1810 2992 1822 3035 ΙΙ
1841 2993 1884 3025 25
1911 2990 1993 3036 ton]

296 3057 343 3081 on
368 3044 523 3087 RHM,
554 3055 620 3079 om.
641 3044 681 3079 F
715 3045 726 3090 ΙΙ
763 3048 808 3079 26
834 3042 1100 3089 apostropham
1134 3043 1187 3077 vel
1212 3041 1442 3087 apostrofam
1469 3041 1573 3082 libri,
1605 3050 1695 3075 corr.
1724 3037 1772 3073 F.
1798 3038 1996 3073 Schoellius

295 3094 329 3129 d.
357 3104 390 3128 α.
418 3093 440 3127 l.
467 3093 490 3127 l.
510 3103 550 3137 10·
580 3095 646 3126 140
666 3092 678 3137 ll
696 3091 742 3138 is]
770 3091 868 3126 unde
893 3091 952 3125 his
978 3090 1022 3124 H
1035 3091 1047 3135 11
1066 3090 1104 3124 in
1130 3101 1195 3125 om.
1222 3089 1311 3124 RH
1315 3089 1354 3123 F
1369 3090 1381 3135 ΙΙ
1410 3092 1454 3123 27
1481 3087 1691 3133 perseverat
1717 3085 1908 3131 accentus]
1935 3095 1994 3120 ac-

296 3141 426 3175 centus
452 3141 618 3175 mutatur
637 3138 677 3173 F
692 3140 704 3184 ΙΙ
723 3138 913 3185 accentus]
941 3138 983 3172 ut
1010 3137 1208 3180 ‘tantone’‚
1234 3136 1319 3172 inde
1343 3136 1386 3171 fit
1412 3134 1573 3171 ‘tanton'
1601 3135 1643 3169 ut
1668 3134 1707 3168 et
1731 3134 1836 3178 (Aen.
1858 3132 1891 3167 X
1911 3134 1994 3175 668)

299 3187 461 3223 ‘tanton'
490 3191 548 3223 nie
575 3186 728 3222 crimine
753 3185 921 3232 dignum'
950 3185 1034 3221 add.
1050 3185 1088 3219 D
1106 3186 1118 3230 ΙΙ
1137 3188 1182 3220 28
1203 3185 1252 3220 ad
1270 3195 1301 3219 v.
1322 3186 1390 3219 505
1417 3181 1617 3227 descriptio
1643 3182 1700 3217 est
1722 3191 1789 3226 per
1814 3180 1995 3215 alternam

298 3235 519 3271 diuisionem
545 3234 646 3270 facta
669 3236 712 3269 ut
737 3233 859 3270 solent
883 3231 1053 3268 historici
1081 3231 1114 3267 T
1128 3233 1140 3278 ΙΙ
1166 3232 1210 3267 ut
1234 3242 1300 3267 om.
1321 3231 1361 3266 F
