2124 3600
266 1029 309 1061 10

268 1386 311 1418 15

269 1744 315 1776 20

273 2102 319 2133 25

332 269 390 311 38
1106 268 1267 305 SERVH

332 377 571 420 oblativum
609 379 694 432 est,
731 377 826 420 ideo
865 377 973 420 dixit
1004 377 1173 421 ‘forte'.
1234 378 1343 420 bene
1383 379 1526 420 autem
1565 393 1591 420 a
1622 377 1833 420 columbis
1867 377 2040 421 Aeneae

332 449 459 491 datur
497 449 745 505 augurium,
786 451 830 491 et
860 449 1042 492 Veneris
1082 449 1171 491 filio
1214 451 1257 490 et
1293 448 1405 504 regi:
1445 463 1547 490 nam
1589 448 1642 491 ad
1683 463 1808 505 reges
1848 449 2041 504 pertinet

333 517 628 562 columbarum
661 520 908 575 augurium,
947 520 1049 575 quia
1080 534 1316 574 numquam
1349 519 1465 562 solae
1498 521 1614 575 sunt,
1657 520 1769 562 sicut
1804 535 1883 562 nec
1920 534 2042 576 reges

334 591 519 646 quidem.

457 663 552 705 191.
602 674 702 704 IPSA
731 673 815 705 SVB
843 674 934 705 ORA
967 663 1123 717 perite,
1155 676 1209 703 ne
1242 662 1278 703 si
1303 661 1478 718 longius
1504 662 1718 718 volarent,
1749 676 1836 705 non
1862 663 1914 704 ad
1946 677 2043 705 eum

333 734 547 790 pertinere
591 734 855 776 viderentur:
899 748 1000 776 nam
1043 732 1176 775 moris
1222 735 1314 775 erat
1358 735 1406 774 ut
1444 734 1668 787 captantes
1708 733 1889 789 auguria
1926 736 2044 776 certa

335 806 418 848 sibi
451 805 595 861 spatia
626 805 923 861 designarent,
955 804 1111 860 quibus
1144 804 1348 846 volebant
1380 803 1562 846 videnda
1594 804 1646 846 ad
1679 819 1724 846 se
1756 805 1984 860 pertinere.

457 878 551 920 193.
601 888 847 919 MATERNAS
880 875 1041 918 Veneri
1074 877 1364 931 consecratas,
1399 878 1577 931 propter
1607 876 1743 917 fetum
1774 876 2045 931 frequentem

335 950 379 991 et
409 948 583 991 coitum.

385 1031 389 1035 ’
459 1020 553 1062 194.
605 1031 645 1062 SI
671 1031 765 1070 QVA
788 1031 867 1062 VIA
893 1030 976 1061 EST
1010 1018 1046 1060 si
1076 1020 1141 1060 est
1167 1018 1291 1060 ratio.
1340 1019 1383 1060 et
1414 1017 1502 1060 iam
1534 1032 1585 1059 ex
1616 1017 1697 1060 hoc
1728 1018 1823 1060 loco
1858 1033 1950 1061 esse
1982 1019 2046 1062 in-

336 1091 441 1146 cipit
472 1091 784 1146 inpetrativum
816 1091 929 1146 quod
962 1090 1103 1131 fuerat
1135 1089 1387 1132 oblativum.
1485 1100 1761 1140 CVRSVMQVE
1786 1102 1872 1132 PER
1898 1102 2044 1134 AVRAS

337 1161 539 1205 ‘cursum'
573 1161 744 1204 vocavit
774 1162 983 1218 impetum
1012 1163 1054 1202 et
1080 1160 1207 1202 eundi
1240 1160 1447 1203 officium:
1480 1175 1583 1202 nam
1608 1162 1651 1202 et
1674 1161 1849 1203 navium
1875 1176 2046 1204 cursum

337 1234 530 1276 dicimus.

460 1305 554 1348 196.
603 1317 663 1347 NE
695 1316 860 1347 Damon
898 1316 1042 1347 iznssvs
1080 1319 1134 1346 ne
1173 1303 1319 1346 desere
1358 1303 1401 1345 in
1441 1304 1569 1346 rebus
1607 1304 1796 1346 incertis.
1858 1307 1902 1347 et
1938 1305 2047 1347 bene

337 1377 383 1419 in
427 1376 546 1419 silvis
590 1377 766 1419 invocat
805 1379 1008 1430 matrem,
1053 1390 1181 1431 quam
1222 1375 1310 1417 iam
1352 1375 1434 1417 scit
1472 1375 1555 1417 sibi
1591 1375 1729 1418 visam
1768 1390 1860 1417 esse
1898 1376 2052 1418 habitu

338 1449 588 1504 venatricis,
620 1450 668 1490 ut
698 1447 743 1490 in
775 1447 914 1503 primo
949 1447 1095 1502 <314>
1128 1446 1325 1503 legimus.

460 1521 556 1562 197.
607 1531 677 1563 SIC
715 1531 919 1562 EFFATVS
962 1519 1137 1575 proprie
1175 1518 1303 1561 effata
1342 1520 1444 1560 sunt
1482 1532 1695 1574 augurum
1731 1532 1899 1573 preces:
1940 1518 2052 1561 unde

340 1605 445 1647 ager
475 1594 576 1647 post
606 1590 819 1646 pomeria,
850 1591 926 1633 ubi
958 1590 1248 1646 captabantur
1280 1590 1478 1646 auguria,
1511 1590 1735 1632 dicebatur
1766 1590 1932 1632 effatus.

339 1675 555 1707 VESTIGIA
585 1674 772 1705 PRESSIT
811 1662 912 1718 quia
945 1661 1000 1704 ad
1032 1661 1246 1717 captanda
1284 1661 1465 1717 auguria
1502 1663 1603 1716 post
1637 1675 1785 1715 preces
1823 1660 2052 1704 inmobiles

340 1735 409 1777 vel
441 1735 586 1777 sedere
618 1734 687 1776 vel
719 1736 835 1775 stare
868 1736 1189 1777 consueverant.

463 1806 558 1848 198.
611 1822 729 1848 oesfflz
738 1822 836 1848 VANS
864 1822 968 1853 QVAE
994 1822 1110 1848 SIGNA
1139 1821 1295 1848 FERANT
1323 1818 1483 1846 servare
1514 1803 1622 1845 enim
1654 1807 1690 1845 et
1723 1804 1770 1845 de
1801 1803 1909 1845 caelo
1940 1806 1978 1845 et
2006 1804 2054 1846 de

340 1877 486 1920 avibus
516 1877 632 1919 verbo
663 1891 869 1931 auyurum
900 1877 1061 1919 dicitur.
1178 1878 1270 1926 Qvo
1303 1887 1518 1917 TENDERE
1549 1886 1763 1917 PERGANT
1795 1885 2052 1917 PASOENTES

340 1949 443 1992 hinc
476 1949 563 1992 iam
596 1949 807 2004 optimum
834 1948 1103 2003 significatur
1130 1947 1377 2003 augurium,
1410 1947 1523 2002 quod
1549 1946 1797 2002 pascebant.
1847 1961 1949 1988 nam
1967 1946 2053 1988 Ro-

342 2021 459 2064 mani
490 2020 623 2063 moris
656 2020 740 2062 fuit
772 2021 815 2062 et
846 2020 890 2061 in
917 2018 1101 2061 comitiis
1129 2019 1308 2075 agendis
1336 2020 1379 2060 et
1404 2019 1450 2061 in
1476 2018 1603 2061 bellis
1636 2017 1835 2074 gerendis
1867 2012 2053 2072 pullaria

346 2095 520 2148 captare
554 2091 746 2148 auguria.
796 2091 907 2133 unde
941 2092 1008 2133 est
1033 2090 1079 2132 in
1104 2089 1227 2132 Livio
1261 2090 1375 2146 quod
1407 2105 1503 2132 cum
1531 2089 1706 2144 quidam
1739 2089 1918 2144 cupidus
1950 2089 2053 2130 belli
2123 2125 2124 2128 ,

343 2164 518 2221 gerendi
545 2179 570 2205 a
595 2163 772 2205 tribuno
805 2162 945 2218 plebis
979 2163 1196 2204 arceretur
1226 2176 1281 2203 ne
1307 2161 1407 2216 iret,
1439 2161 1579 2216 pullos
1611 2159 1737 2202 iussit
1768 2159 1947 2201 adferri:
1981 2159 2055 2214 qui

442 2321 484 2353 17
510 2315 677 2362 proprie.
695 2345 702 2352 .
718 2314 1022 2360 ‚consueueranffl
1050 2324 1164 2349 exscr.
1191 2313 1375 2359 mythogr.
1395 2311 1448 2346 III
1470 2316 1525 2357 11,
1546 2315 1587 2347 15
1608 2314 1619 2358 ΙΙ
1639 2315 1684 2348 25
1710 2312 1749 2347 in
1768 2311 1892 2358 Livio]
1919 2311 2053 2357 fragm.

347 2368 389 2400 11
420 2376 478 2410 ap.
505 2365 630 2400 Hertz.
657 2363 709 2399 IV
733 2375 769 2408 p.
795 2365 866 2398 225

441 2510 462 2542 2
489 2507 528 2542 et
551 2505 708 2542 Veneris
735 2534 742 2541 .
766 2533 774 2540 .
795 2534 802 2541 .
830 2504 1088 2541 columbarum
1113 2502 1310 2549 augurium
1335 2513 1401 2539 om.
1429 2501 1470 2537 F
1497 2503 1508 2548 ΙΙ
1541 2502 1580 2536 et
1604 2504 1689 2538 ante
1714 2501 1884 2549 Veneris]
1908 2475 1950 2538 et
1970 2502 2020 2537 M
2042 2501 2055 2549 ΙΙ

347 2558 368 2589 3
395 2554 653 2590 columborum
672 2553 746 2588 AS
771 2552 1042 2598 (columbarum
1061 2553 1099 2596 a)
1119 2552 1131 2598 ΙΙ
1149 2550 1338 2596 ifigurium
1362 2550 1399 2585 R
1424 2551 1436 2596 ΙΙ
1461 2562 1506 2585 ne
1533 2549 1650 2585 FAS
1674 2550 1758 2594 (nec
1783 2550 1821 2595 a)
1846 2551 1857 2596 ΙΙ
1888 2553 1909 2584 5
1934 2548 2055 2595 perite

347 2612 413 2637 om.
440 2600 513 2636 AS
536 2602 548 2646 11
576 2606 596 2636 6
622 2600 812 2636 uideretur
838 2599 917 2635 FG
942 2601 953 2646 ΙΙ
983 2603 1003 2635 7
1030 2599 1158 2645 spacia
1182 2599 1218 2633 A
1237 2599 1249 2644 ss
1273 2598 1474 2644 pertinere]
1502 2597 1602 2642 quod
1627 2596 1790 2642 spatium
1813 2597 1935 2632 totum
1961 2597 2053 2632 tem-

346 2649 451 2694 plum
486 2647 700 2693 appellatur
734 2649 773 2682 et
807 2648 993 2682 extremae
1031 2647 1155 2692 partes
1192 2646 1316 2681 antica
1350 2647 1388 2681 et
1422 2645 1567 2690 postica
1599 2644 1831 2680 uocabantur
1867 2645 1953 2680 add.
1978 2644 2018 2679 D
2020 2643 2055 2727 ὲ

348 2700 369 2731 8
395 2695 514 2731 fetum
541 2694 642 2729 FH:
675 2694 817 2730 foetum
844 2694 1015 2729 RSGM
1043 2695 1055 2740 ΙΙ
1092 2698 1112 2729 9
1140 2694 1179 2729 et
1202 2704 1268 2730 om.
1295 2692 1330 2729 G
1359 2693 1371 2739 ΙΙ
1410 2696 1452 2727 11
1479 2692 1697 2737 inpetritum
1723 2691 1764 2726 F
1797 2691 1994 2737 imperium

347 2741 594 2788 inpetratium
619 2742 655 2776 A
690 2743 794 2786 (corr.
821 2742 858 2785 a)
896 2742 907 2787 ΙΙ
946 2741 1154 2776 oblatiuum
1184 2741 1307 2776 fuerat
1333 2741 1383 2775 M
1416 2741 1427 2786 ΙΙ
1465 2739 1673 2775 ablatiuum
1699 2739 1788 2786 FG.
1831 2749 1900 2784 pro
1931 2739 2052 2776 estote

348 2791 433 2827 add.
452 2789 486 2825 G
510 2800 602 2834 quae
627 2789 677 2824 ad
704 2789 788 2824 ‘este
812 2788 934 2824 duces’
956 2790 1152 2833 pertinent.
1173 2789 1185 2834 ΙΙ
1210 2788 1347 2824 scholia
1372 2788 1421 2823 ad
1446 2800 1653 2828 cvnsvmovss
1677 2800 1708 2821 P.
1734 2798 1767 2822 A.
1793 2789 1826 2821 et
1850 2786 1900 2822 ad
1923 2796 1956 2822 v.
1986 2789 2052 2821 196

348 2849 415 2874 om.
443 2837 477 2873 G
504 2837 516 2884 ΙΙ
549 2840 594 2871 14
619 2835 763 2882 desere]
790 2834 895 2870 deese
921 2835 961 2869 F
986 2837 998 2881 H
1031 2839 1074 2871 15
1099 2836 1300 2871 inuocabat
1327 2835 1377 2870 M
1399 2836 1410 2881 ΙΙ
1439 2846 1551 2880 quam
1578 2864 1585 2871 .
1609 2864 1616 2871 .
1638 2861 1644 2868 .
1670 2834 1790 2870 visam
1815 2832 1913 2879 esse]
1938 2844 2053 2878 quam

348 2885 426 2921 iam
450 2884 521 2920 scit
546 2885 657 2919 antea
682 2894 721 2918 se
746 2881 865 2918 uisam
892 2892 972 2917 esse
992 2882 1033 2917 F
1048 2884 1059 2928 ΙΙ
1078 2882 1159 2918 uisa
1177 2883 1218 2918 H
1236 2883 1247 2929 ΙΙ
1267 2882 1415 2928 habitu]
1443 2882 1481 2917 in
1507 2882 1640 2917 habitu
1658 2881 1694 2916 R
1713 2882 1724 2927 ΙΙ
1746 2884 1788 2917 16
1807 2882 1851 2916 ut
1871 2908 1878 2916 .
1900 2909 1907 2917 .
1930 2908 1938 2916 .
1958 2879 2052 2927 legi-

349 2943 432 2968 mus
458 2943 524 2967 om.
539 2931 580 2966 F
595 2932 607 2978 {l
628 2934 670 2966 17
697 2930 894 2983 augurium
913 2929 993 2964 FG
1023 2929 1220 2976 augurium
1239 2930 1276 2965 A
1295 2931 1306 2976 ΙΙ
1328 2933 1371 2965 18
1397 2940 1487 2974 ager
1507 2929 1585 2964 FG
1594 2929 1656 2964 M:
1683 2938 1838 2974 aggeres
1857 2927 1975 2963 ΕΑΒ
1983 2928 2028 2963 Η
2041 2927 2054 2975 Η

349 2991 519 3039 pomeria
542 3002 579 3037 R
608 3003 670 3047 (po
695 3011 870 3047 superscr.
896 3002 994 3036 man.
1015 3011 1076 3045 pr.
1102 3004 1144 3035 ut
1167 3001 1324 3045 videtur)
1361 3000 1556 3046 pomaaria
1579 3011 1624 3035 ex
1648 2999 1838 3044 pomearia
1864 2999 1922 3033 M.
1966 2999 2051 3042 fort.

350 3050 558 3098 pomerium
577 3051 589 3096 ΙΙ
620 3048 881 3095 capitabantur
906 3047 940 3083 G
957 3047 970 3093 ΙΙ
989 3047 1181 3083 dicebatur
1205 3048 1279 3082 AS
1288 3048 1338 3082 M
1342 3062 1351 3083 ε
1378 3047 1599 3083 dicebantur
1622 3046 1848 3082 RFGHas
1879 3046 1890 3091 ΙΙ
1922 3044 2054 3080 effatus

351 3110 418 3135 om.
444 3097 479 3134 G
502 3098 514 3144 ΙΙ
547 3101 589 3133 19
614 3097 720 3132 schol.
746 3097 796 3131 ad
821 3106 983 3131 vas-nem
1007 3108 1037 3130 P.
1064 3105 1130 3131 om.
1158 3094 1191 3129 G
1218 3095 1230 3140 ΙΙ
1261 3098 1305 3129 21
1331 3095 1436 3130 schol.
1464 3096 1514 3130 ad
1539 3105 1739 3129 osssmzvms
1765 3105 1798 3132 Q).
1826 3104 1853 3127 s.
1879 3104 1911 3127 r.
1937 3093 2052 3128 edidit

351 3146 560 3191 Stephanus
595 3146 607 3191 ΙΙ
645 3143 807 3189 servare]
846 3143 1042 3179 observare
1072 3142 1211 3177 Daniel
1247 3142 1258 3186 ΙΙ
1296 3145 1339 3176 22
1372 3142 1478 3176 schol.
1505 3142 1555 3176 ad
1579 3153 1649 3180 Qvo
1674 3153 1704 3175 rr.
1730 3153 1761 3175 P.
1788 3153 1818 3176 P.
1844 3149 1911 3175 om.
1937 3139 2017 3175 FG

352 3197 398 3229 24
422 3193 495 3229 fuit
519 3192 574 3246 et]
597 3191 671 3227 fuit
694 3191 738 3226 ut
757 3191 806 3225 M
823 3191 834 3237 ΙΙ
854 3189 1017 3225 comiciis
1040 3189 1076 3224 A
1095 3190 1107 3236 ΙΙ
1125 3189 1327 3235 pullularia
1346 3188 1391 3223 H
1406 3189 1417 3234 ΙΙ
1437 3192 1481 3223 25
1508 3187 1673 3233 capitare
1693 3187 1729 3222 R
1761 3187 1956 3232 captarent
1975 3187 2025 3222 M

353 3245 398 3277 26
424 3239 578 3290 gerandi
601 3239 638 3275 R
667 3240 680 3286 ΙΙ
710 3238 912 3284 arceretur]
937 3236 1198 3283 prohiberetur
1224 3236 1275 3282 M
