2092 3614
515 288 666 325 COMM.
693 287 746 323 IN
771 288 914 324 VERG.
941 288 1052 323 AEN.
1081 288 1168 323 VIII
1195 291 1393 322 675-681.
1711 285 1797 327 299

88 399 236 442 navali
268 399 504 442 certamine
535 398 649 440 circa
680 397 856 440 Actium
886 397 1012 452 Epiri
1043 396 1409 451 promunturium:
1451 396 1525 438 ubi
1563 396 1666 439 victi
1698 398 1800 438 sunt

89 471 305 514 Antonius
345 472 387 513 et
418 469 652 525 Cleopatra
690 472 733 512 et
769 470 813 512 in
849 470 999 525 fugam
1030 468 1179 511 coacti.
1241 470 1392 522 postea
1430 468 1570 510 occiso
1604 467 1798 511 Antonio

87 543 163 585 illa
195 542 278 585 sibi
309 545 530 598 serpentes
565 542 774 584 adhibuit.
837 542 909 585 sed
943 542 1046 597 quia
1077 541 1180 584 belli
1212 539 1350 583 civilis
1382 540 1626 595 triumphus
1658 539 1797 596 turpis

88 614 278 670 videtur,
309 614 480 656 laborat
510 616 639 669 poeta
670 616 719 655 ut
743 614 900 669 probet
925 613 1084 655 iustum
1114 612 1275 654 bellum
1300 611 1453 667 fuisse,
1485 611 1629 653 dicens
1651 611 1798 666 Augu-

90 689 203 729 stum
237 701 329 728 esse
362 685 474 728 ‘cum
499 685 696 741 patribus
722 685 970 741 populoque
996 684 1226 740 penatibus
1253 686 1296 727 et
1320 683 1490 739 magnis
1517 682 1616 738 dis',
1648 684 1800 725 contra
1826 691 1846 722 5

89 773 185 801 cum
218 757 410 800 Antonio
443 757 603 799 auxilia
633 757 864 812 peregrina
896 759 940 799 et
971 759 1248 798 monstruosa
1279 755 1473 812 Aegypti
1505 753 1695 797 numina.
1758 757 1801 796 et

89 844 134 871 re
167 844 267 872 vera
298 829 342 871 in
374 829 561 871 exercitu
594 828 777 872 Antonii
809 843 958 871 omnes
991 828 1167 871 barbari
1198 827 1393 869 fuerunt:
1426 826 1540 883 quod
1573 828 1615 868 et
1646 825 1799 881 Vergi-

89 901 172 943 lius
212 901 317 944 dicit
347 899 614 956 ‘Aegyptum
646 902 841 958 viresque
873 900 1063 943 Orientis
1102 902 1231 955 atque
1268 899 1425 941 ultima
1463 913 1607 940 secum
1640 898 1801 940 Bactra

89 972 243 1015 vehit’.
306 973 417 1015 unde
451 973 583 1015 etiam
616 973 667 1015 de
698 973 781 1015 hoc
812 973 928 1015 bello
961 972 1052 1029 egit
1083 971 1371 1026 triumphum:
1413 985 1493 1013 nec
1515 969 1644 1012 'enim
1676 970 1800 1012 civile

90 1046 290 1101 putatum
330 1047 413 1099 est,
451 1044 565 1099 quod
602 1044 904 1087 tantummodo
936 1044 1135 1087 Romano
1173 1043 1278 1086 duce
1316 1046 1489 1099 gestum
1527 1044 1612 1097 est,
1654 1042 1726 1097 qui
1758 1044 1802 1083 et
1829 1049 1872 1079 10

92 1117 185 1172 ipse
211 1116 423 1159 barbarae
451 1117 667 1159 serviebat
691 1117 832 1168 uxori,
859 1116 965 1159 adeo
991 1118 1040 1159 ut
1065 1115 1282 1171 praetoria
1307 1115 1346 1156 ei
1372 1117 1514 1157 castra
1540 1114 1802 1168 concederet,

91 1203 273 1244 quorum
313 1188 386 1243 qui
422 1176 671 1243 potiebatur
708 1188 909 1243 imperio,
947 1188 1038 1244 ipse
1077 1188 1260 1230 vocabat
1298 1187 1548 1229 exercitum:
1586 1185 1698 1228 unde
1738 1187 1803 1243 est

90 1260 168 1302 illo
201 1260 296 1302 loco
329 1260 379 1302 de
413 1258 645 1315 Cleopatra
678 1259 841 1315 ‘patrio
874 1262 1000 1302 vocat
1031 1259 1205 1315 agmina
1238 1257 1409 1301 sistro':
1450 1273 1551 1299 nam
1584 1256 1802 1299 Antonius

91 1332 317 1374 consulare
355 1331 438 1374 sibi
469 1334 638 1374 tantum
678 1331 864 1373 detinuit
900 1331 1148 1387 imperium,
1189 1331 1234 1372 in
1266 1346 1350 1386 quo
1383 1330 1477 1372 sola
1510 1332 1575 1372 est
1607 1330 1801 1384 potestas

90 1403 277 1446 iubendi.
339 1403 411 1445 ille
453 1403 565 1446 enim
609 1403 727 1446 ducit
766 1404 1001 1453 exercitum
1040 1403 1113 1458 qui
1151 1402 1284 1445 habet
1320 1402 1367 1444 in
1403 1403 1620 1457 potestate
1659 1403 1802 1443 castra
1830 1408 1872 1440 15

89 1475 317 1531 praetoria.
773 1478 778 1485 ⁶

210 1548 307 1590 679.
357 1559 618 1590 PENATIssvs
657 1560 716 1589 ET
754 1559 929 1590 MAGms
968 1559 1044 1590 ms
1087 1547 1163 1590 alii
1201 1562 1333 1589 unum
1374 1546 1529 1588 volunt
1572 1560 1685 1601 esse,
1730 1545 1802 1587 alii

94 1622 316 1674 separant,
360 1622 409 1661 ut
453 1633 636 1675 magnos
682 1618 783 1661 deos
829 1619 1018 1674 accipias
1061 1618 1207 1661 Iovem
1248 1617 1488 1660 Minervam
1530 1616 1802 1671 Mercurium,

90 1705 198 1746 quos
231 1690 399 1732 Aeneas
431 1691 482 1732 de
515 1690 816 1733 Samothracia
846 1690 1037 1732 sustulit.

211 1763 309 1805 680.
357 1774 578 1804 TEMPORA
597 1773 818 1805 FLAMMAs
838 1774 993 1804 LAETA
1013 1774 1208 1806 voMVNT
1234 1761 1495 1804 naturaliter
1521 1761 1635 1803 enim
1657 1761 1802 1816 Augu·
1828 1769 1874 1800 20

96 1836 188 1876 stus
221 1834 371 1890 igneos
405 1834 552 1876 oculos
583 1834 787 1877 habuisse
820 1834 991 1888 dicitur,
1024 1834 1130 1876 adeo
1163 1837 1212 1876 ut
1242 1834 1425 1876 obtutum
1455 1834 1542 1876 eius
1571 1847 1688 1875 nemo
1713 1847 1803 1875 eon-

93 1909 159 1947 tra
197 1908 403 1959 aspectare
438 1908 592 1959 posset,
636 1906 806 1959 denique
844 1906 1018 1961 quidam
1057 1920 1186 1961 eques
1224 1905 1468 1960 Romanus,
1511 1905 1802 1960 interrogatus

93 1978 146 2020 ab
186 1992 255 2031 eo,
293 1992 369 2019 cur
402 1992 446 2019 se
482 1977 572 2020 viso
604 1979 792 2020 verteret
827 1978 1001 2033 faciem,
1044 1978 1199 2019 dixerit
1230 1976 1354 2033 ‘quia
1384 1976 1547 2019 fulmen
1580 1977 1802 2019 oculorum

92 2051 265 2091 tuorum
296 2047 409 2091 ferre
440 2063 529 2091 non
560 2048 773 2105 possum',
805 2050 918 2092 sicut
950 2050 1012 2092 ait
1045 2048 1286 2092 Suetonius.

211 2121 310 2163 681.
360 2132 596 2163 APERITVR
634 2133 836 2164 VERTIOE
876 2133 1009 2164 smvs
1053 2124 1227 2176 apparet
1262 2121 1379 2163 sidus
1418 2121 1463 2162 in
1500 2120 1677 2175 vertice,
1721 2120 1803 2162 hoc
1829 2126 1874 2157 25

92 2197 159 2236 est
190 2207 318 2249 super
350 2194 532 2248 galeam.
593 2208 694 2236 nam
727 2208 778 2235 ex
811 2208 895 2249 quo
933 2195 1130 2249 tempore
1168 2208 1246 2248 per
1283 2192 1395 2234 diem
1434 2192 1576 2234 stella·
1600 2192 1803 2251 visa-est,

93 2265 194 2307 dum
227 2265 542 2308 sacrificaretur
568 2264 729 2307 Veneri
755 2264 975 2307 Genetrici
1006 2268 1049 2307 et
1080 2264 1170 2307 ludi
1195 2264 1398 2306 funebres
1424 2263 1601 2307 Caesari
1632 2263 1803 2306 exhibe—

91 2339 258 2392 rentur,
290 2350 367 2390 per
398 2337 582 2379 triduum
612 2337 730 2379 stella
761 2338 961 2392 apparuit
990 2338 1036 2380 in
1065 2337 1344 2392 septentrione.
1407 2336 1518 2391 quod
1553 2335 1671 2377 sidus
1704 2324 1801 2378 Gae-

92 2409 202 2451 saris
232 2410 432 2464 putatum
464 2411 531 2450 est
558 2408 762 2464 'Augusto
794 2409 1096 2465 persuadente:
1127 2423 1229 2452 nani
1259 2409 1347 2451 ideo
1372 2407 1586 2462 Angustus
1618 2407 1804 2449 omnibus

92 2481 256 2531 statuis,
287 2494 391 2534 quas
420 2481 632 2523 divinitati
657 2479 847 2523 Caesaris
877 2482 1038 2532 statuit,
1069 2480 1176 2523 hanc
1205 2480 1366 2523 stellam
1390 2480 1547 2522 adiecit.
1597 2480 1682 2532 ipse
1712 2493 1803 2530 vero
1829 2485 1874 2516 30

92 2550 306 2606 Auynstus
331 2552 375 2593 in
401 2551 610 2595 honorem
638 2553 774 2608 patris
803 2553 974 2596 stellam
1000 2553 1046 2595 in
1071 2553 1196 2608 galea
1223 2553 1366 2608 coepit
1391 2552 1550 2595 habere
1576 2551 1802 2607 depictam.

189 2685 235 2716 24
262 2681 475 2728 Suetonius]
503 2682 549 2719 cf.
573 2681 638 2718 vit.
665 2680 761 2728 Aug.
790 2686 832 2718 ’19

193 2804 210 2835 1
238 2800 531 2846 promontorium
551 2800 624 2836 AS
659 2801 979 2846 promunctorium
1005 2802 1083 2837 Rm
1120 2803 1388 2848 promutorium
1414 2803 1448 2837 L
1486 2803 1802 2848 promoncturium

97 2849 146 2884 M
180 2848 463 2893 promunurium
490 2848 530 2882 F
555 2849 567 2893 ΙΙ
604 2852 624 2883 2
650 2848 690 2882 in
714 2860 781 2884 om.
808 2850 923 2885 ASL
951 2851 1049 2890 (add.
1076 2851 1134 2896 al)
1166 2852 1178 2897 ΙΙ
1214 2850 1304 2896 fuga
1328 2862 1346 2886 s
1376 2851 1387 2896 ΙΙ
1424 2850 1545 2886 coecti
1570 2851 1605 2885 A
1633 2852 1739 2896 (corr.
1766 2852 1803 2895 a)

95 2896 229 2949 coepta
255 2895 284 2931 S
309 2896 458 2941 (coepta
484 2896 542 2931 est
566 2897 598 2941 s)
629 2897 640 2942 ΙΙ
672 2900 693 2931 3
720 2896 909 2944 adhibuit]
935 2897 1000 2933 sed
1026 2898 1200 2934 antonius
1226 2910 1309 2934 cum
1336 2898 1590 2940 alexandriam
1616 2899 1804 2933 obsideret

96 2943 272 2989 (obsrderi
299 2944 451 2989 Daniel)
485 2943 632 2979 uideret
663 2945 701 2979 et
731 2944 771 2980 in
797 2956 840 2980 eo
867 2956 946 2981 esse
977 2947 1020 2981 ut
1051 2946 1134 2991 capi
1167 2948 1295 2991 posset
1326 2957 1364 2981 se
1390 2946 1515 2991 ipsum
1541 2945 1682 2981 occidit
1706 2947 1802 2981 clco-

95 2991 206 3036 patra
231 3001 320 3026 uero
348 3003 431 3026 cum
457 2991 505 3026 ad
530 2992 732 3037 augustum
757 2993 856 3027 esset
880 2992 1042 3029 adducta
1067 2994 1106 3029 et
1130 2993 1167 3028 in
1194 2993 1365 3029 custodia
1391 3005 1470 3029 esse
1496 2994 1598 3029 iussa
1620 2996 1717 3029 esset
1742 2994 1802 3027 ad-

95 3038 208 3073 motis
241 3038 312 3074 sibi
343 3041 385 3074 ut
416 3039 569 3084 putatur
601 3039 835 3085 serpentibus
867 3040 985 3076 uitam
1017 3041 1140 3076 finiuit
1170 3042 1255 3076 add.
1283 3040 1324 3075 F
1350 3042 1362 3087 ΙΙ
1400 3045 1420 3076 5
1453 3042 1549 3086 esse]
1589 3042 1701 3076 fuisse
1727 3041 1761 3074 L
1792 3040 1804 3086 Η

98 3089 118 3120 6
145 3087 354 3121 monstrosa
379 3086 519 3123 LMF
551 3089 801 3132 (monstruosa
825 3089 874 3133 m)
906 3089 918 3135 ΙΙ
957 3092 999 3124 15
1025 3088 1188 3124 iubentis
1214 3088 1251 3123 R
1288 3087 1442 3130 uiuendi
1468 3089 1509 3123 F
1538 3084 1554 3135 ἸΙ
1592 3093 1634 3123 17
1667 3088 1732 3123 alii
1764 3087 1802 3121 id

98 3144 212 3185 unum
238 3133 278 3167 F
294 3134 306 3179 ΙΙ
325 3138 368 3168 22
398 3137 587 3179 espectare
614 3135 662 3178 F,
689 3146 779 3172 corr.
807 3136 946 3177 Daniel
964 3137 976 3182 ΙΙ
995 3139 1041 3171 24
1066 3147 1262 3181 possumus
1284 3136 1329 3170 F
1344 3137 1356 3182 ss
1376 3136 1543 3172 eutonius
1569 3136 1642 3170 AS
1668 3136 1814 3179 (suetos

97 3190 180 3232 mus
204 3181 241 3225 a)
261 3182 272 3226 ΙΙ
292 3184 336 3216 28
363 3182 629 3226 septemtrione
655 3182 695 3217 F
710 3183 722 3227 ΙΙ
742 3183 859 3229 quod]
888 3183 992 3219 cuius
1019 3184 1190 3219 Serviani
1216 3183 1303 3218 libri
1321 3184 1332 3229 ΙΙ
1352 3187 1397 3219 30
1424 3184 1557 3218 statius
1585 3182 1624 3217 F
1640 3185 1652 3227 ΙΙ
1671 3181 1802 3217 divini—

97 3227 169 3261 tati
194 3229 341 3272 scripsi:
368 3228 565 3265 diuinitate
591 3229 631 3263 F
665 3231 712 3265 ob
739 3230 979 3266 diuinitatem
1005 3231 1143 3266 Daniel
1167 3232 1178 3277 ΙΙ
1207 3234 1250 3266 31
1277 3230 1317 3266 in
1343 3231 1520 3266 honorem
1545 3231 1661 3274 patris
1687 3242 1801 3274 augu—

99 3276 177 3308 stus
209 3274 355 3309 stellam
388 3276 474 3311 libri
504 3288 549 3311 ne
575 3276 811 3314 Floriaeensi
834 3279 977 3323 quidem
1002 3282 1165 3323 excepto.-
1197 3289 1416 3323 quamquam
1446 3279 1479 3313 is
1509 3278 1574 3322 qui
1605 3278 1802 3322 pleniorem
