2092 3614
238 1037 283 1068 10

239 1394 281 1425 15

235 1751 281 1782 20

236 2108 281 2140 25

311 276 397 318 348
1086 277 1247 312 SERVlI

308 390 356 428 ut
389 386 603 428 Terentius
632 388 758 440 quod
788 387 880 429 tibi
910 401 1014 429 mea
1043 400 1128 429 ars
1159 387 1361 439 efficere
1390 387 1474 429 lioc
1500 388 1660 441 possit
1687 389 1916 441 amplius.

311 475 412 500 TANT
420 475 469 499 VM
496 475 638 500 Porrzr
663 458 736 500 hoc
765 459 954 512 quamvis
984 459 1042 500 ad
1071 459 1260 500 animum
1292 458 1391 501 Nisi
1420 459 1644 513 pertineat,
1684 462 1819 501 tamen
1855 472 2016 513 sympa-

309 529 440 570 thiam
471 530 594 571 etiam
617 532 741 583 poeta
771 544 821 572 ecc
849 543 928 572 sua
951 543 1132 583 persona
1159 530 1267 582 fecit.
1978 542 1982 546 ·

426 600 526 643 425.
577 613 642 642 ME
674 612 738 642 ME
779 600 986 643 subaudis
1026 599 1318 643 ‘interficite'z
1364 602 1406 642 et
1448 603 1514 643 est
1551 601 1793 656 interrupta
1830 601 2016 644 elocutio

309 672 455 714 dolore
486 672 662 714 turbati.

426 744 527 786 427.
575 756 667 786 NEC
700 756 870 786 POTVIT
910 743 1094 786 validior
1132 743 1452 799 argumentatio
1491 759 1541 785 ex
1573 743 1928 799 inpossibilitate,
1969 747 2018 787 ut

309 815 359 868 <1
382 814 498 869 232>
531 815 651 871 quid
683 816 842 858 Troes
874 815 1117 870 potuere?
1149 815 1252 856 item
1285 814 1471 870 <1529>
1503 830 1601 857 non
1634 830 1689 857 ea
1719 816 1799 858 vis
1831 817 2017 871 animo,

307 900 397 928 nee
429 888 575 929 tanta
609 887 852 941 superbia
883 887 1049 929 victis.

426 958 526 1000 428.
575 970 766 1001 TANTVM
798 969 1048 1000 INFELIOEM
1078 970 1249 1000 NIMIVM
1275 969 1467 999 mnnxrr
1494 970 1676 1003 AMICVM
1709 961 1861 1001 contra
1892 959 2020 1001 illud:

309 1044 383 1071 cur
410 1043 511 1085 ergo
538 1029 686 1072 venit?
719 1029 838 1072 dicit:
870 1029 1043 1071 tantuin
1075 1029 1260 1072 amicum
1293 1029 1459 1084 dilexit,
1491 1033 1556 1085 ut,
1588 1045 1684 1072 cum
1715 1030 1826 1072 nihil
1857 1032 2018 1085 posset,

307 1103 454 1142 tamen
486 1101 663 1143 veniret.

426 1172 525 1214 431.
575 1183 816 1215 VOLVITVR
848 1183 1091 1214 EVRYALVS
1122 1183 1246 1214 LETO
1277 1175 1353 1214 aut
1379 1172 1586 1227 septimus
1613 1174 1696 1228 est,
1729 1175 1804 1214 aut
1828 1173 2017 1228 dativus3

308 1244 380 1285 sed
414 1243 450 1285 si
483 1243 655 1286 dativus
687 1244 837 1299 fuerit,
868 1244 1102 1299 figuratum
1136 1246 1219 1298 est,
1250 1243 1294 1285 id
1327 1246 1392 1285 est
1424 1243 1490 1285 ‘in
1522 1243 1693 1299 letum',
1727 1246 1776 1286 ut
1809 1243 1878 1299 <V
1903 1244 2017 1299 451>

307 1315 349 1356 it
381 1315 574 1358 clamor
606 1315 763 1358 caelo.

427 1387 526 1429 433.
574 1398 848 1429 PVRPVREVS
881 1398 1058 1429 VELVTI
1091 1397 1185 1429 CVM
1217 1397 1333 1429 FLOS
1367 1398 1578 1429 svcclsvs
1612 1398 1798 1429 ARATRo
1833 1386 2018 1428 habetur

307 1458 419 1500 ratio
452 1458 809 1513 comparationis:
851 1458 1020 1500 videtur
1058 1458 1173 1499 enim
1204 1457 1398 1513 Euryalo
1430 1457 1724 1512 Hyacinthum
1758 1472 2017 1512 comparare,

311 1529 384 1584 qui
416 1529 732 1585 pulcherrimus
763 1529 848 1571 fuit
880 1532 924 1572 et
955 1533 1056 1584 post
1088 1531 1272 1571 mortem
1305 1543 1536 1571 conversus
1569 1529 1613 1570 in
1644 1530 1794 1571 florem
1827 1531 1903 1571 est.

426 1601 526 1643 434.
567 1618 670 1644 LANG
682 1618 813 1644 veson*
828 1618 999 1644 uomens
1015 1601 1165 1655 duplex
1182 1601 1410 1643 similitudo
1429 1604 1467 1643 et
1476 1601 1803 1655 pulchritudinis
1821 1603 1859 1642 et
1872 1603 2017 1654 ¹aestus.

427 1672 525 1714 435.
575 1684 781 1715 LAssovn
814 1672 1060 1714 PAPAvnR'A
1092 1684 1244 1715 conno
1276 1683 1515 1714 DEMISERE
1553 1683 1701 1714 cAPVT
1736 1671 1915 1713 Homeri
1953 1673 2019 1712 est

309 1746 352 1786 et
389 1745 656 1799 comparatio
694 1746 738 1786 et
775 1744 932 1799 figura,
976 1759 1077 1786 nam
1116 1746 1159 1786 et
1194 1743 1268 1785 ille
1307 1743 1368 1786 sic
1406 1743 1485 1798 ait,
1526 1746 1575 1785 ut
1612 1744 1845 1795 multorum
1885 1757 2017 1785 unum

308 1814 468 1857 diceret
499 1818 641 1871 caput.

428 1887 527 1930 436.
579 1904 646 1930 sor
656 1904 787 1935 move
816 1905 889 1930 PER
922 1903 1049 1930 ommes
1077 1901 1135 1929 an
1158 1901 1236 1941 per
1267 1887 1484 1942 obstantes,
1516 1900 1573 1929 an
1596 1886 1877 1941 protegentes?

349 1990 363 1996 -
425 1958 526 2000 437.
576 1970 888 2001 VOLSCENTEM
913 1970 1054 2000 PETIT
1088 1958 1271 2014 appetit:
1303 1958 1534 2012 petitiones
1568 1958 1681 1999 enim
1715 1957 1886 2013 proprie
1919 1956 2017 1999 dici-

309 2044 405 2071 mus
432 2029 619 2084 impetus
646 2030 957 2085 gladiatorum,
983 2030 1096 2072 unde
1123 2028 1274 2072 Cicero
1301 2032 1424 2085 quot
1455 2042 1548 2084 ego
1582 2032 1695 2071 tuas
1728 2028 2016 2083 petitiones

307 2100 384 2142 ita
415 2101 695 2156 coniectas,
726 2104 782 2143 ut
813 2101 974 2143 vitari
1006 2101 1151 2143 nullo
1179 2101 1325 2143 modo
1352 2102 1584 2156 possent,
1616 2115 1776 2155 parva
1802 2098 2017 2155 quadam

308 2171 656 2215 declinatione
701 2175 767 2224 et,
817 2175 873 2215 ut
916 2172 1082 2224 aiunt,
1133 2187 1346 2227 corpore
1391 2171 1568 2228 effugi.
1704 2187 1887 2214 MonATVR
1924 2184 2017 2224 per-

306 2246 471 2285 severat.

405 2401 423 2431 1
451 2395 663 2443 Terentius]
692 2396 806 2432 Andr.
826 2397 843 2431 I
865 2402 896 2441 1,
916 2400 938 2432 4
957 2398 969 2443 ΙΙ
990 2401 1032 2432 19
1059 2396 1212 2432 Homeri
1238 2397 1295 2432 est
1320 2407 1348 2432 e.
1370 2408 1405 2440 q.
1427 2396 1470 2442 s.]
1498 2396 1543 2431 cf.
1563 2394 1726 2432 Macrob.
1749 2396 1825 2431 Sat.
1846 2395 1878 2430 V
1901 2398 1956 2439 10,
1973 2398 2015 2430 13

308 2444 318 2490 [A
344 2448 390 2479 24
417 2444 562 2491 Cicero]
589 2443 628 2480 in
654 2443 734 2480 Cat.
761 2444 778 2478 I
804 2449 836 2490 6,
864 2448 908 2480 15

406 2591 423 2621 1
451 2586 591 2632 possim
618 2586 659 2621 F
673 2587 685 2632 ΙΙ
710 2591 731 2622 2
758 2587 808 2622 ad
832 2599 901 2621 AVT
924 2598 1065 2622 'rAnmvn
1089 2598 1120 2621 P.
1145 2598 1175 2621 P.
1202 2598 1236 2619 1).
1262 2597 1288 2621 s.
1315 2597 1347 2622 v.
1375 2586 1547 2631 quamuis
1574 2586 1621 2621 ad
1647 2587 1813 2621 animum
1838 2585 1911 2620 nisi
1935 2596 2016 2630 per-

308 2635 429 2669 tineat
453 2634 554 2669 istud
579 2636 728 2669 tantum
752 2635 879 2668 tamen
906 2633 1135 2679 sinpathiam
1160 2633 1252 2668 facit
1278 2645 1321 2668 ex
1347 2644 1413 2668 sua
1436 2645 1596 2679 persona
1621 2635 1735 2679 poeta
1763 2633 1795 2667 T
1821 2633 1834 2678 ΙΙ
1865 2632 2016 2678 sinpha-

311 2682 393 2717 tian
419 2681 460 2716 F
488 2683 500 2728 ΙΙ
538 2686 560 2716 4
584 2682 689 2717 schol.
717 2682 766 2716 acl
789 2693 820 2716 v.
848 2685 916 2716 425
944 2691 1010 2716 om.
1038 2680 1078 2715 F
1106 2682 1117 2727 ΙΙ
1154 2684 1175 2716 5
1200 2681 1359 2727 turbati]
1388 2682 1554 2727 corrupti
1580 2682 1623 2716 Η
1650 2682 1661 2727 ΙΙ
1700 2685 1719 2717 7
1745 2680 1853 2727 item]
1880 2682 1919 2715 et
1943 2679 1984 2714 F
2006 2679 2016 2725 J!

314 2734 334 2764 9
361 2730 468 2765 schol.
495 2730 544 2765 acl
568 2740 599 2765 v.
627 2732 814 2764 428-433
840 2739 906 2764 om.
933 2728 973 2763 F
994 2730 1006 2774 ΙΙ
1040 2732 1083 2763 10
1110 2728 1286 2774 amicum]
1315 2728 1479 2764 animum
1506 2729 1551 2763 H
1565 2730 1577 2776 ΙΙ
1605 2729 1764 2764 amicum
1792 2727 1938 2774 dilexit]
1964 2726 2014 2762 in.

313 2777 338 2811 f.
365 2788 397 2811 a.
424 2776 581 2811 nimium
607 2775 741 2811 dilexit
765 2774 925 2811 amicum
952 2776 987 2810 L
1006 2777 1017 2822 ΙΙ
1039 2780 1082 2811 13
1107 2776 1227 2821 figura
1251 2776 1286 2810 L
1304 2777 1317 2829 ΙΙ
1343 2781 1386 2812 16
1412 2776 1617 2811 iacinthum
1643 2776 1699 2811 Al
1736 2775 1961 2811 iacinethum
1988 2773 2017 2808 S

313 2823 516 2858 iacinctum
543 2824 579 2858 R
616 2823 797 2859 iacintum
823 2823 858 2858 L
895 2822 1134 2867 iacynchtum
1161 2824 1205 2858 H
1236 2824 1453 2868 yacmthum
1482 2825 1531 2858 M
1559 2826 1571 2869 ss
1607 2828 1649 2859 17
1676 2834 1871 2858 conuersus
1899 2823 1953 2856 est
1976 2821 2015 2855 in

313 2870 443 2905 florem
471 2872 517 2905 M
537 2873 548 2917 ΙΙ
570 2875 612 2906 18
638 2870 899 2930 pulcritudinis
925 2870 959 2905 G
977 2871 990 2915 ΙΙ
1011 2876 1052 2906 19
1080 2883 1266 2906 ΒωιεεΕΒΕ
1292 2871 1365 2906 AS
1401 2883 1567 2906 mmmmm
1592 2871 1679 2905 LH
1682 2869 1756 2905 Ma
1775 2871 1787 2915 ΙΙ
1815 2873 1858 2903 21
1886 2868 2014 2914 caput]

315 2916 444 2964 μήκων
477 2914 514 2952 δ’
549 2914 597 2958 ὣς
633 2917 789 2963 ετέρωσε
828 2916 924 2963 κάρη
962 2915 1090 2965 βάλειν
1124 2947 1132 2954 .
1158 2947 1165 2954 .
1195 2946 1202 2953 .
1235 2917 1372 2962 πήληκι
1409 2918 1602 2966 βαρυνθέν
1638 2918 1702 2962 (Il.
1730 2916 1815 2951 VIII
1839 2919 1908 2951 306
1927 2917 2015 2961 sqq.)

314 2967 399 3001 add.
426 2965 465 2999 D
490 2966 503 3010 ss
534 2970 577 3000 22
606 2968 654 3002 ad
678 2979 744 3001 PER
770 2979 800 3001 o.
826 2977 852 3001 s.
877 2977 908 3000 v.
935 2977 1001 3010 per
1027 2966 1217 3001 obstantes
1247 2966 1280 3000 T
1296 2967 1308 3012 ss
1333 2977 1377 3001 ac
1401 2967 1638 3011 protegentes
1665 2965 1697 2999 G
1722 2965 1733 3010 ΙΙ
1765 2967 1809 2999 23
1834 2964 1940 2999 schol.
1967 2963 2016 2998 ad

314 3025 540 3048 vonscsnmu
563 3025 595 3048 Ρ.
621 3025 686 3049 om.
714 3014 754 3048 F
787 3014 799 3060 u
834 3013 1036 3058 petitiones
1061 3014 1185 3059 vulgo:
1217 3015 1322 3058 petas
1348 3014 1436 3048 libri
1470 3014 1482 3059 ΙΙ
1518 3016 1564 3047 24
1594 3011 1692 3047 unde
1718 3012 1758 3046 et
1782 3011 1902 3046 cicero
1928 3011 1978 3045 M
2003 3009 2016 3057 11

315 3060 416 3105 quod
441 3059 573 3095 RLH
588 3062 599 3106 ΙΙ
625 3065 669 3096 25
697 3060 884 3096 conicetas
909 3060 997 3095 LH
1010 3062 1022 3105 ΙΙ
1046 3072 1155 3105 posse
1179 3060 1396 3095 uiderentur
1422 3059 1604 3095 Ciceronis
1629 3060 1716 3094 libri
1733 3059 1745 3105 ss
1769 3059 1953 3103 quaedam
1978 3058 2015 3093 R

316 3110 422 3152 (corr.
448 3107 599 3152 Daniel)
638 3108 789 3153 quidem
814 3108 857 3143 H
877 3109 890 3154 ΙΙ
921 3112 966 3143 26
992 3107 1263 3143 declamatione
1289 3108 1325 3142 R
1351 3109 1457 3151 (corr.
1482 3106 1633 3151 Daniel)
1660 3109 1671 3152 ΙΙ
1702 3116 1856 3151 corpore
1883 3105 2012 3152 effugi]

316 3166 516 3200 corporeae
530 3150 571 3189 Ἃ
609 3167 763 3201 corpore
790 3166 820 3192 e.
841 3156 870 3191 S
907 3154 1200 3202 corporee‘ffugi
1221 3155 1257 3190 R
1283 3155 1357 3200 (sed
1375 3153 1468 3199 ffugi
1492 3155 1576 3189 adol.
1592 3154 1742 3197 Daniel)
1782 3165 1961 3199 coporeae
1980 3153 2015 3188 L

315 3205 374 3248 (ae
399 3204 465 3238 del.
490 3206 524 3238 et
549 3203 711 3238 exedunt
734 3214 836 3248 supr.
862 3214 930 3239 scr.
957 3203 982 3245 l)
1020 3213 1172 3248 corpore
1197 3203 1243 3237 H
1276 3206 1454 3248 corporea
1478 3201 1619 3236 excessi
1646 3201 1702 3236 M.
1741 3202 1841 3237 haud
1865 3201 1939 3236 scio
1963 3212 2014 3236 an

314 3250 464 3287 Servius
487 3250 673 3296 scripserit
698 3261 875 3296 corporea
901 3262 931 3286 e.
963 3251 975 3297 ΙΙ
1006 3251 1055 3286 ad
1079 3262 1246 3286 nonuvn
1269 3261 1297 3286 s.
1324 3260 1356 3285 v.
1381 3250 1597 3295 perseuerat
1623 3248 1656 3283 Τ
