2092 3614
556 233 706 270 COMM.
734 233 785 269 IN
811 233 954 271 VERG.
983 233 1092 270 AEN.
1119 233 1152 268 X
1180 237 1377 270 175—179.
1734 234 1822 277 409

114 345 246 386 ditum
275 344 337 386 vel
365 344 600 386 abstrusum
629 344 695 386 sit.
745 358 802 386 an
832 344 1079 399 hyperbolice
1110 346 1272 386 tantam
1302 344 1369 386 illi
1398 344 1612 386 scientiam
1642 344 1823 387 siderum

113 415 174 458 vel
203 418 429 458 ceterarum
459 429 563 469 quas
593 416 702 458 dixit
727 429 866 458 rerum
891 430 989 471 esse,
1019 418 1068 458 ut
1089 415 1127 458 ei
1148 428 1299 468 parere
1323 416 1558 471 videantur,
1588 417 1695 459 sicut
1723 416 1821 458 diei-

112 500 206 528 mus
235 489 344 529 artes
373 487 619 540 quibusdam
649 500 730 529 esse
759 486 988 530 subiectas?
1002 486 1025 512 '¹‘

233 558 329 600 177.
379 575 574 601 PRAESAGI
600 575 793 601 FVLMJNIS
822 576 939 602 serves
982 556 1204 613 ‘praesayi'
1241 558 1390 611 futura
1432 559 1732 610 denuntiantis,
1775 561 1822 600 ut

111 630 164 672 cle
188 630 319 672 caelo
351 632 510 671 tactas
540 629 739 671 memini
760 630 1051 684 praedicere
1075 643 1291 683 quercus.
1335 633 1392 672 est
1415 631 1525 672 enim
1549 630 1683 683 mom·
1706 630 1820 684 filius

107 702 284 756 fulmen,
321 702 368 744 de
397 714 475 755 quo
506 703 667 742 tantum
703 701 853 751 futura
883 704 1125 753 noscuntur,
1161 703 1209 742 ut
1236 701 1284 743 in
1314 704 1451 743 octavo
1483 701 1628 756 <429>
1653 702 1820 755 plenius

109 773 157 814 de
189 772 383 825 fulminis
414 771 630 826 yeneribus
666 771 819 814 dictum
856 775 923 814 est.
986 771 1065 814 alii
1094 785 1177 814 non
1213 772 1351 826 ipsum
1385 772 1544 825 fulmen
1567 787 1820 828 praesayum

108 844 331 898 accipiunt,
361 843 431 886 sed
460 857 524 886 eos
547 856 788 898 praesayos,
819 843 891 897 qui
920 843 1016 885 inde
1043 843 1193 896 futura
1217 844 1473 897 praedicunt.

231 915 325 957 178.
375 926 512 956 RAPIT
544 915 707 970 raptim
740 914 870 958 ducit.
990 926 1171 958 DENSOS
1204 926 1312 958 ACIE
1354 915 1399 956 in
1438 915 1527 957 acie
1560 915 1817 958 constrictos

107 989 151 1029 et
182 987 450 1029 coniunctos.

227 1059 323 1100 179.
373 1069 588 1099 ALPHEAE
633 1069 692 1099 AB
738 1070 935 1101 ORIGINE
978 1070 1111 1101 PISAE
1155 1057 1350 1114 Alpheus
1394 1058 1552 1101 fluvius
1596 1061 1662 1101 est
1703 1058 1817 1101 inter

106 1128 228 1171 Pisas
255 1131 298 1171 et
323 1128 504 1184 Elidem,
529 1129 730 1171 civitates
757 1128 983 1184 Arcadiae,
1008 1130 1083 1172 ubi
1113 1131 1180 1171 est
1204 1130 1415 1186 templum
1441 1129 1555 1173 Iovis
1583 1129 1814 1186 Olympici:

105 1215 156 1241 ex
188 1200 342 1255 quibus
382 1201 487 1243 loeis
528 1203 738 1242 venerunt
776 1201 847 1255 qui
879 1200 1003 1243 Pisas
1041 1201 1086 1243 in
1117 1200 1250 1243 Italia
1282 1201 1583 1256 condiderunt,
1621 1201 1757 1244 dictas
1790 1217 1816 1243 a

104 1272 279 1314 civitate
314 1271 518 1327 pristina,
550 1271 662 1314 unde
694 1286 805 1314 nunc
836 1271 1001 1314 addidit
1033 1272 1157 1315 ‘urbs
1182 1273 1370 1315 Etrusca
1403 1272 1532 1327 solo’,
1563 1288 1660 1323 cum
1692 1288 1815 1328 prae-

101 1343 292 1386 misisset
325 1342 534 1398 ‘Alpheae
567 1344 621 1385 ab
655 1342 832 1399 Origine
864 1343 1025 1388 Pisae'.
1080 1358 1180 1387 sane
1210 1344 1335 1387 Pisas
1364 1345 1594 1398 antiquitus
1625 1345 1810 1386 conditas

99 1429 127 1457 a
150 1414 426 1468 Peloponneso
448 1415 661 1469 profectis,
693 1415 754 1457 vel
783 1415 835 1457 ab
862 1414 928 1457 his
951 1416 1024 1469 qui
1048 1429 1140 1457 cum
1165 1415 1314 1469 Pelope
1338 1416 1384 1457 in
1409 1416 1578 1458 Elidem
1608 1420 1813 1458 venerunt.

99 1486 177 1528 alii
201 1485 366 1540 Pisum,
392 1483 600 1527 Celtarum
631 1499 782 1541 reyem,
810 1486 941 1539 fuisse
965 1486 1178 1540 Apollinis
1203 1485 1458 1541 Hyperborei
1487 1487 1624 1541 filium
1655 1490 1693 1528 et
1721 1501 1814 1529 cum

99 1556 358 1600 Samnitibus
388 1556 536 1599 bellum
562 1549 748 1612 gessisse,
779 1571 807 1599 a
836 1570 1013 1611 quorum
1043 1558 1205 1613 reyina,
1241 1572 1345 1612 quae
1367 1561 1464 1612 post
1493 1558 1678 1612 coniuyis
1708 1572 1813 1601 mor-

99 1632 177 1671 tem
201 1629 372 1683 imperio
397 1632 657 1685 successerat,
688 1632 906 1683 receptum,
937 1629 983 1671 in
1009 1629 1188 1671 Etruria
1212 1630 1409 1684 oppidum
1433 1643 1507 1672 suo
1531 1630 1697 1672 nomine
1721 1644 1812 1672 con-

97 1701 260 1743 didisse.
305 1701 384 1743 alii
413 1701 441 1754 †
457 1701 587 1743 locum
611 1714 660 1743 ex
684 1701 754 1743 deo
777 1701 973 1755 priviyno
1000 1701 1203 1756 yenitum,
1233 1701 1419 1743 iuvenem
1449 1700 1606 1743 viribus
1637 1702 1811 1756 maynis,

98 1772 226 1815 Pisas
262 1772 487 1814 condidisse
523 1772 654 1815 aiunt.
717 1770 817 1814 Cato
855 1772 1064 1826 oriyinum
1099 1773 1173 1826 qui
1203 1771 1329 1815 Pisas
1366 1772 1572 1814 tenuerint
1606 1776 1701 1815 ante
1737 1773 1811 1816 ad-

95 1846 260 1886 ventum
296 1842 590 1898 Etruscorum,
633 1846 755 1898 neyat
792 1843 872 1886 sibi
914 1847 1170 1897 conpertum‚·
1214 1844 1285 1887 sed
1325 1844 1506 1886 inveniri
1545 1844 1810 1901 Tarchonem,

99 1915 311 1971 Tyrrheno
342 1915 584 1967 oriundum,
615 1918 834 1969 postquam
865 1915 1082 1957 eorundem
1112 1929 1336 1958 sermonem
1367 1915 1531 1970 ceperit,
1561 1915 1687 1959 Pisas
1717 1930 1806 1959 con—

189 2048 210 2080 5
237 2044 283 2080 de
310 2044 430 2091 caelo]
455 2043 539 2080 buc.
565 2044 582 2078 Ι
610 2048 652 2080 17
671 2045 684 2091 ΙΙ
711 2048 756 2080 21
784 2044 877 2104 Cato
903 2043 1106 2091 originum]
1133 2045 1167 2079 ΙΙ
1195 2048 1238 2079 13
1265 2044 1374 2089 Iord.‚
1401 2047 1447 2080 45
1467 2044 1544 2080 Pet.

190 2167 208 2198 1
239 2162 315 2199 han
340 2163 572 2208 hiperbolioe
598 2163 639 2198 F
665 2165 678 2209 ΙΙ
714 2166 737 2198 4
760 2174 910 2198 masma
935 2175 1099 2199 pnvmms
1126 2164 1207 2209 (sic)
1233 2163 1360 2198 futura
1385 2163 1645 2198 denunciantis
1672 2164 1713 2199 ut
1739 2191 1746 2199 .
1768 2191 1775 2199 .
1798 2192 1805 2199 .

93 2222 251 2256 quercus
270 2211 351 2246 hab.
366 2211 415 2245 M
432 2212 444 2257 ΙΙ
462 2211 512 2246 ad
530 2222 703 2246 PRAssAor
721 2222 749 2246 s.
761 2222 794 2247 v.
807 2211 935 2246 futura
953 2211 1253 2256 praenuntiantis
1272 2211 1305 2245 T
1321 2213 1333 2256 n
1352 2223 1445 2245 mnus
1462 2210 1502 2245 F
1517 2211 1529 2256 ΙΙ
1549 2215 1569 2246 5
1592 2211 1689 2246 Iovis
1708 2211 1806 2246 filius

90 2259 231 2294 Daniel
268 2258 365 2294 Iovis
386 2258 501 2293 solius
525 2259 742 2294 Masvicius.
781 2269 987 2303 quercus.
1023 2269 1182 2303 quercus
1208 2259 1306 2293 enim
1328 2260 1384 2293 est
1403 2258 1512 2303 lovis,
1538 2257 1639 2293 illius
1665 2258 1806 2294 fulmen

93 2333 100 2341 .
118 2334 126 2342 .
143 2334 151 2342 .
171 2307 385 2350 noscuntur,
408 2308 447 2340 ut
466 2305 504 2340 in
524 2306 643 2351 primo
657 2306 756 2351 <42>
776 2305 918 2341 dictum
938 2308 1012 2341 est:
1035 2309 1075 2341 at
1093 2307 1131 2341 in
1151 2307 1283 2342 octavo
1300 2333 1307 2340 .
1323 2334 1330 2341 .
1346 2332 1354 2340 .
1375 2305 1515 2341 dietum
1536 2307 1593 2341 est
1606 2306 1652 2340 F.
1664 2306 1805 2342 Schoel-

91 2355 162 2390 lius
187 2356 244 2389 est
267 2354 394 2388 autem
413 2353 627 2406 Iovisillud
647 2353 787 2407 fulmen
869 2380 877 2388 .
897 2356 1111 2407 noscuntur,
1138 2355 1180 2389 ut
1201 2381 1208 2388 .
1230 2379 1237 2388 .
1262 2381 1267 2388 .
1289 2353 1430 2388 dictum
1451 2355 1508 2407 est
1527 2354 1686 2397 seclusis,
1712 2365 1775 2400 eqo
1793 2355 1804 2435 ‘¹

92 2406 111 2436 7
137 2401 287 2436 fulmini
307 2400 347 2435 F
363 2402 375 2447 ΙΙ
394 2404 415 2435 9
442 2401 590 2435 ducltur
609 2400 659 2435 M
672 2402 684 2446 ΙΙ
703 2413 742 2436 in
768 2411 848 2436 acie
876 2402 1093 2436 constrictos
1114 2401 1152 2436 et
1176 2412 1243 2437 om.
1259 2400 1311 2445 F,
1337 2401 1557 2437 commotos
1581 2403 1620 2436 et
1645 2412 1710 2436 om.
1727 2403 1776 2436 M
1793 2386 1804 2448 l

92 2452 134 2483 11
155 2459 270 2484 usi-:A
288 2447 381 2482 AM
385 2447 425 2483 F
440 2449 452 2494 ss
470 2460 591 2484 PJSGAE
605 2449 642 2484 A
662 2451 768 2492 (corr.
785 2449 823 2493 a)
850 2461 969 2484 pxssu:
984 2449 1019 2483 L
1038 2449 1051 2493 ss
1073 2453 1114 2484 13
1136 2448 1272 2496 dictas]
1295 2449 1415 2484 dictas
1436 2450 1563 2484 autem
1576 2448 1612 2483 L
1637 2450 1813 2495 appella—-

89 2497 147 2531 tas
163 2496 212 2530 M
218 2495 258 2530 F
273 2496 285 2541 ΙΙ
315 2499 359 2531 14
379 2495 476 2530 unde
496 2495 645 2531 addidit
663 2507 728 2532 om.
744 2495 780 2531 R
799 2496 811 2542 ΙΙ
835 2507 932 2531 nuno
950 2497 1032 2531 hab.
1050 2497 1099 2531 M
1115 2497 1127 2543 ΙΙ
1153 2496 1258 2532 addit
1283 2496 1370 2531 LH
1384 2498 1396 2542 ΙΙ
1427 2500 1469 2531 15
1491 2496 1590 2532 alfea
1610 2497 1659 2531 M
1676 2498 1688 2542 fl
1714 2508 1803 2532 sane

89 2543 194 2579 Pisas
214 2568 222 2578 .
239 2571 270 2578 ..
292 2542 575 2588 cognominavit
592 2544 674 2579 hab.
696 2543 730 2578 T
746 2544 758 2590 ΙΙ
777 2542 983 2588 antiquitas
1006 2544 1039 2578 T
1062 2544 1067 2590 1
1089 2547 1132 2579 16
1157 2543 1383 2589 pelopenose
1405 2543 1446 2578 F
1473 2543 1718 2589 peloponesso
1742 2545 1775 2578 T
1792 2545 1803 2590 {f

89 2602 170 2626 cum
198 2589 336 2636 Pelope
362 2590 399 2625 in
427 2590 588 2636 Elidem]
616 2603 698 2626 cum
727 2590 861 2636 pelope
889 2590 1025 2627 elidem
1121 2603 1203 2627 eum
1229 2590 1366 2636 pelope
1394 2591 1528 2626 elidem
1553 2590 1591 2626 T.
1631 2602 1716 2627 cum
1735 2591 1802 2627 Pe-

89 2638 175 2683 lope
208 2636 340 2673 Lidem
374 2637 512 2673 Daniel
555 2649 639 2673 cum
665 2638 822 2674 Nestore
854 2639 901 2673 ad
929 2638 1037 2673 Ilium
1071 2639 1163 2674 coni.
1191 2638 1397 2674 Salmasius
1426 2639 1527 2674 Plin.
1554 2650 1667 2674 eoeerc.
1689 2651 1728 2683 p.
1754 2643 1800 2674 43

88 2686 166 2720 coll.
194 2684 316 2720 strab.
342 2684 376 2719 V
399 2696 436 2729 p.
464 2688 533 2719 222
566 2686 666 2729 (cum
700 2685 858 2720 Nestore
891 2685 939 2721 ab
970 2685 1040 2721 Ilio
1074 2687 1295 2730 Masvicius)
1333 2696 1421 2721 sane
1453 2685 1556 2721 Pisas
1594 2686 1801 2730 antiquitus

88 2732 257 2768 conditas
284 2732 391 2767 aiunt
415 2743 438 2767 a
463 2731 607 2767 Pisanis
633 2743 652 2767 e
678 2731 935 2778 Peloponneso
966 2733 1145 2778 profectis
1171 2732 1350 2769 videlicet
1374 2733 1421 2769 ab
1448 2733 1506 2768 his
1532 2733 1596 2778 qui
1621 2744 1705 2768 cum
1731 2734 1797 2768 Pe-

88 2780 172 2826 lope
200 2779 240 2814 in
264 2778 414 2814 Elidem
447 2780 627 2814 venerunt
654 2779 845 2815 Cluverius
868 2779 957 2815 Ital.
984 2783 1061 2816 ant.
1086 2781 1120 2816 ΙΙ
1143 2792 1180 2826 p.
1207 2784 1277 2817 464
1307 2782 1320 2825 ΙΙ
1359 2785 1401 2816 17
1428 2792 1562 2826 pysum
1592 2780 1626 2815 T
1651 2782 1663 2827 Η
1700 2781 1796 2826 iper-

88 2827 190 2863 borei
215 2827 256 2861 F
289 2826 486 2872 yperborei
515 2826 548 2860 T
564 2828 577 2873 ΙΙ
605 2829 647 2861 18
675 2826 919 2873 Samnitibus]
947 2827 1144 2873 Liguribus
1170 2829 1263 2864 coni.
1292 2826 1482 2864 Cluverius
1508 2829 1530 2863 l.
1558 2829 1579 2863 l.
1600 2829 1612 2873 ΙΙ
1630 2830 1796 2874 gestasse

87 2875 225 2910 Daniel
243 2875 256 2921 u
276 2878 319 2909 19
346 2873 503 2919 imperio
524 2874 733 2919 sumpserat
756 2874 797 2911 T.
822 2875 977 2910 voluisse
995 2876 1140 2912 videtur
1158 2877 1335 2922 interpres
1360 2876 1558 2921 imperium
1585 2877 1797 2921 sumpserat

87 2923 96 2966 ji
129 2922 175 2958 de
207 2933 273 2958 suo
299 2921 447 2957 nomine
476 2920 668 2957 Cluverius
703 2921 715 2967 ΙΙ
751 2924 797 2956 20
822 2920 964 2976 locum]
996 2922 1119 2958 losum
1144 2923 1323 2969 Hayenus
1349 2934 1366 2958 e
1394 2923 1600 2959 Turonensi
1625 2925 1795 2967 enotavit,

86 2980 148 3014 eqo
174 2969 297 3005 locum
323 2969 393 3016 legi
410 2970 423 3014 ΙΙ
442 2973 486 3004 21
514 2968 730 3004 condedisse
757 2968 797 3003 F
813 2969 825 3015 ΙΙ
845 2972 928 3004 cato
953 2981 991 3004 m
1019 2969 1223 3016 originibus
1254 2971 1287 3005 T
1323 2967 1413 3005 Cato
1440 2970 1626 3016 originum
1651 2971 1667 3005 I
1695 2970 1794 3006 Com-

86 3017 239 3052 melinus
268 3017 283 3062 ΙΙ
310 3016 443 3052 tenuef
469 3016 503 3052 G
539 3018 741 3052 tenuerunt
765 3016 904 3051 Daniel
932 3017 946 3061 ΙΙ
977 3020 1022 3052 22
1047 3017 1207 3053 inueniri
1237 3018 1283 3053 T:
1310 3018 1496 3053 inuenerit
1521 3018 1568 3053 F.
1606 3018 1795 3053 invenitur

87 3064 179 3098 coni.
206 3063 396 3101 Iov-danus
421 3064 518 3110 prol.
545 3075 584 3109 p.
612 3063 692 3099 XLI
730 3064 742 3109 ΙΙ
778 3063 1023 3099 tharchonem
1056 3064 1097 3100 F
1130 3066 1142 3111 ΙΙ
1179 3069 1223 3100 23
1256 3065 1431 3109 thyrreno
1459 3064 1500 3100 F
1539 3066 1689 3109 tyrreno
1719 3064 1752 3099 G
1783 3065 1794 3111 Η

86 3110 289 3146 eui-undem
309 3121 519 3147 sermonum
540 3110 588 3147 F.
626 3112 826 3156 postquam
852 3121 979 3146 eorum
1005 3111 1172 3148 locorum
1198 3112 1405 3148 dominium
1426 3113 1568 3158 ceperit
1588 3111 1794 3147 Salmasius

86 3158 111 3192 l.
136 3158 159 3192 l.
198 3161 395 3203 postquam
429 3159 631 3194 eorundem
657 3158 847 3203 regionem
873 3159 1112 3204 occupaverit
1137 3159 1328 3195 Cluverius
1353 3160 1375 3196 l.
1403 3161 1425 3195 l.
1464 3161 1510 3204 cf.
1538 3160 1698 3195 Iordani
1728 3160 1793 3195 ad-

86 3205 236 3239 notatio.
271 3205 355 3248 fort.
380 3207 581 3251 postquam
606 3205 729 3241 locum
756 3205 944 3241 desertum
968 3217 1079 3242 manu
1107 3207 1247 3253 ceperit
1551 3215 1553 3217 “

1846 639 1867 671 5

1846 996 1889 1028 10

1842 1354 1885 1386 15

1837 1711 1883 1742 20
