<?xml version="1.0" encoding="UTF-8"?>
<!DOCTYPE html PUBLIC "-//W3C//DTD XHTML 1.0 Transitional//EN"
    "http://www.w3.org/TR/xhtml1/DTD/xhtml1-transitional.dtd">
<html xmlns="http://www.w3.org/1999/xhtml" xml:lang="en" lang="en">
 <head>
  <title>
</title>
<meta http-equiv="Content-Type" content="text/html;charset=utf-8" />
  <meta name='ocr-system' content='tesseract 3.04.00' />
  <meta name='ocr-capabilities' content='ocr_page ocr_carea ocr_par ocr_line ocrx_word'/>
</head>
<body>
  <div class='ocr_page' id='page_1' title='image "./invergiliicarmin02servuoft_0127.png"; bbox 0 0 2124 3600; ppageno 0'>
   <div class='ocr_carea' id='block_1_1' title="bbox 501 259 1775 302">
    <p class='ocr_par' dir='ltr' id='par_1_1' title="bbox 501 259 1775 302">
     <span class='ocr_line' id='line_1_1' title="bbox 501 259 1775 302; baseline 0.002 -2"><span class='ocrx_word' id='word_1_1' title='bbox 501 263 654 300; x_wconf 88' lang='lat' dir='ltr'><strong>COMM.</strong></span> <span class='ocrx_word' id='word_1_2' title='bbox 678 263 733 300; x_wconf 89' lang='lat' dir='ltr'><strong>IN</strong></span> <span class='ocrx_word' id='word_1_3' title='bbox 756 262 900 299; x_wconf 79' lang='lat' dir='ltr'><strong>VERG.</strong></span> <span class='ocrx_word' id='word_1_4' title='bbox 927 261 1038 297; x_wconf 85' lang='lat' dir='ltr'>AEN.</span> <span class='ocrx_word' id='word_1_5' title='bbox 1064 261 1114 297; x_wconf 88' lang='lat' dir='ltr'><strong>VI</strong></span> <span class='ocrx_word' id='word_1_6' title='bbox 1141 265 1341 298; x_wconf 79' lang='lat'>789-806.</span> <span class='ocrx_word' id='word_1_7' title='bbox 1691 259 1775 302; x_wconf 85' lang='lat'><strong>113</strong></span> 
     </span>
    </p>
   </div>
   <div class='ocr_carea' id='block_1_2' title="bbox 58 370 1848 2074">
    <p class='ocr_par' dir='ltr' id='par_1_2' title="bbox 61 370 1777 500">
     <span class='ocr_line' id='line_1_2' title="bbox 64 370 1777 430; baseline -0.002 -14"><span class='ocrx_word' id='word_1_8' title='bbox 64 373 309 430; x_wconf 84' lang='lat' dir='ltr'><strong>signiferi</strong></span> <span class='ocrx_word' id='word_1_9' title='bbox 349 373 560 429; x_wconf 84' lang='lat' dir='ltr'><strong>regione</strong></span> <span class='ocrx_word' id='word_1_10' title='bbox 601 373 727 428; x_wconf 92' lang='lat' dir='ltr'><strong>poli,</strong></span> <span class='ocrx_word' id='word_1_11' title='bbox 769 371 875 414; x_wconf 90' lang='lat' dir='ltr'><strong>nisi</strong></span> <span class='ocrx_word' id='word_1_12' title='bbox 913 371 1117 427; x_wconf 77' lang='lat' dir='ltr'><strong>poplite</strong></span> <span class='ocrx_word' id='word_1_13' title='bbox 1156 371 1303 425; x_wconf 87' lang='lat' dir='ltr'><strong>lapso</strong></span> <span class='ocrx_word' id='word_1_14' title='bbox 1344 370 1531 412; x_wconf 89' lang='lat' dir='ltr'><strong>ultima</strong></span> <span class='ocrx_word' id='word_1_15' title='bbox 1572 370 1777 413; x_wconf 87' lang='lat' dir='ltr'><strong>curvati</strong></span> 
     </span>
     <span class='ocr_line' id='line_1_3' title="bbox 61 444 777 500; baseline -0.003 -13"><span class='ocrx_word' id='word_1_16' title='bbox 61 445 370 500; x_wconf 90' lang='lat' dir='ltr'><strong>procederet</strong></span> <span class='ocrx_word' id='word_1_17' title='bbox 400 444 595 500; x_wconf 89' lang='lat' dir='ltr'><strong>ungula</strong></span> <span class='ocrx_word' id='word_1_18' title='bbox 625 444 777 486; x_wconf 90' lang='lat' dir='ltr'><strong>tauri.</strong></span> 
     </span>
    </p>

    <p class='ocr_par' dir='ltr' id='par_1_3' title="bbox 62 513 1778 642">
     <span class='ocr_line' id='line_1_4' title="bbox 182 513 1778 569; baseline -0.002 -11"><span class='ocrx_word' id='word_1_19' title='bbox 182 516 278 558; x_wconf 83' lang='lat'><strong>797.</strong></span> <span class='ocrx_word' id='word_1_20' title='bbox 329 527 545 567; x_wconf 78' lang='lat' dir='ltr'>TORQVET</span> <span class='ocrx_word' id='word_1_21' title='bbox 579 514 775 557; x_wconf 90' lang='lat' dir='ltr'><strong>sustinet.</strong></span> <span class='ocrx_word' id='word_1_22' title='bbox 896 526 1058 558; x_wconf 78' lang='lat' dir='ltr'><strong><em>APTVM</em></strong></span> <span class='ocrx_word' id='word_1_23' title='bbox 1094 513 1303 569; x_wconf 86' lang='lat' dir='ltr'><strong>vicinum,</strong></span> <span class='ocrx_word' id='word_1_24' title='bbox 1343 515 1392 555; x_wconf 93' lang='lat' dir='ltr'><strong>ut</strong></span> <span class='ocrx_word' id='word_1_25' title='bbox 1428 513 1614 556; x_wconf 85' lang='lat' dir='ltr'><strong>diximus</strong></span> <span class='ocrx_word' id='word_1_26' title='bbox 1646 528 1778 569; x_wconf 89' lang='lat' dir='ltr'><strong>supra</strong></span> 
     </span>
     <span class='ocr_line' id='line_1_5' title="bbox 62 587 780 642; baseline -0.004 -13"><span class='ocrx_word' id='word_1_27' title='bbox 62 587 155 642; x_wconf 87' lang='lat' dir='ltr'><strong>&lt;IV</strong></span> <span class='ocrx_word' id='word_1_28' title='bbox 187 587 318 642; x_wconf 79' lang='lat'>482).</span> <span class='ocrx_word' id='word_1_29' title='bbox 776 622 780 626; x_wconf 76' lang='grc'><em>.</em></span> 
     </span>
    </p>

    <p class='ocr_par' dir='ltr' id='par_1_4' title="bbox 59 656 1817 930">
     <span class='ocr_line' id='line_1_6' title="bbox 182 656 1817 713; baseline -0.002 -12"><span class='ocrx_word' id='word_1_30' title='bbox 182 659 279 702; x_wconf 81' lang='lat'>798.</span> <span class='ocrx_word' id='word_1_31' title='bbox 328 670 414 701; x_wconf 80' lang='lat' dir='ltr'><strong>IAM</strong></span> <span class='ocrx_word' id='word_1_32' title='bbox 444 669 568 701; x_wconf 80' lang='lat' dir='ltr'>NVNC</span> <span class='ocrx_word' id='word_1_33' title='bbox 598 670 658 700; x_wconf 83' lang='lat' dir='ltr'><strong>ET</strong></span> <span class='ocrx_word' id='word_1_34' title='bbox 691 669 855 701; x_wconf 73' lang='lat' dir='ltr'><strong>CAsPIA</strong></span> <span class='ocrx_word' id='word_1_35' title='bbox 885 668 1046 700; x_wconf 76' lang='lat' dir='ltr'><strong><em>REGNA</em></strong></span> <span class='ocrx_word' id='word_1_36' title='bbox 1076 657 1183 699; x_wconf 90' lang='lat' dir='ltr'><strong>fines</strong></span> <span class='ocrx_word' id='word_1_37' title='bbox 1209 656 1509 713; x_wconf 84' lang='lat' dir='ltr'><strong>Assyriorum,</strong></span> <span class='ocrx_word' id='word_1_38' title='bbox 1539 656 1585 698; x_wconf 89' lang='lat' dir='ltr'><strong>in</strong></span> <span class='ocrx_word' id='word_1_39' title='bbox 1618 657 1774 712; x_wconf 87' lang='lat' dir='ltr'><strong>quibus</strong></span> <span class='ocrx_word' id='word_1_40' title='bbox 1796 662 1817 695; x_wconf 84' lang='lat'>5</span> 
     </span>
     <span class='ocr_line' id='line_1_7' title="bbox 61 727 1777 786; baseline -0.001 -14"><span class='ocrx_word' id='word_1_41' title='bbox 61 733 163 773; x_wconf 91' lang='lat' dir='ltr'><strong>sunt</strong></span> <span class='ocrx_word' id='word_1_42' title='bbox 193 727 331 773; x_wconf 83' lang='grc' dir='ltr'><strong><em>πύλαι</em></strong></span> <span class='ocrx_word' id='word_1_43' title='bbox 362 729 557 785; x_wconf 79' lang='lat' dir='ltr'><strong>Caspiae.</strong></span> <span class='ocrx_word' id='word_1_44' title='bbox 619 730 731 786; x_wconf 91' lang='lat' dir='ltr'><strong>quod</strong></span> <span class='ocrx_word' id='word_1_45' title='bbox 765 732 915 772; x_wconf 79' lang='lat' dir='ltr'><strong>&#39;autem</strong></span> <span class='ocrx_word' id='word_1_46' title='bbox 952 729 1058 771; x_wconf 90' lang='lat' dir='ltr'><strong>dicit</strong></span> <span class='ocrx_word' id='word_1_47' title='bbox 1096 743 1244 772; x_wconf 82' lang='lat' dir='ltr'><strong>verum</strong></span> <span class='ocrx_word' id='word_1_48' title='bbox 1284 731 1368 771; x_wconf 90' lang='lat' dir='ltr'><strong>est:</strong></span> <span class='ocrx_word' id='word_1_49' title='bbox 1409 743 1511 770; x_wconf 88' lang='lat' dir='ltr'><strong>nam</strong></span> <span class='ocrx_word' id='word_1_50' title='bbox 1552 731 1596 770; x_wconf 89' lang='lat' dir='ltr'><strong>et</strong></span> <span class='ocrx_word' id='word_1_51' title='bbox 1627 727 1777 771; x_wconf 85' lang='lat' dir='ltr'><strong>Sueto-</strong></span> 
     </span>
     <span class='ocr_line' id='line_1_8' title="bbox 59 800 1777 863; baseline -0.002 -18"><span class='ocrx_word' id='word_1_52' title='bbox 59 803 156 845; x_wconf 84' lang='lat' dir='ltr'><strong>nius</strong></span> <span class='ocrx_word' id='word_1_53' title='bbox 189 803 251 844; x_wconf 89' lang='lat' dir='ltr'><strong>ait</strong></span> <span class='ocrx_word' id='word_1_54' title='bbox 281 803 328 844; x_wconf 90' lang='lat' dir='ltr'><strong>in</strong></span> <span class='ocrx_word' id='word_1_55' title='bbox 360 802 450 845; x_wconf 87' lang='lat' dir='ltr'><strong>vita</strong></span> <span class='ocrx_word' id='word_1_56' title='bbox 481 800 718 863; x_wconf 82' lang='lat' dir='ltr'><strong>Caesarum</strong></span> <span class='ocrx_word' id='word_1_57' title='bbox 752 800 824 856; x_wconf 93' lang='grc' dir='ltr'><strong>&lt;ΙΙ</strong></span> <span class='ocrx_word' id='word_1_58' title='bbox 855 801 961 856; x_wconf 78' lang='lat'><strong>94),</strong></span> <span class='ocrx_word' id='word_1_59' title='bbox 1002 815 1212 857; x_wconf 89' lang='lat' dir='ltr'><strong>responsa</strong></span> <span class='ocrx_word' id='word_1_60' title='bbox 1249 815 1342 843; x_wconf 92' lang='lat' dir='ltr'><strong>esse</strong></span> <span class='ocrx_word' id='word_1_61' title='bbox 1380 800 1484 842; x_wconf 89' lang='lat' dir='ltr'><strong>data</strong></span> <span class='ocrx_word' id='word_1_62' title='bbox 1520 815 1598 856; x_wconf 89' lang='lat' dir='ltr'><strong>per</strong></span> <span class='ocrx_word' id='word_1_63' title='bbox 1634 802 1777 842; x_wconf 90' lang='lat' dir='ltr'><strong>totum</strong></span> 
     </span>
     <span class='ocr_line' id='line_1_9' title="bbox 60 873 972 930; baseline -0.001 -14"><span class='ocrx_word' id='word_1_64' title='bbox 60 874 226 930; x_wconf 88' lang='lat' dir='ltr'><strong>orbem,</strong></span> <span class='ocrx_word' id='word_1_65' title='bbox 257 874 378 916; x_wconf 90' lang='lat' dir='ltr'><strong>nasci</strong></span> <span class='ocrx_word' id='word_1_66' title='bbox 409 873 621 916; x_wconf 88' lang='lat' dir='ltr'><strong>invictum</strong></span> <span class='ocrx_word' id='word_1_67' title='bbox 652 873 972 928; x_wconf 72' lang='lat' dir='ltr'><strong>imperatorem.</strong></span> 
     </span>
    </p>

    <p class='ocr_par' dir='ltr' id='par_1_5' title="bbox 182 942 1618 999">
     <span class='ocr_line' id='line_1_10' title="bbox 182 942 1618 999; baseline -0.001 -12"><span class='ocrx_word' id='word_1_68' title='bbox 182 945 278 987; x_wconf 83' lang='lat'>799.</span> <span class='ocrx_word' id='word_1_69' title='bbox 328 956 540 987; x_wconf 82' lang='grc' dir='ltr'><strong>ΜΑΕΟΤΙΑ</strong></span> <span class='ocrx_word' id='word_1_70' title='bbox 572 956 751 987; x_wconf 83' lang='lat' dir='ltr'><strong>TELLVS</strong></span> <span class='ocrx_word' id='word_1_71' title='bbox 784 942 981 999; x_wconf 80' lang='lat' dir='ltr'><strong>Scythia,</strong></span> <span class='ocrx_word' id='word_1_72' title='bbox 1013 943 1133 986; x_wconf 90' lang='lat' dir='ltr'><strong>cuius</strong></span> <span class='ocrx_word' id='word_1_73' title='bbox 1164 943 1291 998; x_wconf 88' lang='lat' dir='ltr'><strong>palus</strong></span> <span class='ocrx_word' id='word_1_74' title='bbox 1324 945 1391 986; x_wconf 90' lang='lat' dir='ltr'><strong>est</strong></span> <span class='ocrx_word' id='word_1_75' title='bbox 1421 942 1618 986; x_wconf 87' lang='lat' dir='ltr'><strong>Maeotis.</strong></span> 
     </span>
    </p>

    <p class='ocr_par' dir='ltr' id='par_1_6' title="bbox 179 1015 1848 1071">
     <span class='ocr_line' id='line_1_11' title="bbox 179 1015 1848 1071; baseline -0.002 -12"><span class='ocrx_word' id='word_1_76' title='bbox 179 1017 276 1059; x_wconf 84' lang='lat'><strong>800.</strong></span> <span class='ocrx_word' id='word_1_77' title='bbox 327 1028 546 1059; x_wconf 79' lang='lat' dir='ltr'>TVRBANT</span> <span class='ocrx_word' id='word_1_78' title='bbox 577 1016 823 1058; x_wconf 72' lang='lat' dir='ltr'><strong>turbantur.</strong></span> <span class='ocrx_word' id='word_1_79' title='bbox 962 1026 1312 1058; x_wconf 79' lang='lat' dir='ltr'>SEPTEMGEMINI</span> <span class='ocrx_word' id='word_1_80' title='bbox 1343 1017 1488 1057; x_wconf 89' lang='lat' dir='ltr'><strong>autem</strong></span> <span class='ocrx_word' id='word_1_81' title='bbox 1521 1015 1777 1071; x_wconf 89' lang='lat' dir='ltr'><strong>septemflui.</strong></span> <span class='ocrx_word' id='word_1_82' title='bbox 1805 1023 1848 1054; x_wconf 94' lang='lat'><strong>10</strong></span> 
     </span>
    </p>

    <p class='ocr_par' dir='ltr' id='par_1_7' title="bbox 58 1086 1778 1346">
     <span class='ocr_line' id='line_1_12' title="bbox 178 1086 1777 1144; baseline 0 -14"><span class='ocrx_word' id='word_1_83' title='bbox 178 1088 276 1131; x_wconf 82' lang='lat'>802.</span> <span class='ocrx_word' id='word_1_84' title='bbox 327 1099 519 1130; x_wconf 76' lang='lat' dir='ltr'><strong>FIxERrr</strong></span> <span class='ocrx_word' id='word_1_85' title='bbox 545 1099 818 1130; x_wconf 80' lang='lat' dir='ltr'><strong>AERIPEDEM</strong></span> <span class='ocrx_word' id='word_1_86' title='bbox 844 1098 1031 1130; x_wconf 79' lang='lat' dir='ltr'>CERVAM</span> <span class='ocrx_word' id='word_1_87' title='bbox 1055 1102 1135 1144; x_wconf 91' lang='lat' dir='ltr'><strong>pro</strong></span> <span class='ocrx_word' id='word_1_88' title='bbox 1163 1086 1451 1143; x_wconf 71' lang='lat' dir='ltr'><strong>‘aeripedem’.</strong></span> <span class='ocrx_word' id='word_1_89' title='bbox 1500 1087 1606 1130; x_wconf 84' lang='lat' dir='ltr'><strong>vicit</strong></span> <span class='ocrx_word' id='word_1_90' title='bbox 1632 1091 1777 1130; x_wconf 83' lang='lat' dir='ltr'><strong>autem</strong></span> 
     </span>
     <span class='ocr_line' id='line_1_13' title="bbox 59 1158 1775 1215; baseline -0.001 -13"><span class='ocrx_word' id='word_1_91' title='bbox 59 1158 289 1215; x_wconf 71' lang='lat' dir='ltr'><strong>Cerynitin</strong></span> <span class='ocrx_word' id='word_1_92' title='bbox 322 1174 513 1214; x_wconf 88' lang='lat' dir='ltr'><strong>cervam,</strong></span> <span class='ocrx_word' id='word_1_93' title='bbox 544 1160 705 1202; x_wconf 90' lang='lat' dir='ltr'><strong>dictam</strong></span> <span class='ocrx_word' id='word_1_94' title='bbox 738 1175 763 1202; x_wconf 91' lang='lat' dir='ltr'><strong>a</strong></span> <span class='ocrx_word' id='word_1_95' title='bbox 794 1160 903 1202; x_wconf 90' lang='lat' dir='ltr'><strong>loco.</strong></span> <span class='ocrx_word' id='word_1_96' title='bbox 955 1158 1127 1201; x_wconf 75' lang='lat' dir='ltr'><strong>‘fixerit&#39;</strong></span> <span class='ocrx_word' id='word_1_97' title='bbox 1161 1161 1307 1202; x_wconf 85' lang='lat' dir='ltr'><strong>autem</strong></span> <span class='ocrx_word' id='word_1_98' title='bbox 1339 1159 1559 1215; x_wconf 87' lang='lat' dir='ltr'><strong>statuerit,</strong></span> <span class='ocrx_word' id='word_1_99' title='bbox 1589 1160 1775 1201; x_wconf 89' lang='lat' dir='ltr'><strong>delassa-</strong></span> 
     </span>
     <span class='ocr_line' id='line_1_14' title="bbox 58 1231 1778 1287; baseline -0.001 -14"><span class='ocrx_word' id='word_1_100' title='bbox 58 1231 178 1274; x_wconf 89' lang='lat' dir='ltr'><strong>verit.</strong></span> <span class='ocrx_word' id='word_1_101' title='bbox 316 1242 592 1274; x_wconf 80' lang='lat' dir='ltr'><strong>ERYMANTHI</strong></span> <span class='ocrx_word' id='word_1_102' title='bbox 629 1242 830 1274; x_wconf 77' lang='lat' dir='ltr'><strong>PACARIT</strong></span> <span class='ocrx_word' id='word_1_103' title='bbox 870 1243 1066 1273; x_wconf 81' lang='lat' dir='ltr'>NEMORA</span> <span class='ocrx_word' id='word_1_104' title='bbox 1110 1245 1235 1274; x_wconf 91' lang='lat' dir='ltr'><strong>mons</strong></span> <span class='ocrx_word' id='word_1_105' title='bbox 1277 1231 1509 1287; x_wconf 83' lang='lat' dir='ltr'><strong>Arcadiae,</strong></span> <span class='ocrx_word' id='word_1_106' title='bbox 1552 1231 1629 1273; x_wconf 92' lang='lat' dir='ltr'><strong>ubi</strong></span> <span class='ocrx_word' id='word_1_107' title='bbox 1673 1245 1778 1286; x_wconf 85' lang='lat' dir='ltr'><strong>aper</strong></span> 
     </span>
     <span class='ocr_line' id='line_1_15' title="bbox 58 1302 478 1346; baseline 0.005 -2"><span class='ocrx_word' id='word_1_108' title='bbox 58 1302 351 1346; x_wconf 89' lang='lat' dir='ltr'><strong>ferocissimus</strong></span> <span class='ocrx_word' id='word_1_109' title='bbox 383 1302 478 1346; x_wconf 89' lang='lat' dir='ltr'><strong>fuit.</strong></span> 
     </span>
    </p>

    <p class='ocr_par' dir='ltr' id='par_1_8' title="bbox 58 1373 1847 1560">
     <span class='ocr_line' id='line_1_16' title="bbox 177 1373 1847 1430; baseline -0.001 -15"><span class='ocrx_word' id='word_1_110' title='bbox 177 1373 276 1416; x_wconf 88' lang='lat'><strong>803.</strong></span> <span class='ocrx_word' id='word_1_111' title='bbox 325 1385 521 1416; x_wconf 81' lang='lat' dir='ltr'><strong><em>LERNAM</em></strong></span> <span class='ocrx_word' id='word_1_112' title='bbox 554 1385 918 1417; x_wconf 73' lang='lat' dir='ltr'><strong>TREMErEcnmr</strong></span> <span class='ocrx_word' id='word_1_113' title='bbox 950 1385 1072 1417; x_wconf 76' lang='lat' dir='ltr'><strong>ARcv</strong></span> <span class='ocrx_word' id='word_1_114' title='bbox 1112 1389 1192 1429; x_wconf 88' lang='lat' dir='ltr'><strong>pro</strong></span> <span class='ocrx_word' id='word_1_115' title='bbox 1231 1374 1370 1430; x_wconf 88' lang='lat' dir='ltr'><strong>hydra</strong></span> <span class='ocrx_word' id='word_1_116' title='bbox 1399 1373 1603 1429; x_wconf 87' lang='lat' dir='ltr'><strong>paludem</strong></span> <span class='ocrx_word' id='word_1_117' title='bbox 1635 1374 1776 1430; x_wconf 86' lang='lat' dir='ltr'><strong>ipsam</strong></span> <span class='ocrx_word' id='word_1_118' title='bbox 1804 1382 1847 1413; x_wconf 86' lang='lat'><strong>15</strong></span> 
     </span>
     <span class='ocr_line' id='line_1_17' title="bbox 58 1445 1778 1503; baseline 0.001 -15"><span class='ocrx_word' id='word_1_119' title='bbox 58 1445 218 1501; x_wconf 89' lang='lat' dir='ltr'><strong>posuit.</strong></span> <span class='ocrx_word' id='word_1_120' title='bbox 281 1448 324 1487; x_wconf 89' lang='lat' dir='ltr'><strong>et</strong></span> <span class='ocrx_word' id='word_1_121' title='bbox 363 1446 670 1502; x_wconf 85' lang='lat' dir='ltr'><strong>intellegamus</strong></span> <span class='ocrx_word' id='word_1_122' title='bbox 716 1449 816 1489; x_wconf 88' lang='lat' dir='ltr'><strong>ante</strong></span> <span class='ocrx_word' id='word_1_123' title='bbox 861 1461 956 1489; x_wconf 91' lang='lat' dir='ltr'><strong>eam</strong></span> <span class='ocrx_word' id='word_1_124' title='bbox 1000 1445 1176 1503; x_wconf 88' lang='lat' dir='ltr'><strong>sagittis</strong></span> <span class='ocrx_word' id='word_1_125' title='bbox 1220 1445 1354 1489; x_wconf 87' lang='lat' dir='ltr'><strong>fuisse</strong></span> <span class='ocrx_word' id='word_1_126' title='bbox 1399 1446 1633 1502; x_wconf 87' lang='lat' dir='ltr'><strong>confixam,</strong></span> <span class='ocrx_word' id='word_1_127' title='bbox 1676 1448 1778 1501; x_wconf 83' lang='lat' dir='ltr'><strong>post</strong></span> 
     </span>
     <span class='ocr_line' id='line_1_18' title="bbox 60 1517 598 1560; baseline 0.002 -1"><span class='ocrx_word' id='word_1_128' title='bbox 60 1519 276 1560; x_wconf 80' lang='lat' dir='ltr'><strong>exsectam</strong></span> <span class='ocrx_word' id='word_1_129' title='bbox 309 1519 354 1559; x_wconf 90' lang='lat' dir='ltr'><strong>et</strong></span> <span class='ocrx_word' id='word_1_130' title='bbox 386 1517 598 1560; x_wconf 90' lang='lat' dir='ltr'><strong>adustam.</strong></span> 
     </span>
    </p>

    <p class='ocr_par' dir='ltr' id='par_1_9' title="bbox 58 1588 1848 1774">
     <span class='ocr_line' id='line_1_19' title="bbox 178 1588 1777 1646; baseline 0.001 -15"><span class='ocrx_word' id='word_1_131' title='bbox 178 1588 276 1631; x_wconf 85' lang='lat'><strong>805.</strong></span> <span class='ocrx_word' id='word_1_132' title='bbox 327 1600 479 1632; x_wconf 78' lang='lat' dir='ltr'>NYSAE</span> <span class='ocrx_word' id='word_1_133' title='bbox 517 1602 580 1632; x_wconf 83' lang='lat' dir='ltr'><strong>DE</strong></span> <span class='ocrx_word' id='word_1_134' title='bbox 619 1601 819 1633; x_wconf 78' lang='lat' dir='ltr'>VERTICE</span> <span class='ocrx_word' id='word_1_135' title='bbox 862 1604 988 1633; x_wconf 89' lang='lat' dir='ltr'><strong>mons</strong></span> <span class='ocrx_word' id='word_1_136' title='bbox 1037 1592 1103 1632; x_wconf 90' lang='lat' dir='ltr'><strong>est</strong></span> <span class='ocrx_word' id='word_1_137' title='bbox 1138 1589 1305 1645; x_wconf 88' lang='lat' dir='ltr'><strong>Indiae,</strong></span> <span class='ocrx_word' id='word_1_138' title='bbox 1350 1590 1401 1632; x_wconf 90' lang='lat' dir='ltr'><strong>de</strong></span> <span class='ocrx_word' id='word_1_139' title='bbox 1444 1605 1529 1646; x_wconf 91' lang='lat' dir='ltr'><strong>quo</strong></span> <span class='ocrx_word' id='word_1_140' title='bbox 1571 1589 1777 1645; x_wconf 87' lang='lat' dir='ltr'><strong>loquitur.</strong></span> 
     </span>
     <span class='ocr_line' id='line_1_20' title="bbox 58 1659 1776 1718; baseline 0.001 -16"><span class='ocrx_word' id='word_1_141' title='bbox 58 1662 248 1703; x_wconf 89' lang='lat' dir='ltr'><strong>ceterum</strong></span> <span class='ocrx_word' id='word_1_142' title='bbox 286 1663 352 1702; x_wconf 90' lang='lat' dir='ltr'><strong>est</strong></span> <span class='ocrx_word' id='word_1_143' title='bbox 389 1663 433 1702; x_wconf 90' lang='lat' dir='ltr'><strong>et</strong></span> <span class='ocrx_word' id='word_1_144' title='bbox 463 1659 589 1717; x_wconf 86' lang='lat' dir='ltr'><strong>Nysa</strong></span> <span class='ocrx_word' id='word_1_145' title='bbox 627 1662 799 1718; x_wconf 79' lang='lat' dir='ltr'><strong>civitas,</strong></span> <span class='ocrx_word' id='word_1_146' title='bbox 842 1662 888 1704; x_wconf 92' lang='lat' dir='ltr'><strong>in</strong></span> <span class='ocrx_word' id='word_1_147' title='bbox 925 1676 1010 1717; x_wconf 89' lang='lat' dir='ltr'><strong>qua</strong></span> <span class='ocrx_word' id='word_1_148' title='bbox 1042 1661 1172 1704; x_wconf 90' lang='lat' dir='ltr'><strong>Liber</strong></span> <span class='ocrx_word' id='word_1_149' title='bbox 1210 1661 1384 1717; x_wconf 91' lang='lat' dir='ltr'><strong>colitur,</strong></span> <span class='ocrx_word' id='word_1_150' title='bbox 1424 1661 1536 1703; x_wconf 91' lang='lat' dir='ltr'><strong>unde</strong></span> <span class='ocrx_word' id='word_1_151' title='bbox 1574 1660 1776 1717; x_wconf 87' lang='lat' dir='ltr'><strong>Nysaeus</strong></span> 
     </span>
     <span class='ocr_line' id='line_1_21' title="bbox 59 1732 1848 1774; baseline -0.001 0"><span class='ocrx_word' id='word_1_152' title='bbox 59 1732 199 1774; x_wconf 89' lang='lat' dir='ltr'><strong>dictus</strong></span> <span class='ocrx_word' id='word_1_153' title='bbox 232 1734 309 1774; x_wconf 91' lang='lat' dir='ltr'><strong>est.</strong></span> <span class='ocrx_word' id='word_1_154' title='bbox 1802 1740 1848 1772; x_wconf 84' lang='grc' dir='ltr'><strong>2ο</strong></span> 
     </span>
    </p>

    <p class='ocr_par' dir='ltr' id='par_1_10' title="bbox 60 1803 1820 2074">
     <span class='ocr_line' id='line_1_22' title="bbox 179 1803 1777 1860; baseline 0.002 -16"><span class='ocrx_word' id='word_1_155' title='bbox 179 1803 278 1845; x_wconf 88' lang='grc'><strong>806.</strong></span> <span class='ocrx_word' id='word_1_156' title='bbox 327 1815 386 1845; x_wconf 81' lang='grc' dir='ltr'><strong>ΕΤ</strong></span> <span class='ocrx_word' id='word_1_157' title='bbox 428 1815 700 1847; x_wconf 80' lang='lat' dir='ltr'><strong>DVBITAMvs</strong></span> <span class='ocrx_word' id='word_1_158' title='bbox 744 1818 823 1859; x_wconf 90' lang='lat' dir='ltr'><strong>pro</strong></span> <span class='ocrx_word' id='word_1_159' title='bbox 862 1803 1097 1847; x_wconf 76' lang='lat' dir='ltr'><strong>‘dubitas&#39;z</strong></span> <span class='ocrx_word' id='word_1_160' title='bbox 1144 1804 1322 1847; x_wconf 80' lang='lat' dir='ltr'><strong>miscuit</strong></span> <span class='ocrx_word' id='word_1_161' title='bbox 1364 1818 1597 1860; x_wconf 87' lang='lat' dir='ltr'><strong>personam</strong></span> <span class='ocrx_word' id='word_1_162' title='bbox 1641 1820 1777 1848; x_wconf 90' lang='lat' dir='ltr'><strong>suam.</strong></span> 
     </span>
     <span class='ocr_line' id='line_1_23' title="bbox 60 1875 1778 1931; baseline 0.003 -16"><span class='ocrx_word' id='word_1_163' title='bbox 60 1875 126 1915; x_wconf 81' lang='lat' dir='ltr'><strong>est</strong></span> <span class='ocrx_word' id='word_1_164' title='bbox 167 1876 312 1916; x_wconf 88' lang='lat' dir='ltr'><strong>autem</strong></span> <span class='ocrx_word' id='word_1_165' title='bbox 355 1889 522 1917; x_wconf 85' lang='lat' dir='ltr'><strong>sensus:</strong></span> <span class='ocrx_word' id='word_1_166' title='bbox 542 1890 546 1893; x_wconf 77' lang='grc'><strong>’</strong></span> <span class='ocrx_word' id='word_1_167' title='bbox 568 1890 665 1917; x_wconf 87' lang='lat' dir='ltr'><strong>cum</strong></span> <span class='ocrx_word' id='word_1_168' title='bbox 705 1875 787 1918; x_wconf 91' lang='lat' dir='ltr'><strong>tibi</strong></span> <span class='ocrx_word' id='word_1_169' title='bbox 825 1875 883 1918; x_wconf 89' lang='lat' dir='ltr'><strong>sit</strong></span> <span class='ocrx_word' id='word_1_170' title='bbox 919 1877 1044 1918; x_wconf 86' lang='lat' dir='ltr'><strong>tanta</strong></span> <span class='ocrx_word' id='word_1_171' title='bbox 1081 1890 1130 1918; x_wconf 78' lang='lat' dir='ltr'><strong>ex</strong></span> <span class='ocrx_word' id='word_1_172' title='bbox 1159 1875 1366 1919; x_wconf 79' lang='lat' dir='ltr'><strong>Romanis</strong></span> <span class='ocrx_word' id='word_1_173' title='bbox 1401 1879 1440 1918; x_wconf 77' lang='lat' dir='ltr'><strong>et</strong></span> <span class='ocrx_word' id='word_1_174' title='bbox 1468 1877 1691 1931; x_wconf 75' lang='lat' dir='ltr'><strong>praecipue</strong></span> <span class='ocrx_word' id='word_1_175' title='bbox 1728 1890 1778 1920; x_wconf 77' lang='lat' dir='ltr'><strong>ex</strong></span> 
     </span>
     <span class='ocr_line' id='line_1_24' title="bbox 61 1945 1778 2001; baseline 0.002 -14"><span class='ocrx_word' id='word_1_176' title='bbox 61 1948 247 1999; x_wconf 70' lang='lat' dir='ltr'><strong>Auyusto</strong></span> <span class='ocrx_word' id='word_1_177' title='bbox 279 1948 540 2000; x_wconf 86' lang='lat' dir='ltr'><strong>praeparata</strong></span> <span class='ocrx_word' id='word_1_178' title='bbox 570 1946 825 2001; x_wconf 87' lang='lat' dir='ltr'><strong>posteritas,</strong></span> <span class='ocrx_word' id='word_1_179' title='bbox 857 1945 1031 1988; x_wconf 88' lang='lat' dir='ltr'><strong>dubitas</strong></span> <span class='ocrx_word' id='word_1_180' title='bbox 1062 1946 1270 1989; x_wconf 84' lang='lat' dir='ltr'><strong>virtutem</strong></span> <span class='ocrx_word' id='word_1_181' title='bbox 1300 1946 1429 1990; x_wconf 89' lang='lat' dir='ltr'><strong>factis</strong></span> <span class='ocrx_word' id='word_1_182' title='bbox 1457 1948 1703 2001; x_wconf 86' lang='lat' dir='ltr'><strong>extendere,</strong></span> <span class='ocrx_word' id='word_1_183' title='bbox 1733 1948 1778 1990; x_wconf 92' lang='lat' dir='ltr'><strong>id</strong></span> 
     </span>
     <span class='ocr_line' id='line_1_25' title="bbox 61 2016 1820 2074; baseline 0.002 -15"><span class='ocrx_word' id='word_1_184' title='bbox 61 2019 128 2059; x_wconf 89' lang='lat' dir='ltr'><strong>est</strong></span> <span class='ocrx_word' id='word_1_185' title='bbox 160 2016 373 2072; x_wconf 78' lang='lat' dir='ltr'><strong>gloriam?</strong></span> <span class='ocrx_word' id='word_1_186' title='bbox 412 2020 488 2059; x_wconf 91' lang='lat' dir='ltr'><strong>aut</strong></span> <span class='ocrx_word' id='word_1_187' title='bbox 519 2019 584 2059; x_wconf 87' lang='lat' dir='ltr'><strong>est</strong></span> <span class='ocrx_word' id='word_1_188' title='bbox 617 2017 775 2072; x_wconf 90' lang='lat' dir='ltr'><strong>aliquis</strong></span> <span class='ocrx_word' id='word_1_189' title='bbox 806 2017 959 2072; x_wconf 90' lang='lat' dir='ltr'><strong>timor,</strong></span> <span class='ocrx_word' id='word_1_190' title='bbox 992 2018 1066 2072; x_wconf 90' lang='lat' dir='ltr'><strong>qui</strong></span> <span class='ocrx_word' id='word_1_191' title='bbox 1091 2020 1134 2060; x_wconf 88' lang='lat' dir='ltr'><strong>te</strong></span> <span class='ocrx_word' id='word_1_192' title='bbox 1161 2033 1187 2061; x_wconf 87' lang='lat' dir='ltr'><strong>a</strong></span> <span class='ocrx_word' id='word_1_193' title='bbox 1211 2019 1359 2074; x_wconf 88' lang='lat' dir='ltr'><strong>regnis</strong></span> <span class='ocrx_word' id='word_1_194' title='bbox 1385 2018 1540 2062; x_wconf 88' lang='lat' dir='ltr'><strong>Italiae</strong></span> <span class='ocrx_word' id='word_1_195' title='bbox 1572 2019 1775 2063; x_wconf 79' lang='lat' dir='ltr'><strong>revocet?</strong></span> <span class='ocrx_word' id='word_1_196' title='bbox 1816 2033 1820 2037; x_wconf 90' lang='lat'>·</span> 
     </span>
    </p>
   </div>
   <div class='ocr_carea' id='block_1_3' title="bbox 65 2088 347 2092">
    <p class='ocr_par' dir='ltr' id='par_1_11' title="bbox 65 2088 347 2092">
     <span class='ocr_line' id='line_1_26' title="bbox 65 2088 347 2092; baseline 0 0"><span class='ocrx_word' id='word_1_197' title='bbox 65 2088 347 2092; x_wconf 95' lang='lat' dir='ltr'><strong> </strong></span> 
     </span>
    </p>
   </div>
   <div class='ocr_carea' id='block_1_4' title="bbox 61 2109 1776 2204">
    <p class='ocr_par' dir='ltr' id='par_1_12' title="bbox 61 2109 1776 2204">
     <span class='ocr_line' id='line_1_27' title="bbox 158 2109 1776 2158; baseline 0.002 -13"><span class='ocrx_word' id='word_1_198' title='bbox 158 2113 202 2145; x_wconf 95' lang='lat'><strong>10</strong></span> <span class='ocrx_word' id='word_1_199' title='bbox 236 2122 395 2146; x_wconf 71' lang='lat' dir='ltr'><strong>TVRBANT</strong></span> <span class='ocrx_word' id='word_1_200' title='bbox 421 2110 635 2157; x_wconf 86' lang='lat' dir='ltr'><strong>turbantur]</strong></span> <span class='ocrx_word' id='word_1_201' title='bbox 669 2110 714 2146; x_wconf 88' lang='lat' dir='ltr'><strong>cf.</strong></span> <span class='ocrx_word' id='word_1_202' title='bbox 741 2109 835 2147; x_wconf 92' lang='lat' dir='ltr'><strong>Don.</strong></span> <span class='ocrx_word' id='word_1_203' title='bbox 862 2110 910 2146; x_wconf 87' lang='lat' dir='ltr'><strong>ad</strong></span> <span class='ocrx_word' id='word_1_204' title='bbox 937 2111 1019 2146; x_wconf 85' lang='lat' dir='ltr'><strong>Ter.</strong></span> <span class='ocrx_word' id='word_1_205' title='bbox 1046 2111 1125 2147; x_wconf 89' lang='lat' dir='ltr'><strong>hec.</strong></span> <span class='ocrx_word' id='word_1_206' title='bbox 1153 2111 1203 2147; x_wconf 92' lang='lat' dir='ltr'><strong>IV</strong></span> <span class='ocrx_word' id='word_1_207' title='bbox 1230 2115 1264 2155; x_wconf 89' lang='lat'><strong>4,</strong></span> <span class='ocrx_word' id='word_1_208' title='bbox 1293 2115 1336 2147; x_wconf 82' lang='lat'><strong>12</strong></span> <span class='ocrx_word' id='word_1_209' title='bbox 1373 2113 1386 2158; x_wconf 90' lang='grc' dir='ltr'>Η</span> <span class='ocrx_word' id='word_1_210' title='bbox 1425 2115 1468 2147; x_wconf 91' lang='lat'><strong>18</strong></span> <span class='ocrx_word' id='word_1_211' title='bbox 1493 2123 1600 2148; x_wconf 91' lang='lat' dir='ltr'><strong>mons</strong></span> <span class='ocrx_word' id='word_1_212' title='bbox 1626 2113 1683 2148; x_wconf 87' lang='lat' dir='ltr'><strong>est</strong></span> <span class='ocrx_word' id='word_1_213' title='bbox 1708 2140 1716 2148; x_wconf 92' lang='lat'><strong>.</strong></span> <span class='ocrx_word' id='word_1_214' title='bbox 1738 2140 1746 2149; x_wconf 90' lang='lat'>.</span> <span class='ocrx_word' id='word_1_215' title='bbox 1768 2141 1776 2149; x_wconf 90' lang='lat'>.</span> 
     </span>
     <span class='ocr_line' id='line_1_28' title="bbox 61 2156 892 2204; baseline 0.001 -12"><span class='ocrx_word' id='word_1_216' title='bbox 61 2156 183 2194; x_wconf 86' lang='lat' dir='ltr'><strong>dictus</strong></span> <span class='ocrx_word' id='word_1_217' title='bbox 209 2157 283 2204; x_wconf 88' lang='lat' dir='ltr'><strong>est]</strong></span> <span class='ocrx_word' id='word_1_218' title='bbox 312 2167 426 2193; x_wconf 85' lang='lat' dir='ltr'><strong>exscr.</strong></span> <span class='ocrx_word' id='word_1_219' title='bbox 453 2156 541 2193; x_wconf 88' lang='lat' dir='ltr'><strong>Isid.</strong></span> <span class='ocrx_word' id='word_1_220' title='bbox 569 2169 619 2194; x_wconf 89' lang='lat' dir='ltr'><strong>or.</strong></span> <span class='ocrx_word' id='word_1_221' title='bbox 648 2157 735 2194; x_wconf 90' lang='lat' dir='ltr'><strong>VIII</strong></span> <span class='ocrx_word' id='word_1_222' title='bbox 762 2162 819 2203; x_wconf 89' lang='lat'><strong>11,</strong></span> <span class='ocrx_word' id='word_1_223' title='bbox 845 2162 892 2193; x_wconf 85' lang='lat'><strong>44</strong></span> 
     </span>
    </p>
   </div>
   <div class='ocr_carea' id='block_1_5' title="bbox 111 2220 344 2223">
    <p class='ocr_par' dir='ltr' id='par_1_13' title="bbox 111 2220 344 2223">
     <span class='ocr_line' id='line_1_29' title="bbox 111 2220 344 2223; baseline 0 0"><span class='ocrx_word' id='word_1_224' title='bbox 111 2220 344 2223; x_wconf 95' lang='lat' dir='ltr'><strong> </strong></span> 
     </span>
    </p>
   </div>
   <div class='ocr_carea' id='block_1_6' title="bbox 58 2239 1784 2907">
    <p class='ocr_par' dir='ltr' id='par_1_14' title="bbox 58 2239 1784 2907">
     <span class='ocr_line' id='line_1_30' title="bbox 157 2239 1778 2289; baseline 0.002 -14"><span class='ocrx_word' id='word_1_225' title='bbox 157 2244 175 2275; x_wconf 88' lang='lat'>1</span> <span class='ocrx_word' id='word_1_226' title='bbox 203 2239 284 2286; x_wconf 89' lang='lat' dir='ltr'><strong>poli</strong></span> <span class='ocrx_word' id='word_1_227' title='bbox 307 2240 397 2287; x_wconf 90' lang='lat' dir='ltr'><strong>nisi]</strong></span> <span class='ocrx_word' id='word_1_228' title='bbox 424 2240 570 2287; x_wconf 86' lang='lat' dir='ltr'><strong>poligni</strong></span> <span class='ocrx_word' id='word_1_229' title='bbox 596 2240 627 2276; x_wconf 90' lang='lat' dir='ltr'><strong>si</strong></span> <span class='ocrx_word' id='word_1_230' title='bbox 652 2241 698 2277; x_wconf 89' lang='lat' dir='ltr'><strong><em>H</em></strong></span> <span class='ocrx_word' id='word_1_231' title='bbox 712 2242 724 2288; x_wconf 94' lang='grc' dir='ltr'>Η</span> <span class='ocrx_word' id='word_1_232' title='bbox 748 2241 866 2287; x_wconf 88' lang='lat' dir='ltr'><strong>polite</strong></span> <span class='ocrx_word' id='word_1_233' title='bbox 893 2242 939 2276; x_wconf 88' lang='grc' dir='ltr'><strong>Η</strong></span> <span class='ocrx_word' id='word_1_234' title='bbox 952 2243 964 2288; x_wconf 89' lang='grc' dir='ltr'>Η</span> <span class='ocrx_word' id='word_1_235' title='bbox 982 2241 1105 2287; x_wconf 88' lang='lat' dir='ltr'><strong>lapso]</strong></span> <span class='ocrx_word' id='word_1_236' title='bbox 1131 2241 1226 2277; x_wconf 88' lang='lat' dir='ltr'><strong>flexo</strong></span> <span class='ocrx_word' id='word_1_237' title='bbox 1253 2241 1289 2276; x_wconf 88' lang='lat' dir='ltr'><strong><em>R</em></strong></span> <span class='ocrx_word' id='word_1_238' title='bbox 1327 2242 1434 2277; x_wconf 89' lang='lat' dir='ltr'><strong>labso</strong></span> <span class='ocrx_word' id='word_1_239' title='bbox 1463 2242 1495 2278; x_wconf 83' lang='grc' dir='ltr'><em>Ο</em></span> <span class='ocrx_word' id='word_1_240' title='bbox 1509 2243 1521 2289; x_wconf 91' lang='grc' dir='ltr'>Η</span> <span class='ocrx_word' id='word_1_241' title='bbox 1541 2242 1688 2278; x_wconf 87' lang='lat' dir='ltr'><strong>curbati</strong></span> <span class='ocrx_word' id='word_1_242' title='bbox 1714 2242 1746 2278; x_wconf 82' lang='lat'><em>0</em></span> <span class='ocrx_word' id='word_1_243' title='bbox 1766 2242 1778 2289; x_wconf 93' lang='grc' dir='ltr'>Η</span> 
     </span>
     <span class='ocr_line' id='line_1_31' title="bbox 59 2287 1782 2335; baseline 0.002 -12"><span class='ocrx_word' id='word_1_244' title='bbox 59 2292 80 2323; x_wconf 93' lang='grc'>2</span> <span class='ocrx_word' id='word_1_245' title='bbox 105 2287 307 2334; x_wconf 82' lang='lat' dir='ltr'><strong>procedere</strong></span> <span class='ocrx_word' id='word_1_246' title='bbox 333 2289 373 2323; x_wconf 89' lang='lat' dir='ltr'><strong>et</strong></span> <span class='ocrx_word' id='word_1_247' title='bbox 391 2287 429 2323; x_wconf 88' lang='lat' dir='ltr'><em>R</em></span> <span class='ocrx_word' id='word_1_248' title='bbox 455 2288 690 2334; x_wconf 86' lang='lat' dir='ltr'><strong>(procederet</strong></span> <span class='ocrx_word' id='word_1_249' title='bbox 708 2289 742 2333; x_wconf 87' lang='lat' dir='ltr'><strong>r)</strong></span> <span class='ocrx_word' id='word_1_250' title='bbox 761 2291 773 2335; x_wconf 92' lang='grc' dir='ltr'><strong>ΙΙ</strong></span> <span class='ocrx_word' id='word_1_251' title='bbox 799 2292 819 2325; x_wconf 84' lang='lat'>5</span> <span class='ocrx_word' id='word_1_252' title='bbox 846 2301 911 2325; x_wconf 72' lang='lat' dir='ltr'><strong>mr</strong></span> <span class='ocrx_word' id='word_1_253' title='bbox 930 2302 1021 2325; x_wconf 70' lang='lat' dir='ltr'><strong>nvnc</strong></span> <span class='ocrx_word' id='word_1_254' title='bbox 1042 2303 1085 2324; x_wconf 74' lang='grc' dir='ltr'><strong>ΕΤ</strong></span> <span class='ocrx_word' id='word_1_255' title='bbox 1112 2300 1178 2324; x_wconf 88' lang='lat' dir='ltr'><strong>om.</strong></span> <span class='ocrx_word' id='word_1_256' title='bbox 1194 2288 1271 2324; x_wconf 79' lang='lat' dir='ltr'><strong>AG</strong></span> <span class='ocrx_word' id='word_1_257' title='bbox 1286 2290 1297 2335; x_wconf 90' lang='grc' dir='ltr'><strong>ΙΙ</strong></span> <span class='ocrx_word' id='word_1_258' title='bbox 1318 2290 1532 2325; x_wconf 83' lang='lat' dir='ltr'><strong>assiriorum</strong></span> <span class='ocrx_word' id='word_1_259' title='bbox 1551 2290 1643 2325; x_wconf 91' lang='lat' dir='ltr'><strong>AH</strong></span> <span class='ocrx_word' id='word_1_260' title='bbox 1647 2291 1697 2325; x_wconf 88' lang='lat' dir='ltr'><em>M</em></span> <span class='ocrx_word' id='word_1_261' title='bbox 1702 2290 1743 2326; x_wconf 92' lang='lat' dir='ltr'><strong><em>F</em></strong></span> <span class='ocrx_word' id='word_1_262' title='bbox 1750 2290 1782 2326; x_wconf 82' lang='lat'><em>0</em></span> 
     </span>
     <span class='ocr_line' id='line_1_32' title="bbox 58 2335 1777 2391; baseline 0.002 -21"><span class='ocrx_word' id='word_1_263' title='bbox 58 2335 70 2383; x_wconf 92' lang='grc' dir='ltr'>Η</span> <span class='ocrx_word' id='word_1_264' title='bbox 97 2339 117 2370; x_wconf 89' lang='grc'><strong>6</strong></span> <span class='ocrx_word' id='word_1_265' title='bbox 142 2346 255 2371; x_wconf 76' lang='lat' dir='ltr'><strong>nraa1</strong></span> <span class='ocrx_word' id='word_1_266' title='bbox 279 2335 316 2370; x_wconf 98' lang='lat' dir='ltr'><strong><em>A</em></strong></span> <span class='ocrx_word' id='word_1_267' title='bbox 355 2349 436 2371; x_wconf 67' lang='lat' dir='ltr'><strong>mm</strong></span> <span class='ocrx_word' id='word_1_268' title='bbox 461 2335 498 2371; x_wconf 91' lang='lat' dir='ltr'><em>R</em></span> <span class='ocrx_word' id='word_1_269' title='bbox 536 2348 639 2371; x_wconf 74' lang='grc' dir='ltr'>ΠΙΛΑΙ</span> <span class='ocrx_word' id='word_1_270' title='bbox 664 2349 715 2372; x_wconf 82' lang='lat' dir='ltr'><strong>ar</strong></span> <span class='ocrx_word' id='word_1_271' title='bbox 733 2338 746 2384; x_wconf 93' lang='grc' dir='ltr'>Η</span> <span class='ocrx_word' id='word_1_272' title='bbox 765 2336 955 2373; x_wconf 89' lang='lat' dir='ltr'><strong>soetonius</strong></span> <span class='ocrx_word' id='word_1_273' title='bbox 981 2337 1022 2371; x_wconf 88' lang='lat' dir='ltr'><strong><em>F</em></strong></span> <span class='ocrx_word' id='word_1_274' title='bbox 1058 2337 1213 2372; x_wconf 88' lang='lat' dir='ltr'><strong>sitonius</strong></span> <span class='ocrx_word' id='word_1_275' title='bbox 1241 2336 1271 2371; x_wconf 83' lang='lat' dir='ltr'><em>O</em></span> <span class='ocrx_word' id='word_1_276' title='bbox 1286 2338 1298 2383; x_wconf 99' lang='grc' dir='ltr'>Η</span> <span class='ocrx_word' id='word_1_277' title='bbox 1329 2341 1347 2372; x_wconf 82' lang='grc'>7</span> <span class='ocrx_word' id='word_1_278' title='bbox 1374 2338 1444 2391; x_wconf 87' lang='lat' dir='ltr'><strong>ait]</strong></span> <span class='ocrx_word' id='word_1_279' title='bbox 1472 2337 1564 2373; x_wconf 84' lang='lat' dir='ltr'><strong>dicit</strong></span> <span class='ocrx_word' id='word_1_280' title='bbox 1588 2337 1625 2373; x_wconf 89' lang='lat' dir='ltr'><em>R</em></span> <span class='ocrx_word' id='word_1_281' title='bbox 1644 2339 1655 2385; x_wconf 94' lang='grc' dir='ltr'>Η</span> <span class='ocrx_word' id='word_1_282' title='bbox 1681 2338 1777 2385; x_wconf 89' lang='lat' dir='ltr'><strong>vita]</strong></span> 
     </span>
     <span class='ocr_line' id='line_1_33' title="bbox 59 2382 1779 2431; baseline 0.002 -14"><span class='ocrx_word' id='word_1_283' title='bbox 59 2384 143 2418; x_wconf 87' lang='lat' dir='ltr'><strong>utta</strong></span> <span class='ocrx_word' id='word_1_284' title='bbox 169 2382 201 2419; x_wconf 84' lang='lat'><em>0</em></span> <span class='ocrx_word' id='word_1_285' title='bbox 216 2383 229 2429; x_wconf 92' lang='grc' dir='ltr'>Η</span> <span class='ocrx_word' id='word_1_286' title='bbox 256 2382 413 2418; x_wconf 86' lang='lat' dir='ltr'><strong>caesaris</strong></span> <span class='ocrx_word' id='word_1_287' title='bbox 439 2383 488 2426; x_wconf 93' lang='lat' dir='ltr'><strong>R,</strong></span> <span class='ocrx_word' id='word_1_288' title='bbox 515 2383 723 2428; x_wconf 77' lang='lat' dir='ltr'><strong>Stephanus</strong></span> <span class='ocrx_word' id='word_1_289' title='bbox 748 2389 781 2420; x_wconf 85' lang='lat' dir='ltr'><strong>et</strong></span> <span class='ocrx_word' id='word_1_290' title='bbox 806 2385 945 2420; x_wconf 77' lang='lat' dir='ltr'><strong>Daniel</strong></span> <span class='ocrx_word' id='word_1_291' title='bbox 964 2386 976 2431; x_wconf 91' lang='grc' dir='ltr'>Η</span> <span class='ocrx_word' id='word_1_292' title='bbox 1004 2385 1094 2420; x_wconf 90' lang='lat' dir='ltr'><strong>data</strong></span> <span class='ocrx_word' id='word_1_293' title='bbox 1119 2395 1198 2419; x_wconf 87' lang='lat' dir='ltr'><strong>esse</strong></span> <span class='ocrx_word' id='word_1_294' title='bbox 1226 2385 1277 2419; x_wconf 90' lang='lat' dir='ltr'><em>M</em></span> <span class='ocrx_word' id='word_1_295' title='bbox 1293 2386 1304 2431; x_wconf 87' lang='grc' dir='ltr'><strong>ΙΙ</strong></span> <span class='ocrx_word' id='word_1_296' title='bbox 1336 2388 1356 2419; x_wconf 88' lang='grc'><strong>9</strong></span> <span class='ocrx_word' id='word_1_297' title='bbox 1384 2385 1542 2420; x_wconf 84' lang='lat' dir='ltr'><strong>scithica</strong></span> <span class='ocrx_word' id='word_1_298' title='bbox 1566 2385 1603 2420; x_wconf 92' lang='lat' dir='ltr'><em>R</em></span> <span class='ocrx_word' id='word_1_299' title='bbox 1641 2385 1779 2421; x_wconf 86' lang='lat' dir='ltr'><strong>schitia</strong></span> 
     </span>
     <span class='ocr_line' id='line_1_34' title="bbox 62 2430 1778 2480; baseline 0.002 -16"><span class='ocrx_word' id='word_1_300' title='bbox 62 2430 103 2465; x_wconf 90' lang='lat' dir='ltr'><strong><em>H</em></strong></span> <span class='ocrx_word' id='word_1_301' title='bbox 138 2430 310 2474; x_wconf 83' lang='lat' dir='ltr'><strong>scythica</strong></span> <span class='ocrx_word' id='word_1_302' title='bbox 336 2430 385 2465; x_wconf 89' lang='lat' dir='ltr'><strong><em>M</em></strong></span> <span class='ocrx_word' id='word_1_303' title='bbox 401 2431 414 2476; x_wconf 93' lang='grc' dir='ltr'>Η</span> <span class='ocrx_word' id='word_1_304' title='bbox 442 2431 543 2467; x_wconf 87' lang='lat' dir='ltr'><strong>cuias</strong></span> <span class='ocrx_word' id='word_1_305' title='bbox 568 2430 610 2467; x_wconf 97' lang='lat' dir='ltr'><strong><em>F</em></strong></span> <span class='ocrx_word' id='word_1_306' title='bbox 625 2433 637 2478; x_wconf 95' lang='grc' dir='ltr'>Η</span> <span class='ocrx_word' id='word_1_307' title='bbox 665 2433 724 2467; x_wconf 91' lang='lat' dir='ltr'><strong>est</strong></span> <span class='ocrx_word' id='word_1_308' title='bbox 747 2433 855 2478; x_wconf 89' lang='lat' dir='ltr'><strong>palus</strong></span> <span class='ocrx_word' id='word_1_309' title='bbox 882 2432 914 2468; x_wconf 79' lang='lat' dir='ltr'><em>G</em></span> <span class='ocrx_word' id='word_1_310' title='bbox 935 2433 940 2479; x_wconf 74' lang='grc' dir='ltr'>Ι</span> <span class='ocrx_word' id='word_1_311' title='bbox 975 2431 1133 2468; x_wconf 87' lang='lat' dir='ltr'><strong>maeotis</strong></span> <span class='ocrx_word' id='word_1_312' title='bbox 1159 2432 1218 2467; x_wconf 92' lang='lat' dir='ltr'><strong>est</strong></span> <span class='ocrx_word' id='word_1_313' title='bbox 1241 2431 1282 2466; x_wconf 90' lang='lat' dir='ltr'><strong><em>F</em></strong></span> <span class='ocrx_word' id='word_1_314' title='bbox 1304 2434 1315 2478; x_wconf 93' lang='grc' dir='ltr'>Η</span> <span class='ocrx_word' id='word_1_315' title='bbox 1350 2436 1393 2468; x_wconf 91' lang='grc'><strong>10</strong></span> <span class='ocrx_word' id='word_1_316' title='bbox 1420 2432 1679 2468; x_wconf 87' lang='lat' dir='ltr'><strong>disturbantur</strong></span> <span class='ocrx_word' id='word_1_317' title='bbox 1703 2433 1745 2468; x_wconf 89' lang='lat' dir='ltr'><strong><em>F</em></strong></span> <span class='ocrx_word' id='word_1_318' title='bbox 1766 2432 1778 2480; x_wconf 96' lang='grc' dir='ltr'>Η</span> 
     </span>
     <span class='ocr_line' id='line_1_35' title="bbox 62 2477 1778 2534; baseline 0.002 -22"><span class='ocrx_word' id='word_1_319' title='bbox 62 2477 188 2513; x_wconf 86' lang='lat' dir='ltr'><strong>autem</strong></span> <span class='ocrx_word' id='word_1_320' title='bbox 214 2488 280 2514; x_wconf 85' lang='lat' dir='ltr'><strong>om.</strong></span> <span class='ocrx_word' id='word_1_321' title='bbox 298 2477 338 2512; x_wconf 88' lang='lat' dir='ltr'><strong><em>F</em></strong></span> <span class='ocrx_word' id='word_1_322' title='bbox 353 2478 366 2524; x_wconf 89' lang='grc' dir='ltr'>Η</span> <span class='ocrx_word' id='word_1_323' title='bbox 384 2478 594 2524; x_wconf 82' lang='lat' dir='ltr'><strong>septemflui</strong></span> <span class='ocrx_word' id='word_1_324' title='bbox 613 2479 687 2515; x_wconf 81' lang='lat' dir='ltr'><strong>AS</strong></span> <span class='ocrx_word' id='word_1_325' title='bbox 695 2480 743 2515; x_wconf 86' lang='lat' dir='ltr'><em>M</em></span> <span class='ocrx_word' id='word_1_326' title='bbox 753 2494 761 2515; x_wconf 89' lang='lat'>:</span> <span class='ocrx_word' id='word_1_327' title='bbox 789 2481 931 2526; x_wconf 88' lang='lat' dir='ltr'><strong>septem</strong></span> <span class='ocrx_word' id='word_1_328' title='bbox 961 2478 1040 2515; x_wconf 91' lang='lat' dir='ltr'><strong>uuii</strong></span> <span class='ocrx_word' id='word_1_329' title='bbox 1059 2479 1144 2515; x_wconf 92' lang='lat' dir='ltr'><strong>RF</strong></span> <span class='ocrx_word' id='word_1_330' title='bbox 1151 2478 1182 2514; x_wconf 82' lang='lat' dir='ltr'><strong><em>G</em></strong></span> <span class='ocrx_word' id='word_1_331' title='bbox 1210 2480 1353 2525; x_wconf 87' lang='lat' dir='ltr'><strong>septem</strong></span> <span class='ocrx_word' id='word_1_332' title='bbox 1373 2480 1497 2515; x_wconf 88' lang='lat' dir='ltr'><strong>fluuiis</strong></span> <span class='ocrx_word' id='word_1_333' title='bbox 1518 2480 1564 2515; x_wconf 91' lang='lat' dir='ltr'><em>H</em></span> <span class='ocrx_word' id='word_1_334' title='bbox 1571 2481 1589 2534; x_wconf 87' lang='grc' dir='ltr'>Η</span> <span class='ocrx_word' id='word_1_335' title='bbox 1611 2484 1651 2515; x_wconf 93' lang='grc'><strong>11</strong></span> <span class='ocrx_word' id='word_1_336' title='bbox 1679 2481 1778 2516; x_wconf 81' lang='lat' dir='ltr'><strong>scho-</strong></span> 
     </span>
     <span class='ocr_line' id='line_1_36' title="bbox 63 2524 1782 2574; baseline 0.002 -15"><span class='ocrx_word' id='word_1_337' title='bbox 63 2525 156 2560; x_wconf 84' lang='lat' dir='ltr'><strong>lium</strong></span> <span class='ocrx_word' id='word_1_338' title='bbox 181 2524 230 2560; x_wconf 81' lang='lat' dir='ltr'><strong>ad</strong></span> <span class='ocrx_word' id='word_1_339' title='bbox 254 2537 395 2560; x_wconf 58' lang='lat' dir='ltr'><strong>mnam</strong></span> <span class='ocrx_word' id='word_1_340' title='bbox 412 2538 445 2560; x_wconf 75' lang='lat' dir='ltr'><strong>A.</strong></span> <span class='ocrx_word' id='word_1_341' title='bbox 466 2540 496 2561; x_wconf 90' lang='lat' dir='ltr'><strong>c.</strong></span> <span class='ocrx_word' id='word_1_342' title='bbox 522 2537 588 2563; x_wconf 85' lang='lat' dir='ltr'><strong>om.</strong></span> <span class='ocrx_word' id='word_1_343' title='bbox 613 2525 644 2562; x_wconf 81' lang='grc' dir='ltr'><em>Ο</em></span> <span class='ocrx_word' id='word_1_344' title='bbox 659 2528 670 2573; x_wconf 93' lang='grc' dir='ltr'>Η</span> <span class='ocrx_word' id='word_1_345' title='bbox 689 2539 884 2563; x_wconf 67' lang='lat' dir='ltr'><strong>Asamum</strong></span> <span class='ocrx_word' id='word_1_346' title='bbox 902 2527 938 2562; x_wconf 90' lang='lat' dir='ltr'><strong><em>A</em></strong></span> <span class='ocrx_word' id='word_1_347' title='bbox 957 2528 969 2573; x_wconf 93' lang='grc' dir='ltr'>Η</span> <span class='ocrx_word' id='word_1_348' title='bbox 987 2538 1054 2573; x_wconf 91' lang='lat' dir='ltr'><strong>pro</strong></span> <span class='ocrx_word' id='word_1_349' title='bbox 1080 2526 1293 2572; x_wconf 65' lang='lat' dir='ltr'><strong>aeripedem</strong></span> <span class='ocrx_word' id='word_1_350' title='bbox 1320 2538 1385 2564; x_wconf 85' lang='lat' dir='ltr'><strong>om.</strong></span> <span class='ocrx_word' id='word_1_351' title='bbox 1407 2527 1452 2562; x_wconf 88' lang='lat' dir='ltr'><strong><em>H</em></strong></span> <span class='ocrx_word' id='word_1_352' title='bbox 1465 2529 1478 2574; x_wconf 91' lang='grc' dir='ltr'>Η</span> <span class='ocrx_word' id='word_1_353' title='bbox 1505 2526 1710 2573; x_wconf 83' lang='lat' dir='ltr'><strong>aenpidem</strong></span> <span class='ocrx_word' id='word_1_354' title='bbox 1731 2529 1782 2563; x_wconf 87' lang='lat' dir='ltr'><em>M</em></span> 
     </span>
     <span class='ocr_line' id='line_1_37' title="bbox 62 2569 1784 2629; baseline 0.002 -22"><span class='ocrx_word' id='word_1_355' title='bbox 62 2571 75 2619; x_wconf 92' lang='grc' dir='ltr'>Η</span> <span class='ocrx_word' id='word_1_356' title='bbox 112 2571 340 2626; x_wconf 69' lang='lat' dir='ltr'><strong>aeripedem]</strong></span> <span class='ocrx_word' id='word_1_357' title='bbox 380 2569 655 2628; x_wconf 55' lang='lat' dir='ltr'><strong>incavaazoimvj</strong></span> <span class='ocrx_word' id='word_1_358' title='bbox 692 2576 776 2611; x_wconf 83' lang='lat' dir='ltr'><strong>add.</strong></span> <span class='ocrx_word' id='word_1_359' title='bbox 803 2574 1006 2610; x_wconf 78' lang='lat' dir='ltr'><strong>Fabricius</strong></span> <span class='ocrx_word' id='word_1_360' title='bbox 1035 2575 1047 2621; x_wconf 94' lang='grc' dir='ltr'>Η</span> <span class='ocrx_word' id='word_1_361' title='bbox 1086 2578 1129 2609; x_wconf 92' lang='grc'><strong>12</strong></span> <span class='ocrx_word' id='word_1_362' title='bbox 1156 2573 1352 2629; x_wconf 56' lang='lat' dir='ltr'><strong>cerxnitim</strong></span> <span class='ocrx_word' id='word_1_363' title='bbox 1378 2575 1452 2610; x_wconf 86' lang='lat' dir='ltr'><strong>AS</strong></span> <span class='ocrx_word' id='word_1_364' title='bbox 1495 2574 1669 2628; x_wconf 79' lang='lat' dir='ltr'><strong>cerinitin</strong></span> <span class='ocrx_word' id='word_1_365' title='bbox 1694 2575 1784 2611; x_wconf 88' lang='lat' dir='ltr'><strong>RH</strong></span> 
     </span>
     <span class='ocr_line' id='line_1_38' title="bbox 65 2621 1778 2716; baseline 0.002 -14"><span class='ocrx_word' id='word_1_366' title='bbox 65 2621 1778 2716; x_wconf 52' lang='lat' dir='ltr'><strong>fifflffiffirgsffissz?hiblffi‘issdgei11²522155r&lt;3¹5232322332312:313313222210511322‘2</strong></span> 
     </span>
     <span class='ocr_line' id='line_1_39' title="bbox 65 2713 1778 2763; baseline 0.002 -14"><span class='ocrx_word' id='word_1_367' title='bbox 65 2714 149 2750; x_wconf 83' lang='lat' dir='ltr'><strong>add.</strong></span> <span class='ocrx_word' id='word_1_368' title='bbox 175 2713 376 2750; x_wconf 81' lang='lat' dir='ltr'><strong>Fabricius</strong></span> <span class='ocrx_word' id='word_1_369' title='bbox 406 2716 419 2760; x_wconf 94' lang='grc' dir='ltr'>Η</span> <span class='ocrx_word' id='word_1_370' title='bbox 455 2715 717 2763; x_wconf 86' lang='lat' dir='ltr'><strong>delassaverit]</strong></span> <span class='ocrx_word' id='word_1_371' title='bbox 750 2717 988 2753; x_wconf 87' lang='lat' dir='ltr'><strong>dilassauerit</strong></span> <span class='ocrx_word' id='word_1_372' title='bbox 1012 2716 1182 2752; x_wconf 85' lang='lat' dir='ltr'><strong>ASRH</strong></span> <span class='ocrx_word' id='word_1_373' title='bbox 1187 2717 1237 2752; x_wconf 88' lang='lat' dir='ltr'><em>M</em></span> <span class='ocrx_word' id='word_1_374' title='bbox 1242 2716 1299 2760; x_wconf 89' lang='lat' dir='ltr'><strong>D,</strong></span> <span class='ocrx_word' id='word_1_375' title='bbox 1330 2728 1397 2752; x_wconf 89' lang='lat' dir='ltr'><strong>om.</strong></span> <span class='ocrx_word' id='word_1_376' title='bbox 1424 2717 1472 2753; x_wconf 88' lang='lat' dir='ltr'><strong>F.</strong></span> <span class='ocrx_word' id='word_1_377' title='bbox 1522 2717 1585 2753; x_wconf 90' lang='lat' dir='ltr'><strong>uel</strong></span> <span class='ocrx_word' id='word_1_378' title='bbox 1616 2717 1707 2762; x_wconf 91' lang='lat' dir='ltr'><strong>quia</strong></span> <span class='ocrx_word' id='word_1_379' title='bbox 1738 2729 1778 2753; x_wconf 86' lang='lat' dir='ltr'><strong>se</strong></span> 
     </span>
     <span class='ocr_line' id='line_1_40' title="bbox 65 2760 1778 2811; baseline 0.002 -14"><span class='ocrx_word' id='word_1_380' title='bbox 65 2762 145 2808; x_wconf 68' lang='lat' dir='ltr'><strong>(leq.</strong></span> <span class='ocrx_word' id='word_1_381' title='bbox 165 2760 210 2807; x_wconf 88' lang='lat' dir='ltr'><strong>si)</strong></span> <span class='ocrx_word' id='word_1_382' title='bbox 235 2762 312 2798; x_wconf 88' lang='lat' dir='ltr'><strong>telo</strong></span> <span class='ocrx_word' id='word_1_383' title='bbox 338 2761 481 2798; x_wconf 85' lang='lat' dir='ltr'><strong>fixisset</strong></span> <span class='ocrx_word' id='word_1_384' title='bbox 504 2775 580 2799; x_wconf 88' lang='lat' dir='ltr'><strong>non</strong></span> <span class='ocrx_word' id='word_1_385' title='bbox 604 2764 659 2800; x_wconf 89' lang='lat' dir='ltr'><strong>ita</strong></span> <span class='ocrx_word' id='word_1_386' title='bbox 685 2766 784 2801; x_wconf 87' lang='lat' dir='ltr'><strong>esset</strong></span> <span class='ocrx_word' id='word_1_387' title='bbox 808 2763 1000 2800; x_wconf 89' lang='lat' dir='ltr'><strong>laudabile</strong></span> <span class='ocrx_word' id='word_1_388' title='bbox 1025 2764 1196 2811; x_wconf 74' lang='lat' dir='ltr'><strong>add.1)11</strong></span> <span class='ocrx_word' id='word_1_389' title='bbox 1218 2768 1260 2799; x_wconf 86' lang='grc'><strong>13</strong></span> <span class='ocrx_word' id='word_1_390' title='bbox 1283 2775 1376 2800; x_wconf 90' lang='lat' dir='ltr'><strong>nons</strong></span> <span class='ocrx_word' id='word_1_391' title='bbox 1399 2764 1430 2799; x_wconf 84' lang='lat' dir='ltr'><em>O</em></span> <span class='ocrx_word' id='word_1_392' title='bbox 1444 2766 1456 2811; x_wconf 89' lang='grc' dir='ltr'>Η</span> <span class='ocrx_word' id='word_1_393' title='bbox 1475 2764 1676 2801; x_wconf 85' lang='lat' dir='ltr'><strong>archadiae</strong></span> <span class='ocrx_word' id='word_1_394' title='bbox 1698 2765 1778 2801; x_wconf 90' lang='lat' dir='ltr'><strong>AR</strong></span> 
     </span>
     <span class='ocr_line' id='line_1_41' title="bbox 65 2808 1778 2859; baseline 0.002 -15"><span class='ocrx_word' id='word_1_395' title='bbox 65 2808 235 2844; x_wconf 84' lang='lat' dir='ltr'><strong>acradiae</strong></span> <span class='ocrx_word' id='word_1_396' title='bbox 261 2811 319 2845; x_wconf 90' lang='lat' dir='ltr'><strong>est</strong></span> <span class='ocrx_word' id='word_1_397' title='bbox 346 2809 376 2844; x_wconf 82' lang='lat' dir='ltr'><strong><em>G</em></strong></span> <span class='ocrx_word' id='word_1_398' title='bbox 392 2810 403 2856; x_wconf 94' lang='grc' dir='ltr'>Η</span> <span class='ocrx_word' id='word_1_399' title='bbox 424 2815 467 2846; x_wconf 83' lang='grc'><strong>15</strong></span> <span class='ocrx_word' id='word_1_400' title='bbox 493 2823 767 2847; x_wconf 57' lang='grc' dir='ltr'>πεπυ-’11031111</span> <span class='ocrx_word' id='word_1_401' title='bbox 789 2812 838 2846; x_wconf 86' lang='grc' dir='ltr'>Μ</span> <span class='ocrx_word' id='word_1_402' title='bbox 844 2811 885 2846; x_wconf 93' lang='lat' dir='ltr'><strong><em>F</em></strong></span> <span class='ocrx_word' id='word_1_403' title='bbox 906 2813 1012 2856; x_wconf 83' lang='lat' dir='ltr'><strong>(corr.</strong></span> <span class='ocrx_word' id='word_1_404' title='bbox 1034 2814 1081 2854; x_wconf 86' lang='lat' dir='ltr'><strong>m)</strong></span> <span class='ocrx_word' id='word_1_405' title='bbox 1101 2812 1112 2858; x_wconf 93' lang='grc' dir='ltr'>Η</span> <span class='ocrx_word' id='word_1_406' title='bbox 1130 2811 1214 2847; x_wconf 91' lang='lat' dir='ltr'><strong>idra</strong></span> <span class='ocrx_word' id='word_1_407' title='bbox 1239 2812 1284 2846; x_wconf 93' lang='lat' dir='ltr'><em>H</em></span> <span class='ocrx_word' id='word_1_408' title='bbox 1318 2812 1412 2857; x_wconf 85' lang='lat' dir='ltr'><strong>ydra</strong></span> <span class='ocrx_word' id='word_1_409' title='bbox 1432 2811 1509 2848; x_wconf 85' lang='lat' dir='ltr'><strong>FO</strong></span> <span class='ocrx_word' id='word_1_410' title='bbox 1524 2813 1535 2859; x_wconf 95' lang='grc' dir='ltr'>Η</span> <span class='ocrx_word' id='word_1_411' title='bbox 1557 2816 1600 2848; x_wconf 86' lang='grc'><strong>16</strong></span> <span class='ocrx_word' id='word_1_412' title='bbox 1627 2814 1778 2848; x_wconf 87' lang='lat' dir='ltr'><strong>anteam</strong></span> 
     </span>
     <span class='ocr_line' id='line_1_42' title="bbox 68 2855 1779 2907; baseline 0.002 -16"><span class='ocrx_word' id='word_1_413' title='bbox 68 2855 125 2902; x_wconf 82' lang='grc'><strong>011</strong></span> <span class='ocrx_word' id='word_1_414' title='bbox 145 2860 187 2892; x_wconf 80' lang='grc'><strong>17</strong></span> <span class='ocrx_word' id='word_1_415' title='bbox 214 2858 384 2892; x_wconf 83' lang='lat' dir='ltr'><strong>exectam</strong></span> <span class='ocrx_word' id='word_1_416' title='bbox 404 2857 483 2893; x_wconf 86' lang='lat' dir='ltr'><strong>Rm</strong></span> <span class='ocrx_word' id='word_1_417' title='bbox 518 2860 710 2895; x_wconf 85' lang='lat' dir='ltr'><strong>execatam</strong></span> <span class='ocrx_word' id='word_1_418' title='bbox 732 2859 782 2894; x_wconf 89' lang='lat' dir='ltr'><strong><em>M</em></strong></span> <span class='ocrx_word' id='word_1_419' title='bbox 811 2859 997 2895; x_wconf 86' lang='lat' dir='ltr'><strong>exsestam</strong></span> <span class='ocrx_word' id='word_1_420' title='bbox 1018 2858 1049 2894; x_wconf 83' lang='grc' dir='ltr'><em>Ο</em></span> <span class='ocrx_word' id='word_1_421' title='bbox 1064 2860 1076 2906; x_wconf 92' lang='grc' dir='ltr'>Η</span> <span class='ocrx_word' id='word_1_422' title='bbox 1096 2859 1281 2895; x_wconf 84' lang='lat' dir='ltr'><strong>adinstam</strong></span> <span class='ocrx_word' id='word_1_423' title='bbox 1301 2859 1347 2894; x_wconf 88' lang='lat' dir='ltr'><em>H</em></span> <span class='ocrx_word' id='word_1_424' title='bbox 1360 2860 1373 2905; x_wconf 94' lang='grc' dir='ltr'>Η</span> <span class='ocrx_word' id='word_1_425' title='bbox 1395 2864 1436 2895; x_wconf 88' lang='grc'><strong>18</strong></span> <span class='ocrx_word' id='word_1_426' title='bbox 1463 2871 1565 2895; x_wconf 63' lang='lat' dir='ltr'><strong>mssa</strong></span> <span class='ocrx_word' id='word_1_427' title='bbox 1584 2859 1753 2895; x_wconf 82' lang='lat' dir='ltr'><strong>ARHO</strong></span> <span class='ocrx_word' id='word_1_428' title='bbox 1767 2860 1779 2907; x_wconf 92' lang='grc' dir='ltr'>Η</span> 
     </span>
    </p>
   </div>
   <div class='ocr_carea' id='block_1_7' title="bbox 0 2904 1776 2954">
    <p class='ocr_par' dir='ltr' id='par_1_15' title="bbox 0 2904 1776 2954">
     <span class='ocr_line' id='line_1_43' title="bbox 0 2904 1776 2954; baseline 0.003 -17"><span class='ocrx_word' id='word_1_429' title='bbox 0 2906 10 2920; x_wconf 69' lang='grc'><em>”</em></span> <span class='ocrx_word' id='word_1_430' title='bbox 69 2907 111 2938; x_wconf 84' lang='grc'><strong>19</strong></span> <span class='ocrx_word' id='word_1_431' title='bbox 137 2904 176 2939; x_wconf 88' lang='lat' dir='ltr'><strong>et</strong></span> <span class='ocrx_word' id='word_1_432' title='bbox 200 2914 266 2942; x_wconf 88' lang='lat' dir='ltr'><strong>om.</strong></span> <span class='ocrx_word' id='word_1_433' title='bbox 293 2904 334 2939; x_wconf 89' lang='lat' dir='ltr'><em>F</em></span> <span class='ocrx_word' id='word_1_434' title='bbox 361 2906 374 2949; x_wconf 92' lang='grc' dir='ltr'>Η</span> <span class='ocrx_word' id='word_1_435' title='bbox 411 2905 493 2941; x_wconf 86' lang='lat' dir='ltr'><strong>nisa</strong></span> <span class='ocrx_word' id='word_1_436' title='bbox 516 2905 607 2940; x_wconf 89' lang='lat' dir='ltr'><strong>RH</strong></span> <span class='ocrx_word' id='word_1_437' title='bbox 638 2905 743 2942; x_wconf 83' lang='lat' dir='ltr'><strong>nisae</strong></span> <span class='ocrx_word' id='word_1_438' title='bbox 770 2907 821 2941; x_wconf 92' lang='lat' dir='ltr'><em>M</em></span> <span class='ocrx_word' id='word_1_439' title='bbox 849 2907 860 2952; x_wconf 92' lang='grc' dir='ltr'>Η</span> <span class='ocrx_word' id='word_1_440' title='bbox 898 2906 1033 2943; x_wconf 84' lang='lat' dir='ltr'><strong>civitas</strong></span> <span class='ocrx_word' id='word_1_441' title='bbox 1060 2934 1067 2942; x_wconf 92' lang='lat'><strong><em>.</em></strong></span> <span class='ocrx_word' id='word_1_442' title='bbox 1090 2935 1097 2943; x_wconf 92' lang='lat'><strong>.</strong></span> <span class='ocrx_word' id='word_1_443' title='bbox 1121 2934 1127 2942; x_wconf 89' lang='lat'><strong><em>.</em></strong></span> <span class='ocrx_word' id='word_1_444' title='bbox 1155 2906 1277 2942; x_wconf 89' lang='lat' dir='ltr'><strong>dictus</strong></span> <span class='ocrx_word' id='word_1_445' title='bbox 1303 2906 1375 2953; x_wconf 85' lang='lat' dir='ltr'><strong>est]</strong></span> <span class='ocrx_word' id='word_1_446' title='bbox 1407 2908 1450 2942; x_wconf 89' lang='lat' dir='ltr'><strong>ut</strong></span> <span class='ocrx_word' id='word_1_447' title='bbox 1473 2907 1545 2943; x_wconf 88' lang='lat' dir='ltr'><strong>feri</strong></span> <span class='ocrx_word' id='word_1_448' title='bbox 1571 2906 1672 2942; x_wconf 85' lang='lat' dir='ltr'><strong>cides</strong></span> <span class='ocrx_word' id='word_1_449' title='bbox 1697 2909 1776 2954; x_wconf 70' lang='lat' dir='ltr'><strong>(leq.</strong></span> 
     </span>
    </p>
   </div>
   <div class='ocr_carea' id='block_1_8' title="bbox 67 2950 1778 3283">
    <p class='ocr_par' dir='ltr' id='par_1_16' title="bbox 67 2950 1778 3283">
     <span class='ocr_line' id='line_1_44' title="bbox 67 2950 1778 2999; baseline 0.003 -14"><span class='ocrx_word' id='word_1_450' title='bbox 67 2950 311 2997; x_wconf 77' lang='lat' dir='ltr'><strong>Pherecydes)</strong></span> <span class='ocrx_word' id='word_1_451' title='bbox 337 2952 391 2987; x_wconf 86' lang='lat' dir='ltr'><strong>ait</strong></span> <span class='ocrx_word' id='word_1_452' title='bbox 414 2952 454 2987; x_wconf 92' lang='lat' dir='ltr'><strong>in</strong></span> <span class='ocrx_word' id='word_1_453' title='bbox 474 2953 605 2989; x_wconf 86' lang='lat' dir='ltr'><strong>boetia</strong></span> <span class='ocrx_word' id='word_1_454' title='bbox 629 2954 675 2998; x_wconf 84' lang='lat' dir='ltr'><strong>(le</strong></span> <span class='ocrx_word' id='word_1_455' title='bbox 701 2982 708 2988; x_wconf 95' lang='lat'><em>.</em></span> <span class='ocrx_word' id='word_1_456' title='bbox 728 2954 900 2999; x_wconf 87' lang='lat' dir='ltr'><strong>Boeotia)</strong></span> <span class='ocrx_word' id='word_1_457' title='bbox 925 2953 965 2989; x_wconf 89' lang='lat' dir='ltr'><strong>in</strong></span> <span class='ocrx_word' id='word_1_458' title='bbox 984 2965 1058 2999; x_wconf 87' lang='lat' dir='ltr'><strong>qua</strong></span> <span class='ocrx_word' id='word_1_459' title='bbox 1077 2953 1213 2989; x_wconf 89' lang='lat' dir='ltr'><strong>colitur</strong></span> <span class='ocrx_word' id='word_1_460' title='bbox 1237 2953 1334 2989; x_wconf 88' lang='lat' dir='ltr'><strong>liber</strong></span> <span class='ocrx_word' id='word_1_461' title='bbox 1357 2955 1467 2999; x_wconf 83' lang='lat' dir='ltr'><strong>pater</strong></span> <span class='ocrx_word' id='word_1_462' title='bbox 1490 2953 1590 2990; x_wconf 90' lang='lat' dir='ltr'><strong>unde</strong></span> <span class='ocrx_word' id='word_1_463' title='bbox 1615 2966 1709 2999; x_wconf 85' lang='lat' dir='ltr'><strong>nysa</strong></span> <span class='ocrx_word' id='word_1_464' title='bbox 1734 2966 1778 2990; x_wconf 88' lang='lat' dir='ltr'><strong>ea</strong></span> 
     </span>
     <span class='ocr_line' id='line_1_45' title="bbox 68 2996 1777 3047; baseline 0.002 -15"><span class='ocrx_word' id='word_1_465' title='bbox 68 2996 187 3033; x_wconf 87' lang='lat' dir='ltr'><strong>dictus</strong></span> <span class='ocrx_word' id='word_1_466' title='bbox 213 3000 271 3034; x_wconf 89' lang='lat' dir='ltr'><strong>est</strong></span> <span class='ocrx_word' id='word_1_467' title='bbox 296 2998 336 3033; x_wconf 89' lang='lat' dir='ltr'><strong><em>F</em></strong></span> <span class='ocrx_word' id='word_1_468' title='bbox 351 3000 364 3044; x_wconf 95' lang='grc' dir='ltr'>Η</span> <span class='ocrx_word' id='word_1_469' title='bbox 389 2999 536 3046; x_wconf 84' lang='lat' dir='ltr'><strong>civitas]</strong></span> <span class='ocrx_word' id='word_1_470' title='bbox 563 3011 630 3036; x_wconf 87' lang='lat' dir='ltr'><strong>om.</strong></span> <span class='ocrx_word' id='word_1_471' title='bbox 696 3028 704 3044; x_wconf 97' lang='lat'><strong>,</strong></span> <span class='ocrx_word' id='word_1_472' title='bbox 730 3001 770 3036; x_wconf 91' lang='lat' dir='ltr'><strong>in</strong></span> <span class='ocrx_word' id='word_1_473' title='bbox 794 3002 920 3037; x_wconf 90' lang='lat' dir='ltr'><strong>monte</strong></span> <span class='ocrx_word' id='word_1_474' title='bbox 945 3012 1125 3047; x_wconf 86' lang='lat' dir='ltr'><strong>parnasso</strong></span> <span class='ocrx_word' id='word_1_475' title='bbox 1151 3001 1235 3037; x_wconf 82' lang='lat' dir='ltr'><strong>add.</strong></span> <span class='ocrx_word' id='word_1_476' title='bbox 1262 3001 1301 3036; x_wconf 89' lang='lat' dir='ltr'><em>D</em></span> <span class='ocrx_word' id='word_1_477' title='bbox 1319 3002 1333 3046; x_wconf 91' lang='grc' dir='ltr'>Η</span> <span class='ocrx_word' id='word_1_478' title='bbox 1361 3001 1473 3037; x_wconf 91' lang='lat' dir='ltr'><strong>Liber</strong></span> <span class='ocrx_word' id='word_1_479' title='bbox 1498 3013 1564 3037; x_wconf 89' lang='lat' dir='ltr'><strong>om.</strong></span> <span class='ocrx_word' id='word_1_480' title='bbox 1593 3001 1623 3037; x_wconf 86' lang='lat'><em>0</em></span> <span class='ocrx_word' id='word_1_481' title='bbox 1639 3003 1651 3047; x_wconf 91' lang='grc' dir='ltr'>Η</span> <span class='ocrx_word' id='word_1_482' title='bbox 1679 3002 1777 3037; x_wconf 89' lang='lat' dir='ltr'><strong>unde</strong></span> 
     </span>
     <span class='ocr_line' id='line_1_46' title="bbox 69 3045 1775 3094; baseline 0.002 -14"><span class='ocrx_word' id='word_1_483' title='bbox 69 3045 106 3080; x_wconf 89' lang='lat' dir='ltr'><strong>et</strong></span> <span class='ocrx_word' id='word_1_484' title='bbox 132 3045 181 3079; x_wconf 88' lang='lat' dir='ltr'><em>M</em></span> <span class='ocrx_word' id='word_1_485' title='bbox 202 3046 215 3091; x_wconf 92' lang='grc' dir='ltr'>Η</span> <span class='ocrx_word' id='word_1_486' title='bbox 238 3058 374 3092; x_wconf 85' lang='lat' dir='ltr'><strong>nyseus</strong></span> <span class='ocrx_word' id='word_1_487' title='bbox 399 3046 436 3081; x_wconf 93' lang='lat' dir='ltr'><strong><em>A</em></strong></span> <span class='ocrx_word' id='word_1_488' title='bbox 471 3047 595 3083; x_wconf 85' lang='lat' dir='ltr'><strong>niseus</strong></span> <span class='ocrx_word' id='word_1_489' title='bbox 621 3048 667 3083; x_wconf 92' lang='lat' dir='ltr'><em>H</em></span> <span class='ocrx_word' id='word_1_490' title='bbox 699 3047 847 3084; x_wconf 87' lang='lat' dir='ltr'><strong>nisaeus</strong></span> <span class='ocrx_word' id='word_1_491' title='bbox 875 3049 925 3084; x_wconf 90' lang='lat' dir='ltr'><em>M</em></span> <span class='ocrx_word' id='word_1_492' title='bbox 959 3047 1124 3085; x_wconf 80' lang='lat' dir='ltr'><strong>nisaeius</strong></span> <span class='ocrx_word' id='word_1_493' title='bbox 1152 3047 1184 3083; x_wconf 83' lang='grc' dir='ltr'><em>Ο</em></span> <span class='ocrx_word' id='word_1_494' title='bbox 1203 3049 1216 3093; x_wconf 92' lang='grc' dir='ltr'>Η</span> <span class='ocrx_word' id='word_1_495' title='bbox 1247 3052 1291 3083; x_wconf 88' lang='grc'><strong>23</strong></span> <span class='ocrx_word' id='word_1_496' title='bbox 1318 3048 1523 3093; x_wconf 90' lang='lat' dir='ltr'><strong>posteritus</strong></span> <span class='ocrx_word' id='word_1_497' title='bbox 1548 3049 1594 3084; x_wconf 92' lang='lat' dir='ltr'><em>H</em></span> <span class='ocrx_word' id='word_1_498' title='bbox 1612 3050 1625 3094; x_wconf 89' lang='grc' dir='ltr'>Η</span> <span class='ocrx_word' id='word_1_499' title='bbox 1651 3050 1775 3084; x_wconf 91' lang='lat' dir='ltr'><strong>exten-</strong></span> 
     </span>
     <span class='ocr_line' id='line_1_47' title="bbox 70 3090 1777 3142; baseline 0.002 -16"><span class='ocrx_word' id='word_1_500' title='bbox 70 3090 174 3138; x_wconf 86' lang='lat' dir='ltr'><strong>dere]</strong></span> <span class='ocrx_word' id='word_1_501' title='bbox 200 3093 395 3129; x_wconf 82' lang='lat' dir='ltr'><strong>ostendere</strong></span> <span class='ocrx_word' id='word_1_502' title='bbox 414 3094 451 3129; x_wconf 88' lang='lat' dir='ltr'><em>R</em></span> <span class='ocrx_word' id='word_1_503' title='bbox 469 3095 482 3139; x_wconf 89' lang='grc' dir='ltr'><strong>ΙΙ</strong></span> <span class='ocrx_word' id='word_1_504' title='bbox 500 3098 546 3130; x_wconf 85' lang='grc'><strong>24</strong></span> <span class='ocrx_word' id='word_1_505' title='bbox 566 3095 739 3141; x_wconf 84' lang='lat' dir='ltr'><strong>gloriam]</strong></span> <span class='ocrx_word' id='word_1_506' title='bbox 766 3096 814 3132; x_wconf 91' lang='lat' dir='ltr'><strong>ab</strong></span> <span class='ocrx_word' id='word_1_507' title='bbox 840 3107 884 3132; x_wconf 92' lang='lat' dir='ltr'><strong>eo</strong></span> <span class='ocrx_word' id='word_1_508' title='bbox 910 3096 1011 3142; x_wconf 91' lang='lat' dir='ltr'><strong>quod</strong></span> <span class='ocrx_word' id='word_1_509' title='bbox 1035 3095 1227 3141; x_wconf 82' lang='lat' dir='ltr'><strong>praecedit</strong></span> <span class='ocrx_word' id='word_1_510' title='bbox 1246 3095 1296 3130; x_wconf 88' lang='lat' dir='ltr'><strong>ad</strong></span> <span class='ocrx_word' id='word_1_511' title='bbox 1319 3094 1358 3130; x_wconf 89' lang='lat' dir='ltr'><strong>id</strong></span> <span class='ocrx_word' id='word_1_512' title='bbox 1378 3096 1478 3140; x_wconf 89' lang='lat' dir='ltr'><strong>quod</strong></span> <span class='ocrx_word' id='word_1_513' title='bbox 1498 3095 1667 3142; x_wconf 88' lang='lat' dir='ltr'><strong>sequitur</strong></span> <span class='ocrx_word' id='word_1_514' title='bbox 1690 3107 1777 3130; x_wconf 87' lang='lat' dir='ltr'><strong>nam</strong></span> 
     </span>
     <span class='ocr_line' id='line_1_48' title="bbox 70 3138 1778 3192; baseline 0.002 -19"><span class='ocrx_word' id='word_1_515' title='bbox 70 3149 89 3173; x_wconf 95' lang='lat' dir='ltr'><strong>e</strong></span> <span class='ocrx_word' id='word_1_516' title='bbox 115 3138 254 3192; x_wconf 79' lang='lat' dir='ltr'><strong>uirtute</strong></span> <span class='ocrx_word' id='word_1_517' title='bbox 280 3140 403 3185; x_wconf 84' lang='lat' dir='ltr'><strong>gloria</strong></span> <span class='ocrx_word' id='word_1_518' title='bbox 426 3142 592 3178; x_wconf 81' lang='lat' dir='ltr'><strong>nascitur</strong></span> <span class='ocrx_word' id='word_1_519' title='bbox 616 3143 701 3179; x_wconf 81' lang='lat' dir='ltr'><strong>add.</strong></span> <span class='ocrx_word' id='word_1_520' title='bbox 727 3143 767 3178; x_wconf 90' lang='lat' dir='ltr'><em>D</em></span> <span class='ocrx_word' id='word_1_521' title='bbox 792 3145 804 3189; x_wconf 87' lang='grc' dir='ltr'><strong>ΙΙ</strong></span> <span class='ocrx_word' id='word_1_522' title='bbox 836 3144 902 3179; x_wconf 90' lang='lat' dir='ltr'><strong>aut</strong></span> <span class='ocrx_word' id='word_1_523' title='bbox 926 3144 997 3190; x_wconf 89' lang='lat' dir='ltr'><strong>est]</strong></span> <span class='ocrx_word' id='word_1_524' title='bbox 1025 3145 1091 3178; x_wconf 89' lang='lat' dir='ltr'><strong>aut</strong></span> <span class='ocrx_word' id='word_1_525' title='bbox 1116 3143 1216 3178; x_wconf 88' lang='lat' dir='ltr'><strong>certe</strong></span> <span class='ocrx_word' id='word_1_526' title='bbox 1242 3143 1300 3177; x_wconf 89' lang='lat' dir='ltr'><strong>est</strong></span> <span class='ocrx_word' id='word_1_527' title='bbox 1324 3142 1359 3178; x_wconf 73' lang='lat' dir='ltr'><strong><em>G</em></strong></span> <span class='ocrx_word' id='word_1_528' title='bbox 1383 3144 1395 3189; x_wconf 93' lang='grc' dir='ltr'>Η</span> <span class='ocrx_word' id='word_1_529' title='bbox 1426 3154 1449 3178; x_wconf 91' lang='lat' dir='ltr'><strong>a</strong></span> <span class='ocrx_word' id='word_1_530' title='bbox 1474 3154 1540 3179; x_wconf 87' lang='lat' dir='ltr'><strong>om.</strong></span> <span class='ocrx_word' id='word_1_531' title='bbox 1567 3142 1695 3178; x_wconf 83' lang='lat' dir='ltr'><strong>RFC.</strong></span> <span class='ocrx_word' id='word_1_532' title='bbox 1735 3143 1778 3178; x_wconf 75' lang='lat' dir='ltr'><strong>in</strong></span> 
     </span>
     <span class='ocr_line' id='line_1_49' title="bbox 71 3185 1777 3235; baseline 0.003 -16"><span class='ocrx_word' id='word_1_533' title='bbox 71 3185 176 3221; x_wconf 75' lang='lat' dir='ltr'><strong>editis</strong></span> <span class='ocrx_word' id='word_1_534' title='bbox 201 3188 466 3233; x_wconf 69' lang='lat' dir='ltr'><strong>eaeevmolaribas</strong></span> <span class='ocrx_word' id='word_1_535' title='bbox 490 3190 557 3225; x_wconf 86' lang='lat' dir='ltr'><strong>aut</strong></span> <span class='ocrx_word' id='word_1_536' title='bbox 581 3191 640 3226; x_wconf 85' lang='lat' dir='ltr'><strong>est</strong></span> <span class='ocrx_word' id='word_1_537' title='bbox 664 3189 800 3235; x_wconf 87' lang='lat' dir='ltr'><strong>aliquis</strong></span> <span class='ocrx_word' id='word_1_538' title='bbox 898 3192 1051 3227; x_wconf 84' lang='lat' dir='ltr'><strong>revocet</strong></span> <span class='ocrx_word' id='word_1_539' title='bbox 1076 3191 1122 3226; x_wconf 86' lang='lat' dir='ltr'><strong>ab</strong></span> <span class='ocrx_word' id='word_1_540' title='bbox 1147 3190 1199 3226; x_wconf 84' lang='lat' dir='ltr'><strong>eis</strong></span> <span class='ocrx_word' id='word_1_541' title='bbox 1223 3201 1317 3235; x_wconf 73' lang='lat' dir='ltr'><strong>quae</strong></span> <span class='ocrx_word' id='word_1_542' title='bbox 1334 3192 1561 3235; x_wconf 75' lang='lat' dir='ltr'><strong>praecedunt</strong></span> <span class='ocrx_word' id='word_1_543' title='bbox 1578 3202 1646 3225; x_wconf 67' lang='lat' dir='ltr'><strong>Av&#39;r</strong></span> <span class='ocrx_word' id='word_1_544' title='bbox 1664 3201 1777 3225; x_wconf 72' lang='lat' dir='ltr'><strong>unrvs</strong></span> 
     </span>
     <span class='ocr_line' id='line_1_50' title="bbox 71 3231 1016 3283; baseline 0.01 -18"><span class='ocrx_word' id='word_1_545' title='bbox 71 3231 186 3267; x_wconf 81' lang='lat' dir='ltr'><strong>verbis</strong></span> <span class='ocrx_word' id='word_1_546' title='bbox 206 3243 278 3277; x_wconf 73' lang='lat' dir='ltr'><strong>pro</strong></span> <span class='ocrx_word' id='word_1_547' title='bbox 303 3234 462 3270; x_wconf 83' lang='lat' dir='ltr'><strong>lemmate</strong></span> <span class='ocrx_word' id='word_1_548' title='bbox 486 3237 711 3282; x_wconf 76' lang='lat' dir='ltr'><strong>interpositis</strong></span> <span class='ocrx_word' id='word_1_549' title='bbox 734 3241 907 3283; x_wconf 77' lang='lat' dir='ltr'><strong>separata</strong></span> <span class='ocrx_word' id='word_1_550' title='bbox 930 3241 1016 3274; x_wconf 76' lang='lat' dir='ltr'><strong>sunt</strong></span> 
     </span>
    </p>
   </div>
   <div class='ocr_carea' id='block_1_9' title="bbox 143 3290 1491 3333">
    <p class='ocr_par' dir='ltr' id='par_1_17' title="bbox 143 3290 1491 3333">
     <span class='ocr_line' id='line_1_51' title="bbox 143 3290 1491 3333; baseline 0.008 -11"><span class='ocrx_word' id='word_1_551' title='bbox 143 3296 241 3323; x_wconf 80' lang='lat' dir='ltr'><strong>servii</strong></span> <span class='ocrx_word' id='word_1_552' title='bbox 259 3305 365 3325; x_wconf 86' lang='lat' dir='ltr'><strong>comm.</strong></span> <span class='ocrx_word' id='word_1_553' title='bbox 383 3299 452 3326; x_wconf 88' lang='lat' dir='ltr'><strong>Vol.</strong></span> <span class='ocrx_word' id='word_1_554' title='bbox 470 3300 511 3325; x_wconf 90' lang='lat'><strong>11.</strong></span> <span class='ocrx_word' id='word_1_555' title='bbox 532 3290 619 3327; x_wconf 77' lang='lat' dir='ltr'><strong>Fasc.</strong></span> <span class='ocrx_word' id='word_1_556' title='bbox 638 3301 662 3327; x_wconf 90' lang='grc' dir='ltr'><strong>Ι.</strong></span> <span class='ocrx_word' id='word_1_557' title='bbox 1470 3300 1491 3333; x_wconf 89' lang='grc'><strong>8</strong></span> 
     </span>
    </p>
   </div>
  </div>
 </body>
</html>
