2124 3600
279 1010 322 1040 10

275 1367 318 1397 15

270 1722 315 1753 20

355 248 412 290 52
1126 250 1287 287 snam
1351 298 1353 300 ι

353 362 410 400 est
433 358 565 400 crines
589 371 685 400 suos
702 358 919 401 Minervae
944 359 1105 412 capillis
1129 359 1362 412 praeferre:
1393 373 1476 412 qua
1501 373 1546 401 re
1571 360 1787 415 indiyiiata
1813 362 1898 413 dea,
1931 352 2062 405 crines

352 430 438 471 eius
469 430 515 471 in
545 432 744 483 serpentes
773 430 892 472 vertit
915 444 1082 484 eamque
1106 422 1238 473 excidi
1263 445 1288 472 a
1309 430 1457 473 Perseo
1485 431 1583 484 fecit
1612 432 1837 475 luminibus
1863 433 2059 485 orbatam,

349 500 522 554 fecitque
545 504 593 542 ut
615 501 800 554 quisquis
823 504 947 555 caput
970 502 1058 544 eius
1082 502 1248 544 vidisset
1270 505 1487 544 verteretur
1517 503 1563 544 in
1587 517 1748 546 saxum.
1786 505 1857 546 sed
1876 503 2059 559 Perseus,

351 572 466 614 Iovis
482 575 535 614 -et
563 570 738 614 Danaes
772 572 905 628 filius,
945 586 1036 614 eum
1067 573 1124 615 ad
1152 586 1241 615 eam
1276 574 1532 616 occidendam
1569 574 1739 629 volaret,
1770 589 1874 628 prae
1903 589 1944 618 se
1974 589 2060 618 scue

351 647 438 685 tum
466 643 601 696 ferens
630 644 782 698 speculi
813 644 987 686 candore
1009 644 1286 697 perlucidum,
1317 646 1423 687 sicut
1445 645 1641 687 Minerva
1666 649 1982 701 monstraverat,
2012 647 2059 688 in

348 715 497 757 umbra
526 715 614 757 eius
644 715 748 757 vidit
780 718 904 769 eaput
928 714 1143 769 Gorqonae
1173 719 1211 757 et
1239 717 1298 758 ita
1329 730 1494 758 aversus
1526 717 1714 759 accedens
1746 717 1790 759 id
1818 718 2056 771 amputavit.

347 786 458 840 quod
486 801 578 829 eum
608 787 666 829 ad
694 786 935 841 Polydecten
965 800 1096 841 reqem
1118 787 1356 841 pertulisset
1385 788 1498 841 isque
1528 791 1693 842 neqaret
1722 788 1767 830 id
1795 789 1882 830 eius
1912 789 2058 830 virtute

347 859 588 911 confectum,
631 858 892 911 conspicuum
931 858 978 899 id
1012 859 1098 912 reqi
1137 858 1255 910 fecit:
1301 859 1416 900 cuius
1458 862 1666 912 conspectu
1708 859 1777 902 ille
1820 860 1865 901 in
1905 872 2056 902 saxum

346 933 529 972 mutatus
554 934 628 981 est,
653 929 760 983 quod
783 929 828 970 in
847 927 1019 982 Seripho
1044 929 1184 972 insula
1207 929 1399 983 hodieque
1424 930 1660 972 ostenditur.
1700 929 1882 973 Serenus
1908 932 2053 973 tamen

348 1001 451 1043 dicit
482 1003 611 1055 poeta
646 1000 862 1054 Goryonas
892 1000 1058 1054 puellas
1089 1000 1223 1043 fuisse
1257 1001 1382 1042 unius
1422 1000 1777 1057 pulchritudinis,
1819 1017 1925 1058 quas
1957 1016 2054 1044 cum

348 1072 557 1114 vidissent
597 1071 910 1125 adulescentes,
955 1074 1129 1126 stupore
1171 1072 1422 1127 torpebant:
1467 1072 1578 1114 unde
1623 1072 1817 1128 fingitur,
1862 1073 1974 1128 quod
2017 1074 2051 1115 si

346 1144 441 1198 quis
474 1158 545 1185 eas
578 1143 776 1197 vidisset,
807 1142 1058 1184 vertebatur
1090 1142 1137 1184 in
1168 1142 1368 1196 lapidem.
1417 1156 1516 1185 sane
1546 1144 1715 1197 quidam
1745 1145 1887 1186 dicunt
1916 1158 2054 1187 versus

345 1215 449 1257 alios
477 1214 549 1257 lios
574 1228 601 1256 a
618 1217 742 1268 poeta
767 1213 840 1256 hoe
866 1214 948 1256 loco
973 1213 1148 1265 relictos,
1179 1214 1251 1267 qui
1270 1214 1322 1256 ab
1341 1214 1428 1256 eius
1447 1215 1769 1258 emendatoribus
1793 1216 1945 1258 sublati
1970 1217 2056 1259 sint

631 1285 835 1339 Geryonis
865 1286 911 1327 in
941 1285 1072 1327 medio
1096 1288 1331 1338 portentum
1364 1286 1531 1328 inmane
1564 1287 1770 1338 Medusae,

628 1358 811 1411 vipereae
841 1357 992 1398 circum
1024 1370 1099 1398 ora
1129 1370 1280 1408 comae,
1313 1358 1380 1399 cui
1409 1357 1532 1399 sibila
1563 1360 1748 1411 torquent

628 1429 881 1482 infamesque
910 1428 1045 1482 riqent
1074 1427 1197 1479 oculi,
1229 1431 1438 1482 mentoque
1467 1428 1540 1471 sub
1571 1429 1653 1471 imo

626 1502 857 1553 serpentum
888 1500 1079 1542 eoetremis
1108 1499 1318 1542 nodantur
1348 1500 1515 1542 vincula
1545 1500 1698 1543 caudis.

342 1583 670 1622 HARPYIAEQVE
711 1573 786 1612 aut
822 1571 910 1612 iam
948 1573 1140 1612 mortuas
1178 1570 1401 1626 intellege,
1443 1573 1518 1612 aut
1556 1571 1787 1613 secundum
1822 1571 2048 1615 Platonem

342 1647 385 1685 et
429 1644 535 1686 alios
580 1642 828 1696 simulacra,
872 1641 972 1683 licet
1020 1641 1235 1696 vivarum,
1283 1641 1373 1683 illic
1415 1641 1569 1684 fuisse:
1619 1657 1719 1684 nam
1763 1643 1910 1686 dicunt
1953 1659 2047 1687 esse

341 1715 534 1757 omnium
565 1728 707 1755 rerum
739 1713 857 1754 ideas
891 1711 1119 1767 quasdam,
1156 1711 1200 1753 id
1232 1714 1298 1754 est
1327 1712 1558 1768 imagines,
1594 1713 1646 1755 ad
1683 1728 1863 1768 quarum
1895 1715 2045 1757 simili-

339 1786 533 1828 tudinem
565 1786 849 1839 procreantur
880 1783 1092 1825 universa.
1141 1782 1241 1825 hinc
1273 1784 1341 1825 est·
1370 1783 1483 1838 quod
1514 1783 1559 1825 in
1586 1782 1727 1826 Statio
1756 1785 2044 1840 Amphiaraus

339 1856 516 1898 Plutoni
547 1855 652 1897 dicit
684 1854 918 1897 omnibus
951 1854 1137 1896 finitor
1173 1869 1339 1896 rerum
1379 1869 1489 1897 esse
1522 1855 1731 1910 videri-s,
1770 1856 1894 1899 mihi
1925 1871 2043 1899 vero

338 1932 387 1970 et
427 1930 578 1970 sator.
642 1927 794 1968 harum
827 1928 971 1967 autem
1010 1925 1240 1967 simulacra
1278 1925 1386 1968 bene
1425 1926 1537 1981 apud
1574 1926 1736 1969 inferos
1776 1929 1894 1982 sunt,
1932 1942 2041 1983 quae

339 2014 431 2041 esse
463 1999 663 2040 dicuntur
695 2000 738 2039 et
769 1997 916 2039 furiae.
1037 2007 1346 2039 TRICORPORIS
1380 2008 1568 2039 VMBRAE
1595 1998 1719 2052 Eryli
1746 1999 1788 2039 et
1817 1997 2042 2054 Geryonis.

430 2132 474 2162 21
503 2127 539 2162 in
567 2126 707 2173 Statio]
734 2126 852 2161 Theb.
877 2124 965 2160 VIII
989 2129 1033 2160 91

434 2241 451 2270 1
480 2234 599 2270 crines
626 2233 705 2268 eius
729 2233 770 2267 in
794 2233 983 2277 serpentes
1009 2230 1124 2266 uertit
1152 2230 1186 2266 Τ
1207 2232 1266 2275 (cf.
1293 2242 1413 2266 comm.
1441 2231 1531 2267 Duc.
1558 2231 1610 2266 IX
1635 2236 1703 2267 626
1726 2242 1763 2276 p.
1789 2236 1869 2277 306,
1890 2237 1936 2268 24
1963 2234 2037 2279 V.)=

335 2283 453 2337 crines
480 2293 590 2335 quarn
618 2282 658 2316 in
684 2281 892 2360 serp-ente}¹
900 2278 1016 2333 uertit
1041 2277 1276 2372 FeGDslzquiiteile?¹
1296 2279 2039 2372 ozuiggisFafinitoziagnggffmeepgssczegat

334 2342 357 2411 ¹5·
380 2328 1068 2422 {exiengaigiig‹i's36rqllllliiindorghlifflFul
1100 2372 1213 2418 sicut]
1240 2372 1292 2408 sic
1318 2338 1382 2421 ΟΡ.
1407 2373 1504 2408 sicut
1529 2401 1535 2407 .
1559 2338 1911 2421 .i³monstra¹irerat]
1938 2387 2011 2420 quo

334 2424 369 2459 ei
394 2424 561 2459 minerua
587 2423 742 2459 dederat
770 2421 802 2456 Z'
825 2422 837 2467 ΙΙ
869 2425 889 2456 6
916 2421 1037 2466 capud
1117 2421 1129 2466 ΙΙ
1153 2430 1319 2466 gorgone
1390 2420 1467 2457 GT
1489 2421 1501 2467 ΙΙ
1527 2431 1677 2456 auersus
1701 2421 1748 2455 T:
1774 2433 1903 2458 uersus
1922 2422 2001 2458 FG
2025 2423 2038 2471 Η
2084 2465 2087 2468 Δ

337 2511 355 2542 7
383 2507 599 2551 polydioten
626 2505 666 2540 F
699 2470 884 2552 polthen
910 2504 944 2539 G
980 2502 1198 2548 polydotem
1227 2502 1276 2546 T,
1307 2504 1464 2538 correxit
1488 2503 1694 2540 Masvicius
1723 2505 1735 2550 ΙΙ
1765 2505 1898 2550 hisque
1922 2505 2036 2588 FGAE

335 2558 356 2590 8
382 2553 607 2600 confectum]
634 2564 709 2588 non
735 2552 873 2588 factum
899 2551 929 2586 T
946 2552 958 2598 11
978 2550 1217 2596 conspicuum
1239 2577 1246 2585 .
1268 2577 1275 2585 .
1298 2577 1305 2585 .
1327 2550 1551 2596 ostenditur]
1578 2551 1616 2586 id
1641 2551 1723 2597 regi
1749 2551 1911 2588 ostendit
1936 2564 2010 2598 quo

332 2601 371 2636 in
397 2601 506 2636 serifo
531 2600 655 2636 insula
679 2598 864 2644 hodieque
891 2599 1117 2634 monstratur
1145 2597 1179 2631 Τ
1201 2598 1213 2644 ΙΙ
1243 2597 1320 2632 ficit
1345 2597 1380 2632 G
1403 2598 1415 2643 ΙΙ
1446 2598 1548 2633 cuius
1575 2600 1703 2644 spectu
1729 2598 1762 2634 G
1787 2600 1800 2645 ΙΙ
1830 2603 1851 2634 9
1878 2599 2035 2636 Serenus

331 2650 465 2683 tamen·
485 2676 491 2682 .
515 2676 521 2682 .
544 2675 551 2682 .
578 2648 793 2683 vertebatur
823 2645 863 2681 in
893 2645 1058 2690 lapidem
1083 2656 1147 2680 om.
1179 2645 1212 2679 T
1237 2645 1249 2691 ΙῙ
1281 2648 1325 2679 10
1349 2646 1461 2690 poeta
1487 2645 1579 2681 dicit
1603 2646 1701 2681 AM
1730 2647 1971 2691 (transposuit
1995 2647 2033 2693 a)

331 2697 445 2740 poeta
469 2705 535 2730 om.
557 2695 600 2729 H
646 2704 829 2739 gorganas
857 2693 890 2728 G
909 2694 921 2739 ΙΙ
951 2697 992 2727 11
1019 2691 1146 2738 figitur
1170 2693 1205 2726 A
1232 2696 1336 2736 (corr.
1356 2692 1393 2736 a)
1429 2692 1590 2738 fingetur
1616 2693 1650 2729 G
1668 2695 1680 2740 ΙΙ
1709 2697 1752 2728 13
1778 2694 1846 2729 hos
1871 2705 1936 2730 om.
1967 2694 2001 2728 Τ
2021 2694 2034 2740 Η

334 2747 377 2777 14
402 2751 585 2788 gorgones
652 2742 727 2776 GT
745 2743 756 2787 ΙΙ
778 2744 820 2776 15
846 2741 1019 2785 uipereae
1042 2740 1076 2774 Τ
1083 2754 1092 2774 :
1117 2739 1247 2784 uipera
1272 2739 1317 2774 δεῖ
1343 2737 1385 2772 F
1418 2739 1549 2784 uipera
1569 2740 1602 2776 G
1621 2742 1632 2787 ΙΙ
1650 2739 1744 2776 hora
1766 2740 1800 2775 G
1818 2742 1830 2787 n
1849 2740 1961 2776 sibila
1982 2741 2032 2776 1¹:

330 2789 465 2834 sibylla
484 2789 523 2824 F
558 2788 693 2832 sybilla
713 2789 746 2824 G
764 2790 776 2834 ΙΙ
798 2792 840 2823 16
866 2786 1101 2831 infamaeque
1125 2786 1158 2821 Τ
1175 2787 1187 2832 ΙΙ
1206 2787 1403 2831 mentoque
1429 2797 1473 2822 ex
1492 2788 1697 2833 meritoque
1724 2791 1779 2833 (ut
1803 2788 1959 2834 videtwr)
1984 2788 2030 2823 T:

329 2837 538 2880 meritoque
559 2835 637 2871 FG
656 2837 667 2882 ΙΙ
690 2839 731 2870 18
757 2847 1002 2874 HABPYIAEQVE
1028 2835 1094 2869 aut
1118 2833 1194 2868 iam
1220 2835 1384 2869 mortuas
1407 2861 1414 2867 .
1436 2861 1443 2867 .
1467 2863 1473 2869 .
1493 2837 1536 2869 ut
1561 2835 1721 2870 diximus
1747 2833 1851 2870 ducit
1875 2845 1941 2870 om.
1965 2833 2000 2870 G
2027 2834 2032 2882 Ι

328 2896 534 2924 ARPYAEQVE
559 2882 595 2917 R
603 2883 647 2917 H
679 2894 883 2921 mnsqvn
911 2880 982 2916 AS
1017 2892 1238 2920 Am‘msqvn
1263 2880 1459 2926 arpiasque
1487 2882 1537 2915 M
1552 2883 1564 2928 ΙΙ
1590 2883 1632 2916 ut
1655 2882 1730 2917 iam
1756 2881 1792 2916 R
1810 2883 1822 2928 ss
1846 2883 2011 2918 mortuas

329 2932 469 2967 occisas
491 2931 539 2964 M
556 2931 567 2976 ΙΙ
585 2929 838 2975 intellegimus
859 2928 898 2963 F
914 2929 926 2974 ΙΙ
944 2927 1138 2973 platimem
1160 2927 1204 2962 H
1218 2929 1229 2973 ΙΙ
1250 2931 1292 2962 19
1317 2926 1448 2973 fuisse]
1470 2929 1636 2964 omnium
1655 2940 1779 2964 rerum
1798 2930 1881 2966 add.
1899 2929 1973 2964 AS
1983 2929 2034 2964 M

328 2978 339 3025 ΙΙ
365 2982 410 3014 20
434 2977 562 3013 idaeas
588 2978 633 3011 Η
637 2976 732 3012 MF
752 2977 764 3023 ΙΙ
795 2980 837 3011 21
866 2975 966 3020 quod
989 2974 1029 3009 in
1054 2974 1174 3010 Statio
1202 3000 1210 3007 .
1231 3003 1238 3010 .
1261 3001 1269 3009 .
1295 2973 1428 3009 harum
1455 2986 1519 3010 om.
1546 2976 1592 3010 H
1611 2977 1623 3023 ΙΙ
1650 2975 1689 3010 in
1714 2986 1780 3012 om.
1808 2975 1849 3010 F
1869 2977 1882 3022 ΙΙ
1907 2974 2028 3011 stadio

327 3026 363 3061 R
384 3026 397 3072 ΙΙ
415 3025 598 3060 anfioraus
618 3024 657 3058 F
692 3024 821 3059 damas
842 3022 878 3058 R
915 3021 1126 3057 thiodamas
1147 3021 1219 3056 AS
1251 3021 1415 3056 ..damas
1444 3023 1493 3056 M
1516 3024 1689 3066 (duarum
1714 3023 1918 3058 litterarum
1943 3033 2025 3067 spa-

327 3074 379 3109 tio
403 3072 552 3117 relicto).
596 3072 696 3106 haud
720 3072 794 3107 scio
820 3082 870 3105 an
894 3069 1041 3105 Servius
1066 3068 1292 3103 Thiodamas
1316 3069 1519 3112 scripserit,
1544 3074 1586 3105 ut
1610 3071 1655 3105 ab
1681 3080 1720 3104 eo
1745 3069 1809 3114 qui
1827 3070 2027 3113 pleniorem

327 3119 620 3156 commentarium
645 3118 843 3163 composuit
867 3117 985 3162 ipsius
1009 3115 1238 3160 qrammatici
1256 3126 1357 3150 error
1374 3116 1540 3152 sublatus
1558 3118 1615 3153 sit.
1634 3118 1647 3170 ΙΙ
1667 3120 1711 3152 22
1737 3116 1875 3162 rerum]
1903 3127 1964 3153 ore
1989 3116 2026 3152 R

286 3166 289 3170 '
327 3168 338 3198 Η
363 3179 441 3203 esse
467 3178 532 3202 om.
554 3165 588 3200 A
608 3166 619 3212 ΙΙ
639 3169 683 3199 23
710 3164 820 3210 quae]
846 3164 934 3209 quia
954 3162 994 3198 F
1009 3164 1020 3210 ΙΙ
1042 3166 1084 3197 24
1111 3162 1203 3207 eryli
1229 3155 1270 3196 et'
1290 3161 1363 3196 AS
1372 3163 1421 3196 M
1426 3162 1466 3196 F
1501 3163 1592 3208 eryli
1616 3164 1706 3198 hcet
1731 3162 1767 3197 R
1805 3163 1949 3199 erilicet
1973 3164 2023 3199 H.

327 3215 372 3257 cf.
399 3213 590 3249 Ribbeckii
614 3212 735 3247 adnot.
763 3213 811 3246 ad
839 3211 921 3245 Vlll
950 3215 1016 3246 563
1043 3213 1076 3245 et
1100 3209 1198 3245 Serv.
1225 3210 1274 3244 ad
1299 3208 1385 3244 VIII
1411 3213 1497 3254 564,
1522 3210 1588 3246 ubi
1612 3210 1745 3246 erilum
1771 3210 1858 3245 libri
1876 3214 2024 3255 praeter
