2092 3614
263 1025 307 1057 10

263 1383 306 1414 15

336 262 423 303 290
1110 263 1271 300 SERVII

334 371 439 412 item
473 386 602 427 supra
634 372 779 427 (631)
813 371 1002 428 elupam',
1043 388 1139 414 cum
1178 373 1285 415 artis
1318 373 1375 414 sit
1407 371 1506 414 ‘hic’
1540 375 1583 414 et
1615 372 1735 415 ‘haec
1767 372 1928 427 lupus':
1967 375 2043 414 aut

335 445 450 484 certe
486 443 593 485 illud
633 443 840 498 ostendit,
878 444 980 499 quia
1017 445 1062 486 in
1100 444 1299 486 omnibus
1338 444 1474 487 sacris
1511 443 1708 486 feminini
1740 444 1910 499 generis
1942 444 2041 500 plus

335 514 482 555 valent
512 514 724 557 victimae.
773 515 957 570 denique
991 516 1027 558 si
1059 530 1136 571 per
1167 530 1330 557 marem
1362 516 1486 558 litare
1512 530 1599 558 non
1623 517 1819 571 possent,
1853 515 2041 557 succida—

333 598 416 627 nea
442 585 627 628 dabatur
651 586 831 641 femina3
865 586 901 627 si
928 589 1071 629 autem
1098 601 1173 642 per
1198 587 1405 629 feminam
1426 602 1514 629 non
1539 587 1759 641 litassent,
1786 586 2041 628 succidanea

334 655 528 714 adhiberi
554 672 643 699 non
667 660 851 712 poterat.
894 659 1065 712 quidam
1085 657 1280 712 ‘porcam'
1307 658 1529 712 euphoniae
1549 658 1690 712 qratia
1714 658 1866 700 dietam
1889 657 2041 700 volunt.

332 726 456 769 haias
493 731 629 770 autem
663 727 767 781 faeti
796 728 843 769 in
873 741 994 770 saera
1023 729 1093 771 via
1123 729 1243 783 siyna
1274 732 1402 785 stant,
1434 728 1637 771 Romulus
1668 744 1696 771 a
1718 732 1840 782 parte
1871 728 2043 783 Palatii,

336 798 482 841 Tatius
511 799 762 841 venientibus
791 813 819 840 a
849 800 1005 843 rostris.

452 870 550 912 642.
602 881 742 912 CITAE
774 882 967 915 METTVM
997 883 1047 913 IN
1073 882 1274 914 DIVERSA
1301 882 1574 922 QVADRIGAE
1599 870 1799 913 Donatus
1832 870 1913 913 hoc
1945 870 2040 912 loco

333 944 483 983 contra
520 943 704 983 metrum
744 942 893 997 sentit,
932 942 1076 984 dicens
1111 941 1262 985 ‘citae'
1296 942 1474 998 divisae,
1515 946 1564 984 ut
1602 944 1668 984 est
1698 943 1743 984 in
1776 942 1867 983 iure
1900 941 2039 983 ‘ercto

332 1027 419 1054 non
446 1011 567 1067 cito',
599 1012 643 1054 id
672 1014 737 1054 est
761 1013 1024 1068 patrimonio
1056 1014 1126 1056 vel
1156 1014 1423 1056 haereditate
1454 1029 1543 1056 non
1575 1013 1731 1068 divisa3
1763 1028 1863 1054 nam
1897 1011 2039 1055 ‘citus'

333 1098 430 1125 cum
465 1083 626 1126 divisus
659 1083 896 1139 significat,
938 1083 1020 1126 ‘ci'
1052 1085 1185 1141 longa
1216 1088 1293 1128 est.
1355 1100 1458 1142 ergo
1491 1083 1646 1127 ‘citae’
1678 1085 1844 1143 veloces
1876 1084 2043 1125 intelle-

332 1168 496 1210 gamus.
548 1169 676 1210 quem
710 1157 856 1196 autem
882 1154 986 1196 dicit
1010 1153 1230 1209 Vergilius
1258 1155 1443 1198 Mettum
1469 1156 1648 1198 Mettius
1674 1154 1869 1197 Fufetius
1902 1155 2041 1197 dictus

332 1228 415 1280 est,
454 1225 567 1281 quod
604 1239 761 1267 nomen
799 1225 1018 1267 mutilavit
1048 1240 1179 1268 causa
1210 1227 1350 1268 metri.
1412 1226 1610 1269 novimus
1643 1229 1787 1268 autem
1818 1226 2043 1280 nominum

331 1297 401 1339 vel
434 1285 722 1340 mutationem
754 1296 823 1339 vel
855 1296 1171 1339 mutilationem
1203 1312 1451 1340 concessam
1484 1298 1642 1353 poetis:
1676 1298 1736 1340 sic
1761 1312 1840 1353 pro
1867 1297 2042 1339 Polluce

334 1366 575 1424 Castorem,
620 1383 699 1424 pro
739 1367 973 1423 Cytheride
1010 1367 1264 1424 Lycoridem
1300 1369 1464 1425 posui-t,
1508 1371 1557 1411 ut
1600 1369 1685 1412 sed
1729 1383 1856 1425 quae
1900 1369 2042 1424 legat

331 1440 444 1495 ipsa
487 1439 715 1495 Lycoris.
776 1440 869 1482 hic,
892 1441 1037 1481 autem
1079 1439 1256 1482 Mettius
1300 1439 1496 1482 Fufetius
1542 1455 1639 1483 cum
1688 1439 1802 1495 apud
1845 1439 2041 1482 Albanos

332 1526 545 1553 summam
583 1525 728 1552 rerum
764 1512 951 1566 teneret,
993 1525 1018 1551 a
1049 1509 1259 1552 Romanis
1296 1510 1341 1552 in
1379 1511 1587 1554 auxilium
1626 1515 1777 1554 contra
1812 1510 2042 1553 Fidenates

331 1586 528 1638 vocatus,
559 1582 651 1624 iure
684 1581 904 1624 societatis
935 1581 1053 1623 venit
1085 1581 1275 1637 quidem,
1307 1582 1380 1624 sed
1413 1582 1459 1624 in
1489 1582 1585 1638 ipso
1617 1583 1783 1638 proelio
1811 1582 1865 1624 ad
1890 1582 2040 1624 hostes

292 1649 294 1651 ¹
332 1654 499 1696 defecit.
561 1652 674 1708 quod
710 1667 890 1695 cernens
921 1652 1072 1694 Tullus
1103 1651 1322 1694 Hostilius
1360 1653 1423 1695 ait
1460 1668 1563 1696 voce
1602 1654 1790 1695 maxima
1827 1653 2040 1695 militibus

259 1741 304 1772 20

259 2098 304 2130 25

331 1726 439 1781 suis,
469 1724 533 1767 ita
564 1727 612 1766 ut
643 1724 775 1766 etiam
808 1723 944 1766 hostis
971 1724 1139 1767 audiret
1172 1723 1239 1766 ‘ne
1265 1724 1508 1779 trepidetis:
1540 1739 1635 1767 meo
1663 1725 1843 1767 consilio
1874 1725 2039 1767 factum

331 1800 414 1852 est,
445 1799 494 1838 ut
525 1796 705 1839 factiose
737 1795 917 1838 Mettius
949 1794 1146 1837 Fufetius
1179 1795 1233 1837 ad
1264 1795 1411 1838 hostes
1443 1795 1689 1839 transiret':
1739 1811 1822 1852 quo
1855 1795 2038 1838 consilio

330 1871 374 1910 et
411 1868 499 1910 suis
537 1882 672 1924 paene
709 1868 795 1909 iam
834 1867 1016 1910 amissas
1055 1866 1241 1909 reddidit
1281 1867 1393 1909 vires
1432 1870 1475 1909 et
1513 1867 1654 1910 effecit
1685 1882 1738 1909 ne
1770 1867 1917 1910 hostes
1950 1881 2039 1909 cre-

321 1941 481 1989 flerent
512 1939 678 1982 Mettio.
724 1953 852 1995 quem
888 1941 990 1994 post
1025 1939 1252 1982 victoriam
1291 1940 1466 1994 captum
1505 1938 1655 1981 Tullus
1688 1938 1903 1982 Hostilius
1942 1938 2037 1980 reli-

331 2011 452 2067 gavit
496 2011 564 2053 ad.
594 2011 718 2053 binas
764 2009 1016 2066 quadrigas,
1059 2009 1122 2051 ita
1165 2012 1215 2051 ut
1260 2010 1314 2051 ab
1359 2001 1456 2052 unis
1500 2009 1722 2066 quadrigis
1765 2010 2039 2052 traherentur

331 2098 503 2139 manus,
533 2083 663 2138 pedes
695 2096 795 2124 vero
828 2081 882 2123 ab
916 2081 1084 2123 alteris:
1117 2081 1273 2136 quibus
1307 2081 1483 2137 agitatis
1514 2081 1720 2123 velociter
1752 2096 1848 2123 eum
1877 2080 2039 2123 crudeli

330 2158 468 2198 morte
501 2154 742 2208 discerpsit.
804 2153 951 2195 videns
991 2153 1135 2207 itaque
1166 2154 1297 2207 poeta
1327 2151 1524 2195 Romano
1556 2153 1720 2195 nomini
1752 2153 2035 2208 incongruam

331 2242 424 2270 esse
456 2226 709 2281 vindictam,
752 2225 923 2280 culpam
961 2224 1006 2266 in
1043 2223 1237 2266 criminis
1274 2226 1495 2280 retorquet
1531 2226 1768 2278 auctorem,
1810 2224 1952 2266 dicens
1985 2238 2037 2265 ex

331 2314 409 2341 sua
440 2313 626 2354 persona
657 2297 710 2340 ad
741 2298 885 2353 ipsum
917 2288 1118 2338 Mettium
1150 2294 1212 2338 ‘at
1234 2298 1289 2337 tu
1315 2295 1442 2338 dictis
1471 2295 1638 2338 Albane
1664 2294 1896 2337 maneres'.
1940 2295 2036 2337 ideo

330 2372 459 2413 etiam
487 2368 737 2412 ‘mendacis’
766 2368 916 2423 infert,
948 2370 997 2409 ut
1026 2367 1186 2410 tacitae
1218 2367 1461 2423 quaestioni
1488 2369 1530 2408 et
1554 2366 1739 2409 invidiae
1772 2366 2034 2408 crudelitatis

424 2527 444 2558 9
474 2523 601 2559 ‘citae’
631 2519 790 2569 divisae]
818 2522 864 2558 cf.
888 2521 985 2558 Non.
1011 2533 1047 2567 p.
1075 2524 1156 2565 265,
1183 2524 1229 2556 24
1253 2520 1302 2557 M.
1328 2522 1340 2566 11
1374 2524 1417 2556 15
1444 2520 1510 2555 sed
1535 2520 1647 2567 quae]
1674 2520 1756 2556 buc.
1782 2519 1816 2555 X
1840 2524 1861 2555 2

426 2671 443 2702 1
470 2666 599 2712 lupam
625 2675 692 2701 om.
718 2665 805 2699 LH
826 2665 924 2710 (add.
951 2666 977 2710 l)
1009 2666 1021 2712 11
1058 2664 1185 2711 lupus]
1218 2659 1393 2699 commuz'i
1420 2674 1536 2708 genus
1562 2674 1642 2698 esse
1667 2663 1752 2699 add.
1780 2663 1841 2708 M,
1865 2663 1931 2700 del.
1956 2673 1992 2697 m
2024 2663 2034 2709 11

329 2720 349 2751 2
375 2716 415 2750 in
433 2725 500 2750 om.
517 2713 603 2748 LH
617 2714 629 2759 11
647 2711 817 2747 feminini
834 2711 872 2746 R
879 2712 968 2747 LH
970 2723 1006 2747 m
1041 2711 1195 2747 feminei
1214 2710 1335 2746 ASF
1367 2709 1499 2747 femini
1520 2711 1567 2745 M
1584 2712 1597 2756 11
1615 2715 1636 2745 3
1658 2711 1888 2747 succedanea
1905 2710 2037 2746 ΑΒΜ

328 2764 433 2809 (corr.
461 2764 498 2803 a)
537 2761 746 2796 sucedanea
771 2758 812 2793 F
835 2760 847 2803 11
878 2763 900 2794 4
925 2759 1105 2795 feminina
1130 2759 1165 2794 L
1193 2760 1206 2806 11
1235 2759 1384 2795 litasset
1408 2759 1494 2793 ΕΗ
1499 2759 1547 2793 Μ
1571 2760 1675 2803 (corr.
1703 2759 1729 2804 l)
1761 2760 1774 2804 11
1805 2758 2034 2794 succedanea

328 2810 402 2845 AS
411 2810 460 2844 M
465 2808 507 2844 F
538 2811 642 2853 (corr.
670 2808 718 2852 a).
766 2806 921 2841 uictima
945 2818 1045 2852 supr.
1071 2818 1160 2844 vers.
1187 2807 1271 2843 add.
1298 2807 1311 2842 l
1342 2808 1354 2853 11
1391 2811 1412 2842 5
1439 2806 1615 2842 adhibere
1642 2805 1683 2841 F
1714 2807 1727 2852 11
1761 2805 1926 2851 gratiam
1951 2804 1992 2840 F
2023 2806 2033 2852 11

329 2859 350 2893 6
375 2857 477 2903 pacti
503 2857 595 2892 coni.
615 2855 888 2899 Burmannus„
907 2865 930 2889 a
954 2856 1062 2899 parte
1087 2855 1242 2890 Daniel:
1269 2855 1397 2900 aperte
1423 2854 1463 2888 F
1479 2855 1490 2901 11
1509 2853 1628 2899 palati
1652 2853 1720 2899 Fu
1748 2857 1768 2888 7
1793 2854 1934 2888 rostros
1960 2852 2001 2887 F
2021 2853 2033 2900 11

329 2908 349 2940 9
377 2906 500 2940 erecto
527 2903 599 2939 AS
636 2901 739 2938 eroto
764 2901 800 2936 R
837 2901 940 2936 recto
966 2901 1006 2936 F
1022 2903 1034 2948 11
1055 2906 1096 2937 11
1123 2901 1376 2947 intellegimus
1402 2901 1442 2936 F
1458 2902 1470 2948 11
1491 2904 1533 2936 12
1559 2900 1734 2946 Mettum]
1759 2902 1897 2935 mettus
1922 2899 1998 2934 AS
2023 2902 2032 2946 11

327 2951 465 2988 metius
490 2951 519 2987 S
555 2950 711 2986 metcius
730 2949 766 2984 L
784 2950 796 2994 11
815 2947 971 2984 fufecius
989 2949 1063 2984 AS
1099 2948 1268 2984 fuffecius
1294 2949 1329 2984 L
1367 2949 1523 2984 sufetius
1542 2948 1640 2983 HM
1658 2949 1670 2994 11
1691 2951 1736 2983 14
1756 2946 2032 2983 mutilationem

327 3000 390 3036 uel
414 2999 660 3035 mutationem
679 2997 715 3032 L
746 2998 759 3043 11
788 2995 958 3042 Polluce]
984 2996 1125 3041 pulliae
1146 2996 1187 3031 F
1213 2998 1225 3043 11
1264 3000 1308 3031 15
1335 2997 1414 3043 sed]
1442 2996 1492 3032 sit
1509 2996 1546 3030 R
1576 2996 1588 3041 11
1627 2999 1669 3030 17
1697 3007 1880 3030 summum
1900 2995 1999 3030 HM
2021 2993 2033 3042 11

330 3052 373 3083 19
398 3047 529 3083 tullius
554 3045 634 3081 AR
653 3047 664 3091 11
682 3055 774 3080 uoce
799 3054 935 3090 magna
959 3043 995 3079 L
1014 3045 1026 3091 11
1045 3048 1091 3079 20
1117 3045 1171 3079 ita
1196 3056 1263 3080 om.
1291 3044 1421 3089 F1122
1448 3043 1633 3078 ammissis
1659 3044 1738 3088 (sic)
1764 3043 1839 3078 iam
1864 3042 1905 3077 F
1920 3044 1932 3087 11
1951 3042 2032 3077 red-

329 3095 386 3131 dit
410 3094 497 3130 LH
529 3095 541 3141 11
577 3098 621 3128 23
648 3093 850 3138 postquam
874 3091 951 3131 Lm
975 3093 1081 3136 (corr.
1109 3092 1135 3137 Z)
1171 3095 1259 3136 post
1284 3103 1394 3136 quem
1419 3091 1518 3126 HM
1546 3091 1557 3136 11
1595 3094 1743 3136 captam
1767 3090 1803 3124 L
1828 3092 1933 3135 (corr.
1961 3090 1988 3135 l)
2028 3091 2031 3136 1

327 3143 458 3179 tullius
475 3140 602 3177 RnF
617 3142 629 3187 11
648 3145 693 3175 24
719 3140 835 3175 aduas
862 3139 926 3186 (ad
951 3139 1042 3175 duas
1061 3138 1214 3184 Daniel)
1241 3139 1440 3184 quadrigas
1459 3137 1500 3173 F
1515 3139 1528 3185 11
1545 3139 1601 3174 ita
1621 3166 1628 3173 .
1645 3165 1652 3173 .
1672 3166 1678 3173 .
1700 3137 1890 3184 quadrigis
1915 3149 1981 3173 om.

329 3191 427 3234 (add.
455 3190 480 3234 l)
499 3191 513 3236 11
531 3188 651 3224 abinis
675 3188 750 3223 AS
773 3188 834 3232 (ab
859 3188 941 3222 unis
967 3188 1003 3232 a)
1023 3189 1035 3232 11
1055 3191 1099 3222 26
1125 3187 1269 3222 romani
1292 3185 1453 3221 nominis
1480 3186 1627 3231 (ominis
1654 3185 1713 3232 H)
1740 3185 1868 3220 RLH
1883 3187 1895 3231 11
1920 3188 1965 3220 27
1991 3185 2029 3220 in

328 3249 395 3274 om.
421 3238 462 3273 F
476 3239 488 3283 11
516 3237 751 3281 retorquetur
775 3235 816 3269 F
850 3235 1043 3280 retorquet
1065 3234 1106 3270 in
1131 3235 1270 3271 Daniel
1297 3236 1308 3281 11
1339 3238 1383 3270 29
1412 3233 1645 3270 credulitatis
1671 3234 1717 3269 H
