2124 3600
546 259 696 296 COMM.
722 257 775 294 IN
801 255 943 294 VERG.
971 255 1082 292 AEN.
1108 256 1161 293 VI
1186 260 1384 292 303-324.
1534 266 1539 270 ·
1762 253 1819 296 55

225 371 323 414 313.
372 381 503 412 PRIMI
542 379 905 411 TRANSMITTERE
942 366 1083 423 figura
1121 364 1286 408 Graeca
1324 367 1407 407 est:
1448 367 1496 407 ut
1533 365 1664 420 primi
1701 366 1817 407 tran·

109 443 256 485 sirent.

228 513 326 556 315.
377 524 556 556 'rms'ms
591 526 734 567 asper,
766 508 1095 564 inmiserabiliS,
1124 521 1294 551 severus.

227 585 326 628 317.
376 595 557 627 AENEAS
590 583 700 626 'ordo
741 584 824 625 est:
867 580 1039 624 Aeneas
1078 580 1156 634 ait,
1194 580 1279 634 dic,
1318 594 1343 622 0
1376 578 1519 635 virgo:
1564 580 1706 620 cetera
1742 592 1820 632 per

110 656 390 712 parenthesin
421 656 536 699 dicta
568 656 685 710 sunt,
715 655 763 696 id
791 656 849 696 est
869 666 948 707 per
977 652 1306 706 &oppositionem

227 728 326 770 319.
376 739 469 779 Qvo
501 737 774 770 DISCRIMINE
806 739 892 780 qua
923 723 1175 766 differentia.
1284 733 1417 764 RIPAs
1450 732 1544 763 HAE
1577 732 1817 771 LINQVVNT

109 799 308 854 repulsae
341 798 522 853 scilicet,
559 812 646 840 non
677 797 962 838 transeuntes.

227 870 325 912 320.
375 880 504 912 VADA
535 880 699 911 LIVIDA
730 866 869 923 nigra.
925 868 968 908 et
1000 863 1213 907 ‘lividum'
1244 864 1438 907 invidum
1469 878 1559 906 non
1588 863 1674 905 nisi
1706 862 1819 918 apud

107 941 349 984 neotericos
386 940 649 983 invenimus:
698 938 896 980 Lucanus
930 936 979 992 <I
1012 936 1127 990 288>
1166 936 1301 978 livor
1338 935 1462 977 edax
1499 934 1604 988 tibi,
1637 935 1820 976 cuncta

108 1014 280 1068 negat,
311 1014 596 1069 gentesque
629 1010 883 1052 subactas.

228 1083 326 1125 321.
373 1094 627 1126 LONGAEVA
659 1091 897 1124 SAOERDOS
931 1077 1142 1134 Sibyllam
1174 1077 1335 1133 Apollo
1373 1078 1446 1133 pio
1486 1092 1632 1120 amore
1670 1077 1820 1120 dilexit

110 1156 153 1196 et
186 1154 225 1196 ei
257 1154 419 1196 obtulit
450 1153 655 1209 poscendi
694 1151 808 1208 quod
847 1151 977 1194 vellet
1015 1150 1254 1192 arbitrium.
1316 1149 1396 1191 illa
1427 1149 1575 1191 hausit
1612 1149 1820 1191 harenam

110 1225 309 1268 manibus
349 1228 392 1267 et
428 1227 520 1267 tam
558 1225 736 1280 longam
774 1223 911 1265 vitam
948 1221 1157 1276 poposcit.
1220 1220 1288 1262 cui
1319 1220 1479 1275 Apollo
1514 1220 1738 1274 respondit
1774 1219 1820 1261 id

110 1312 236 1353 posse
261 1297 373 1352 fieri,
408 1296 445 1339 si
470 1295 780 1351 Erythraeam,
811 1293 857 1335 in
885 1308 970 1349 qua
994 1292 1240 1344 habitabat,
1274 1292 1461 1335 insulam
1487 1292 1751 1347 relinqueret
1776 1294 1820 1333 et

109 1383 204 1411 eam
229 1382 465 1423 numquam
491 1367 665 1410 videret.
716 1365 912 1420 profecta
943 1364 1077 1420 igitur
1102 1363 1261 1406 Cumas
1293 1363 1435 1405 tenuit
1461 1365 1504 1404 et
1528 1363 1619 1404 illic
1652 1362 1820 1404 defecta

110 1440 303 1495 corporis
335 1439 497 1482 viribus
531 1439 665 1481 vitam
696 1436 744 1478 in
775 1436 871 1479 sola
903 1449 1006 1478 voce
1037 1434 1226 1476 retinuit.
1290 1434 1403 1490 quod
1442 1449 1538 1476 cum
1578 1434 1690 1476 cives
1727 1434 1818 1476 eius

110 1510 434 1568 cognovissent,
474 1510 565 1552 sive
601 1507 784 1563 invidia,
821 1507 910 1550 sive
943 1506 1223 1548 miseratione
1255 1505 1480 1560 commoti,
1521 1505 1560 1547 ei
1590 1505 1820 1560 epistolam

112 1582 322 1625 miserunt
352 1582 470 1624 creta
501 1581 679 1636 antiquo
712 1593 831 1622 more
863 1578 1096 1633 signatam:
1133 1592 1218 1633 qua
1248 1577 1358 1632 visa,
1390 1577 1491 1632 quia
1522 1579 1616 1619 erat
1646 1577 1697 1619 de
1729 1577 1819 1619 eius

111 1654 270 1708 insula,
302 1653 349 1695 in
373 1654 559 1695 mortem
589 1652 732 1694 soluta
759 1653 835 1692 est.
875 1649 985 1692 unde
1010 1663 1099 1691 non
1123 1649 1232 1691 nulli
1258 1648 1370 1691 hanc
1395 1663 1488 1691 esse
1514 1648 1680 1705 dicunt,
1712 1663 1820 1704 quae

112 1725 312 1776 Romana
335 1724 428 1766 fata
454 1722 723 1778 conscripsit,
749 1721 863 1777 quod
887 1721 1061 1763 incenso
1085 1719 1303 1776 Apollinis
1329 1720 1492 1776 templo
1518 1720 1616 1763 inde
1635 1720 1820 1763 Romam

111 1796 247 1838 adlati
278 1798 379 1838 sunt
408 1795 528 1851 libri,
559 1794 670 1837 unde
701 1794 808 1835 haec
839 1793 991 1835 fuerat.

230 1867 327 1909 322.
377 1877 510 1908 DEVM
535 1862 820 1908 *CERTISSIMA
851 1874 1031 1906 PROLES
1064 1877 1115 1905 ex
1147 1877 1197 1905 eo
1230 1862 1345 1918 quod
1377 1863 1520 1905 subire
1551 1863 1714 1906 inferos
1745 1878 1819 1919 po-

112 1938 207 1981 tuit.
270 1938 366 1979 ideo
400 1939 544 1979 autem
577 1934 862 1990 ‘certissima',
893 1935 995 1990 quia
1027 1934 1151 1977 multi
1184 1934 1238 1976 ad
1269 1934 1454 1989 gloriam
1487 1935 1655 1990 generis
1688 1935 1818 1978 simu-

112 2010 206 2052 lant
244 2023 290 2051 se
321 2009 548 2051 numinum
583 2007 718 2063 filios,
758 2009 806 2049 ut
836 2005 1049 2048 Romulus
1088 2019 1139 2048 ex
1169 2005 1328 2061 Marte,
1359 2004 1604 2048 Alexander
1636 2020 1687 2048 ex
1718 2006 1819 2049 Iove

112 2081 338 2123 Ammone.
389 2080 471 2122 hoc
497 2093 601 2136 ergo
629 2078 824 2121 excludit.
877 2077 937 2119 sic
964 2076 1070 2119 alibi
1101 2076 1151 2118 de
1175 2075 1358 2118 Hercule
1379 2075 1518 2131 <VIII
1537 2077 1653 2132 301>
1680 2077 1820 2120 salve

111 2167 230 2195 vera
260 2151 399 2195 Iovis
432 2149 616 2206 proles.

229 2224 328 2266 324.
373 2234 434 2265 ET
454 2224 670 2265 FALLERE
691 2232 857 2264 NVMEN
883 2221 933 2262 ut
959 2233 1087 2274 supra
1114 2218 1260 2274 <134>
1288 2218 1492 2274 diximus,
1525 2219 1614 2262 sive
1641 2222 1820 2278 propter

112 2295 330 2338 Victoriae
361 2294 574 2349 favorem,
613 2291 763 2349 Stygis
795 2291 927 2333 filiae:
965 2305 1066 2333 nam
1099 2289 1254 2332 dicitur
1285 2290 1490 2332 statuisse
1524 2290 1734 2347 Iuppiter,
1772 2293 1820 2333 ut

207 2393 228 2424 8
254 2399 377 2424 11va
402 2387 511 2433 nigra
537 2398 566 2422 e.
595 2398 629 2431 q.
657 2385 700 2431 8.]
729 2384 773 2421 cf.
800 2385 906 2420 Luct.
932 2384 1032 2420 Plac.
1059 2383 1107 2420 ad
1133 2383 1226 2419 Stat.
1255 2383 1370 2419 Theb.
1397 2382 1413 2417 I
1438 2386 1483 2418 57
1515 2385 1527 2430 ΙΙ
1568 2387 1610 2419 11
1638 2383 1819 2429 Sibyllam

113 2447 142 2472 e.
170 2448 204 2482 q.
232 2436 278 2482 8.]
305 2446 418 2471 exscr.
445 2434 630 2480 mythogr.
657 2432 674 2466 I
695 2435 780 2477 153;
807 2431 1002 2478 11871128
1029 2443 1116 2467 nam
1142 2431 1279 2467 dicitur
1305 2459 1311 2465 .
1336 2459 1342 2466 .
1366 2458 1372 2465 .
1399 2431 1676 2478 prohiberetur]
1704 2442 1818 2467 exscr.

112 2484 297 2529 mythogr.
323 2481 375 2516 m
401 2487 434 2527 6,
459 2486 480 2517 3

211 2570 230 2601 1
257 2566 394 2601 scholia
419 2565 468 2601 ad
491 2575 524 2600 v.
552 2567 620 2599 313
646 2566 679 2599 et
705 2565 773 2598 315
799 2574 865 2599 om.
891 2563 924 2599 G
943 2564 955 2610 u
974 2562 1032 2608 ut]
1060 2561 1098 2597 in
1123 2561 1164 2597 F
1179 2563 1191 2608 ΙΙ
1211 2565 1233 2596 4
1259 2572 1393 2597 aeneas
1420 2562 1475 2597 ait
1500 2562 1560 2598 dic
1585 2562 1640 2598 ait
1666 2574 1687 2598 o
1712 2561 1820 2609 uirgo

113 2613 194 2650 FG
217 2614 229 2660 ΙΙ
260 2616 280 2648 5
307 2612 347 2648 id
374 2613 431 2648 est
453 2623 521 2657 per
546 2610 840 2657 suppositionem
866 2609 981 2646 edidit
1006 2609 1214 2654 Stephanus
1238 2610 1250 2655 ΙΙ
1276 2609 1555 2655 suppostionem
1582 2609 1623 2644 F
1656 2609 1820 2656 subposi-

113 2662 255 2697 tionem
281 2660 315 2696 G
333 2661 345 2707 ΙΙ
375 2664 395 2695 6
420 2660 558 2695 scholia
582 2659 687 2694 adssv.
715 2662 783 2694 319
810 2669 875 2695 om.
904 2658 938 2694 G
956 2659 968 2704 ΙΙ
987 2669 1080 2698 Qvon
1107 2657 1147 2692 F
1163 2658 1174 2703 ΙΙ
1203 2661 1224 2692 8
1249 2669 1396 2697 mqvmx
1421 2657 1457 2692 A
1484 2660 1520 2703 (Q
1544 2658 1610 2693 del.
1637 2658 1675 2703 α)
1694 2657 1820 2704 11111νί-

114 2710 202 2744 dum
227 2719 293 2744 om.
309 2708 343 2743 G
361 2709 373 2754 ΙΙ
392 2711 413 2743 9
439 2706 643 2743 neotericos
670 2705 704 2742 G
740 2706 939 2742 teotericos
959 2705 995 2739 A
1020 2704 1246 2750 (neutericos
1266 2706 1303 2749 a)
1329 2705 1334 2749 Ι
1356 2708 1399 2739 10
1423 2707 1566 2751 negant
1584 2705 1625 2739 H
1642 2706 1654 2751 ΙΙ
1672 2706 1820 2750 gentes—

114 2767 185 2801 que
211 2755 386 2791 subactas
412 2765 477 2790 om.
505 2753 539 2789 G
556 2755 569 2799 ΙΙ
588 2754 777 2800 subactas]
805 2753 895 2789 licet
921 2751 1067 2788 ouidius
1094 2753 1151 2797 (ex
1179 2752 1298 2787 Ponto
1400 2756 1432 2796 3,
1461 2753 1543 2797 101)
1574 2751 1695 2795 ‘liuor‚
1722 2752 1820 2788 iners

115 2803 265 2847 uitium,
292 2813 413 2838 mores
439 2812 512 2837 non
539 2800 615 2836 exit
638 2800 678 2836 in
703 2801 815 2837 altos'
845 2801 929 2836 add.
956 2800 995 2834 D
1020 2801 1032 2846 ΙΙ
1062 2803 1105 2835 12
1133 2798 1273 2844 optulit
1297 2799 1383 2834 RF
1398 2801 1410 2846 n
1435 2799 1615 2835 arbitrum
1640 2799 1720 2835 FG
1738 2800 1750 2846 ΙΙ
1778 2803 1821 2834 14

115 2851 327 2896 erythream
352 2850 388 2885 A
432 2848 667 2894 erythraeam
693 2848 737 2884 S:
770 2848 961 2893 erythram
985 2847 1070 2882 RF
1111 2847 1291 2882 erithram
1317 2847 1350 2882 G
1393 2846 1608 2882 erithiteam
1632 2847 1678 2881 H
1716 2857 1820 2891 aery-

114 2900 234 2934 tream
260 2898 310 2933 M
335 2899 346 2944 ΙΙ
378 2897 416 2932 et
441 2896 540 2942 eam]
568 2895 682 2931 etiam
707 2895 753 2931 H
778 2897 790 2942 {1
829 2898 871 2930 15
898 2895 996 2940 eam]
1023 2895 1100 2930 eius
1125 2895 1263 2930 terram
1290 2893 1369 2930 FG
1396 2896 1408 2949 [Ι
1447 2898 1490 2929 16
1516 2893 1679 2930 retenuit
1703 2894 1744 2929 F
1751 2893 1785 2930 G

119 2949 161 2981 17
186 2943 465 2981 inmiseratione
491 2943 536 2978 H
568 2944 579 2989 ΙΙ
618 2945 661 2977 18
696 2944 745 2979 ad
777 2944 880 2978 creta
904 2943 946 2978 in
970 2953 1084 2988 mara.
1112 2942 1327 2978 adscr..mit
1350 2952 1494 2988 griezze
1519 2942 1574 2977 vel
1598 2940 1735 2987 griette
1762 2954 1785 2976 a

119 2992 321 3028 cretantico
347 2991 426 3027 FG
456 2993 468 3037 ΙΙ
506 3001 579 3036 qua
604 2989 685 3026 visa
708 2992 809 3026 terra
834 2990 1008 3037 mythoyr.
1035 2991 1064 3025 I
1098 3001 1172 3034 qua
1195 2990 1296 3024 terra
1321 2988 1402 3025 visa
1428 2989 1636 3025 Masvicius
1665 2990 1678 3036 ΙΙ
1715 2988 1818 3034 quia]

118 3051 205 3075 nam
229 3039 308 3075 FG
331 3041 344 3086 11
369 3039 458 3084 quia
484 3067 491 3075 .
515 3065 522 3072 .
544 3066 551 3073 .
577 3037 702 3073 insula
726 3048 791 3073 om.
819 3037 949 3072 ΑΒΜ
967 3038 1141 3084 mythoyr.
1170 3037 1226 3071 II
1248 3038 1260 3083 ΙΙ
1289 3036 1378 3081 quia
1403 3037 1499 3083 erat]
1527 3038 1629 3072 cerat
1654 3036 1700 3071 H
1735 3037 1818 3079 fort.

119 3087 207 3131 quia
232 3088 335 3123 creta
360 3088 441 3121 erat
459 3088 470 3132 ΙΙ
500 3089 542 3121 19
570 3086 628 3121 est
651 3084 691 3120 in
716 3086 875 3121 mortem
901 3085 1024 3120 soluta
1042 3083 1190 3128 FGM,
1216 3084 1292 3119 nisi
1316 3085 1411 3128 quod
1435 3085 1554 3120 morte
1582 3083 1615 3119 G
1634 3085 1645 3130 ΙΙ
1674 3087 1717 3118 21
1745 3081 1821 3115 sint

119 3133 251 3180 111122
277 3134 413 3170 scholia
437 3134 487 3169 ad
510 3144 542 3169 v.
571 3136 638 3168 322
665 3135 698 3168 et
723 3136 793 3169 324
819 3144 884 3168 om.
906 3132 939 3168 G
958 3133 969 3179 ΙΙ
989 3136 1035 3168 24
1060 3129 1178 3168 matre
1204 3131 1249 3165 H
1262 3131 1274 3176 ΙΙ
1293 3135 1337 3166 26
1363 3131 1501 3177 proles]
1527 3130 1721 3177 progenies
1748 3128 1788 3162 F
1810 3127 1821 3173 ΙΙ

121 3183 166 3233 28
197 3181 364 3217 fauorem
395 3180 575 3216 uictoriae
601 3180 637 3215 A
673 3181 913 3226 (troensposuit
939 3181 975 3224 a)
1012 3181 1024 3226 11
1062 3178 1251 3224 statuisse]
1284 3178 1385 3222 quod
1411 3178 1604 3215 statuisset
1628 3177 1678 3211 M
1707 3174 1819 3220 (quod

120 3228 274 3263 mseruit
296 3238 392 3263 mom.
417 3229 501 3273 rec.)

1847 1011 1890 1042 10

1847 1366 1889 1398 15

1847 1724 1892 1755 20

1845 2080 1890 2112 25
