2092 3614
558 263 707 300 COMM.
733 263 787 300 IN
811 263 953 300 VEEG.
980 262 1091 299 AEN.
1118 264 1187 299 ΧΠ
1215 254 1413 300 159—170.
1748 261 1835 304 595

255 374 348 416 166.
398 385 624 417 ROMANAE
658 385 828 417 snmus
863 385 1006 417 ORIGO
1039 373 1122 416 hoc
1153 373 1207 415 ad
1238 372 1407 415 laudem
1435 372 1623 429 Augusti
1647 372 1836 428 respicit.

254 446 349 488 167.
398 463 562 489 SIDEREO
592 463 798 489 FLAGRANS
828 463 960 489 omes-o
991 445 1144 487 Latino
1182 448 1343 487 tantum
1380 445 1602 499 imaqinem
1633 443 1743 487 Solis
1774 444 1836 486 de-

132 518 210 572 dit,
244 517 416 560 Aenean
446 521 581 560 autem
612 531 704 560 eum
733 518 885 560 sidereo
917 517 1041 571 clipeo
1071 517 1154 571 ipsi
1184 516 1477 570 quodammodo
1510 502 1710 570 conparat
1738 515 1838 558 Soli.

255 589 349 632 168.
399 600 594 632 MAGNAE
622 601 728 632 SPEs
754 601 938 631 ALTERA
963 599 1123 631 ROMAE
1150 588 1249 643 ideo,
1280 588 1381 642 quia
1400 587 1563 630 Aeneas
1585 601 1684 630 una.
1725 587 1838 629 male

131 664 267 703 autem
305 661 479 716 quidam
519 660 721 717 ‘magna'
760 661 921 716 legunt.
982 674 1082 703 sane
1112 659 1290 702 Ascanii
1326 659 1511 701 habitum
1548 660 1702 714 omisit,
1740 659 1840 713 quia
1864 667 1885 699 5

124 747 231 787 puer
261 736 329 776 est.

254 804 349 847 169.
398 815 616 854 PVRAQVE
654 815 703 846 IN
740 815 889 847 VESTE
929 814 1168 847 SACERDOS
1207 803 1422 859 inpolluta
1461 806 1504 845 eb
1541 818 1649 858 pura
1686 801 1842 844 dicitur

133 864 277 932 vestis,
309 890 393 932 qua
423 875 547 918 festis
580 875 729 918 diebus
762 875 826 917 u‘ni
852 877 1164 918 consueverant
1189 890 1313 918 sacra
1338 875 1614 917 celebraturi:
1647 877 1694 917 ut
1716 887 1843 928 neque

130 948 296 1002 funesta
325 948 397 1000 sit,
430 961 557 1002 neque
585 947 812 1002 fulyurata,
842 961 969 1002 neque
997 948 1205 991 maculam
1235 947 1382 990 habeat
1409 961 1458 990 ex
1486 947 1648 989 homine
1672 949 1842 1006 mortuo.

133 1023 193 1062 est
221 1022 358 1062 autem
390 1019 500 1062 linea
532 1022 571 1061 et
590 1033 816 1074 purpurea.
869 1034 1065 1074 purpura
1094 1020 1227 1062 maris
1256 1020 1380 1062 vicem
1411 1020 1468 1062 ad
1488 1019 1697 1072 piandum
1719 1031 1842 1073 prae—

134 1092 212 1147 bet,
251 1092 384 1134 linum
414 1105 506 1133 vero
536 1091 741 1146 fluminis,
777 1092 896 1147 quia,
933 1105 1025 1134 eum
1054 1105 1144 1134 vere
1167 1092 1306 1145 primo
1338 1092 1384 1133 in
1415 1092 1566 1133 oriente
1595 1091 1750 1144 flumen
1780 1090 1841 1131 in-

133 1164 337 1216 undasset,
369 1166 509 1218 sponte
538 1176 616 1205 sua
648 1163 781 1205 linum
811 1167 958 1206 natum
989 1163 1161 1206 Plinius
1192 1162 1402 1206 Secundus
1432 1163 1540 1205 dicit.
1595 1163 1683 1204 ideo
1714 1162 1843 1216 mayi-

134 1238 290 1278 stratus
338 1238 374 1277 et
421 1235 698 1289 sacrificaturi
748 1238 882 1289 toyam
919 1238 1181 1289 praetextam
1223 1234 1371 1277 habent
1412 1238 1450 1276 et
1491 1247 1640 1276 manus
1682 1233 1845 1275 ablutas

135 1308 335 1361 deteryere
372 1307 491 1349 lineis
527 1306 772 1349 mantelibus
803 1309 961 1348 curant.
1011 1307 1120 1360 quod
1148 1307 1233 1361 ipse
1263 1307 1310 1349 de
1340 1306 1534 1349 Aristaeo
1565 1305 1628 1347 ait
1660 1304 1844 1346 Oceano

137 1378 341 1421 libemus
391 1382 428 1420 et
469 1379 699 1421 manibus
742 1378 959 1432 liquidos
1002 1379 1125 1420 dant
1173 1378 1343 1420 ordine
1383 1378 1545 1430 fontes
1584 1386 1847 1431 germanae

138 1451 387 1504 tonsisque
414 1450 588 1503 ferunt
617 1450 859 1492 mantelia
889 1450 1049 1504 villis,
1081 1464 1163 1492 eece
1193 1450 1438 1491 mentionem
1468 1450 1516 1491 de
1541 1449 1648 1490 lino:
1679 1461 1848 1490 rursum

136 1522 183 1564 de
205 1535 400 1576 purpura
432 1520 662 1576 <111405>
693 1536 940 1576 purpureo
970 1522 1133 1564 velare
1164 1535 1322 1563 eomas
1353 1521 1619 1574 adopertus
1650 1519 1848 1575 amictu,

136 1594 234 1635 item
266 1593 410 1649 <120>
442 1593 594 1636 velati
626 1594 739 1636 lino.
796 1608 887 1648 erqo
920 1592 1068 1647 ‘pura’
1104 1594 1229 1636 lintea
1259 1593 1319 1635 vel
1343 1605 1558 1647 purpurea
1594 1591 1689 1634 bene
1717 1594 1850 1646 potest

139 1665 327 1720 intellegi.

259 1736 355 1778 170.
407 1747 655 1779 SAETIGERI
687 1748 845 1779 FETVM
878 1747 977 1779 SVIS
1012 1751 1130 1778 more
1163 1736 1372 1792 Romano,
1403 1738 1452 1778 ut
1484 1735 1621 1792 <VIII
1653 1736 1768 1792 641>
1803 1739 1852 1778 et

139 1822 289 1851 caesa
337 1807 623 1863 iungebant
665 1808 875 1851 foedera
924 1823 1097 1863 porca:
1147 1823 1250 1850 nam
1292 1806 1508 1850 Homerus
1553 1807 1670 1850 aliud
1715 1822 1850 1864 genus

141 1879 341 1922 sacrificii
386 1879 740 1922 commemoravit.
802 1893 885 1921 non
929 1879 1037 1922 nulli
1080 1882 1216 1921 autem
1246 1892 1437 1934 porcum,
1480 1893 1564 1922 non
1596 1894 1767 1934 porcam
1806 1881 1852 1922 in

137 1950 365 2004 foederibus
396 1951 593 1993 adserunt
621 1951 746 1993 solere
776 1952 963 2006 mactari,
994 1952 1065 1993 sed
1087 1954 1251 2004 poetam
1275 1950 1514 2005 periphrasi
1543 1965 1663 1994 usum
1684 1955 1854 2006 propter

139 2023 320 2065 nominis
349 2022 642 2078 humilitatem3
676 2021 913 2065 ‘intonsam’
939 2036 1031 2065 vero
1057 2021 1283 2065 ‘bidentem'
1310 2023 1472 2078 dixisse,
1497 2037 1622 2076 quam
1638 2025 1854 2078 pontifices

141 2095 382 2138 altilaneam
418 2098 574 2138 vocant.
629 2109 729 2137 sane
765 2110 850 2137 non
892 2097 1063 2150 praeter
1099 2095 1313 2137 rationem
1353 2098 1419 2137 est
1462 2094 1575 2150 quod
1608 2095 1670 2137 ait
1701 2094 1854 2137 ‘fetum

239 2204 258 2236 7
286 2201 323 2235 et
348 2211 442 2245 pura
468 2211 498 2235 e.
521 2212 554 2244 q.
576 2200 619 2246 s.]
647 2200 692 2235 of.
718 2200 815 2235 Fest.
843 2200 948 2236 Paul.
976 2211 1003 2236 s,
1025 2212 1058 2235 v.
1084 2211 1178 2245 pura
1204 2200 1459 2245 vestimentass
1481 2203 1522 2235 12
1549 2199 1691 2235 Plinius
1718 2200 1853 2235 Secun-

143 2247 303 2331 ῗθεὲῖοέ.
323 2249 399 2283 nat.
422 2247 506 2283 hist.
527 2246 614 2283 XIX
635 2251 654 2290 ξ
677 2252 695 2283 7
711 2259 789 2293 sqq.
811 2249 822 2295 11
844 2251 887 2282 14
914 2247 1080 2294 Oceano]
1109 2259 1235 2294 georg.
1259 2248 1307 2283 lV
1326 2251 1393 2283 381
1414 2249 1426 2294 11
1447 2251 1489 2282 15
1511 2247 1698 2294 manibus]
1727 2260 1853 2294 georg.

241 2395 261 2425 2
289 2391 339 2427 ad
363 2402 395 2426 v.
419 2394 484 2426 167
513 2392 611 2426 bona
637 2390 841 2427 distinctio.
880 2391 999 2426 latino
1025 2392 1171 2426 tantum
1199 2420 1205 2427 .
1227 2417 1235 2426 .
1258 2419 1266 2427 .
1293 2391 1361 2427 soli
1390 2391 1423 2425 T
1438 2392 1451 2436 11
1480 2396 1499 2426 3
1527 2391 1607 2436 ipse
1629 2390 1677 2434 F,
1703 2391 1856 2434 correxi,

145 2450 211 2474 om.
237 2438 270 2472 T
286 2439 298 2485 11
318 2439 577 2483 quodadmodo
604 2439 645 2474 F
660 2439 672 2485 11
691 2443 713 2474 4
739 2440 788 2474 αά
814 2451 893 2474 spEs
919 2451 952 2474 A.
973 2453 1004 2474 R.
1031 2450 1059 2474 s.
1079 2451 1111 2474 υ.
1138 2439 1227 2484 quia
1253 2451 1326 2475 una
1351 2440 1432 2474 erat
1457 2449 1591 2474 aeneas
1616 2439 1647 2473 T
1664 2440 1675 2485 11
1705 2442 1725 2474 5
1752 2439 1854 2474 habi-

145 2485 241 2531 tum]
274 2485 405 2521 batum
432 2486 471 2521 F
506 2486 678 2522 habitum
704 2488 763 2522 vel
791 2488 963 2522 ornatum
992 2486 1242 2524 Gommelinus.
1278 2498 1347 2532 pro
1372 2487 1500 2522 batum
1529 2488 1582 2522 vel
1607 2486 1778 2521 habitum
1804 2488 1857 2521 vel

146 2535 319 2569 ornatum
348 2535 579 2580 proposuisse
609 2536 753 2571 videtur
779 2535 1003 2579 Salmasius,
1015 2536 1085 2617 Sos.
1108 2536 1228 2589 praef.
1250 2546 1289 2580 p.
1316 2534 1433 2570 XCIV
1459 2535 1580 2570 adnot.
1620 2536 1631 2581 11
1670 2538 1688 2570 7
1722 2534 1858 2570 dicitur

149 2581 256 2616 MF:
285 2580 378 2616 dicit
402 2594 472 2618 usu
497 2582 622 2618 ΑΒΗ
655 2583 748 2618 dieii:
775 2593 882 2617 usum
907 2582 944 2617 R
972 2584 1036 2629 118
1063 2582 1151 2627 quia
1177 2582 1216 2617 F
1238 2583 1250 2629 11
1281 2583 1330 2618 ad
1355 2594 1385 2618 v.
1415 2586 1482 2618 169
1510 2583 1601 2617 11300
1626 2582 1743 2617 uestis
1769 2582 1857 2617 talis

147 2629 259 2664 debet
285 2640 362 2664 esse
389 2631 430 2664 ut
454 2640 574 2674 neque
602 2659 609 2666 .
631 2658 639 2666 .
661 2657 668 2664 .
695 2630 869 2675 intellegi
898 2630 930 2664 Τ
947 2632 959 2676 11
979 2634 998 2665 9
1025 2629 1215 2675 fulgor-aba
1240 2630 1280 2665 F
1313 2629 1496 2675 fulgurita
1526 2630 1557 2664 Τ
1575 2631 1586 2675 11
1606 2641 1650 2664 ex
1672 2630 1720 2664 T:
1749 2643 1795 2665 on
1822 2629 1860 2663 F

149 2677 196 2711 ab
225 2675 433 2711 Masvieius
461 2677 474 2722 11
507 2681 550 2712 10
576 2689 739 2723 pmpura
766 2706 773 2713 .
796 2707 803 2714 .
826 2677 1034 2723 .praebet]
1063 2689 1250 2723 purpurea
1275 2678 1322 2712 ad
1349 2677 1572 2731 expiandum
1599 2675 1711 2711 maris
1737 2677 1857 2712 uicem

146 2723 304 2769 praebet
331 2723 364 2758 T
379 2726 391 2767 11
418 2735 581 2769 purpura
606 2725 761 2760 Daniel:
788 2705 974 2771 purpurea
999 2725 1040 2760 F
1054 2726 1068 2770 11
1098 2729 1139 2760 11
1166 2737 1255 2761 uero
1284 2725 1324 2760 F
1339 2726 1351 2770 11
1375 2725 1496 2770 primo
1526 2724 1572 2759 T:
1599 2724 1759 2769 piimum
1786 2724 1849 2759 F
1848 2723 1858 2768 1

140 2775 192 2806 <12
220 2772 350 2807 natum
372 2771 419 2806 T
445 2770 606 2807 nationis
628 2772 667 2807 F
703 2773 834 2808 natum
860 2783 940 2808 esse
962 2772 1203 2809 Gommelinus
1221 2774 1233 2819 11
1254 2777 1296 2808 13
1323 2774 1451 2817 togam
1479 2800 1486 2807 .
1511 2799 1518 2806 .
1540 2799 1546 2805 .
1574 2771 1722 2818 manus]
1751 2775 1796 2806 cfi
1821 2771 1859 2806 13

149 2820 262 2864 caput
286 2821 453 2864 ptectum
479 2819 619 2854 habent,
640 2818 693 2867 sslf
717 2831 849 2855 manns
878 2820 912 2854 T
939 2821 951 2865 11
983 2832 1113 2866 cogam
1140 2820 1188 2865 F,
1215 2832 1306 2856 corr.
1333 2820 1472 2855 Daniel
1502 2820 1515 2864 11
1546 2819 1694 2855 ablatus
1721 2818 1761 2854 F
1776 2821 1788 2864 11
1816 2823 1859 2853 14

149 2867 247 2913 ipse]
268 2867 367 2902 idem
388 2866 558 2912 uix-gilius
575 2867 607 2901 T
625 2868 636 2913 11
658 2868 834 2904 Oceano.
875 2867 1020 2914 .villis]
1047 2878 1184 2904 oceano
1210 2869 1371 2903 libemus
1392 2869 1429 2903 et
1449 2869 1571 2903 cetina
1596 2878 1711 2912 usque
1738 2867 1861 2902 ferunt,

150 2914 330 2950 mantelia
354 2914 456 2949 uillis
484 2914 517 2948 T
533 2915 545 2961 11
578 2917 620 2950 15
646 2915 817 2951 manibus
846 2926 890 2950 ex
915 2915 1147 2951 manebimus
1176 2916 1215 2951 F
1230 2917 1242 2961 11
1275 2919 1318 2951 16
1344 2915 1505 2959 rursum]
1532 2914 1623 2950 item
1654 2915 1711 2960 Τ11
1745 2918 1787 2950 17
1815 2915 1859 2949 de

151 2965 235 2997 ante
259 2973 423 3007 pmpura
449 2973 514 2997 om
543 2961 583 2997 F
598 2963 610 3008 11
645 2965 687 2997 18
714 2961 806 2997 item
832 2961 949 2998 velati
974 2963 1051 2998 lino
1077 2974 1144 2999 om.
1173 2963 1207 2998 T
1222 2965 1235 3009 11
1259 2963 1352 3009 11110]
1381 2974 1427 2997 110
1456 2962 1495 2997 F
1511 2963 1523 3008 11
1547 2962 1678 3008 lintea]
1705 2962 1766 2997 uel
1790 2961 1860 2996 lin-

150 3011 213 3044 tea
242 3008 300 3055 Τ11
330 3009 425 3045 bene
451 3020 517 3045 om.
543 3009 576 3044 T
595 3012 608 3055 11
639 3013 684 3045 20
711 3021 906 3045 531111οΕ111
931 3010 974 3045 H
999 3011 1012 3055 11
1042 3014 1085 3046 21
1113 3022 1254 3057 porca.
1275 3022 1350 3046 non
1375 3009 1469 3044 nulli
1495 3037 1502 3045 .
1525 3038 1532 3045 .
1555 3037 1562 3045 .
1587 3011 1754 3045 uocant..
1775 3019 1861 3044 nam

151 3057 324 3110 homerus
352 3086 359 3093 .
382 3084 419 3092 ..
448 3057 765 3093 commemoravit.
805 3068 893 3093 sane
920 3069 994 3094 non
1020 3069 1046 3093 e.
1073 3070 1104 3103 q.
1131 3070 1158 3094 s.
1186 3058 1227 3094 F
1254 3060 1266 3103 11
1298 3069 1420 3115 genus
1441 3068 1506 3093 om.
1534 3057 1584 3092 M
1608 3058 1632 3114 11
1654 3060 1698 3092 22
1726 3057 1859 3092 sacrifi-

152 3103 249 3138 cium
267 3104 335 3150 Fu
353 3104 592 3152 memoravit]
620 3105 746 3141 dicens
773 3105 839 3150 (Il.
860 3104 911 3139 III
933 3107 1015 3151 245)
1042 3105 1202 3151 κήρυκες
1227 3104 1264 3140 δ’
1294 3102 1369 3140 cxv&
1396 3101 1488 3140 ἄστυ
1516 3132 1524 3140 .
1546 3133 1553 3140 .
1575 3101 1679 3149 ,ἥδε
1706 3101 1860 3149 χρύσειοι

153 3150 317 3187 κύπελλα
343 3153 427 3189 add.
454 3153 493 3187 D
520 3153 533 3198 11
564 3154 614 3188 ad
638 3164 670 3188 v.
699 3156 767 3188 170
794 3151 948 3197 quidam
974 3164 1128 3198 porcum
1151 3165 1226 3189 non
1251 3163 1403 3198 porcam
1429 3180 1436 3188 .
1459 3179 1465 3186 .
1489 3179 1496 3187 .
1522 3152 1709 3187 intonsam
1735 3152 1861 3187 autem

153 3198 344 3235 bidentem
365 3200 558 3245 pontifices
579 3200 808 3235 antilaneam
828 3200 1016 3236 uocabant
1037 3201 1070 3236 T
1085 3202 1098 3246 11
1117 3204 1162 3236 23
1183 3201 1263 3247 sed]
1285 3200 1409 3236 malim
1429 3201 1467 3235 et
1484 3201 1497 3245 11
1516 3202 1561 3234 25
1581 3199 1669 3245 11011]
1689 3210 1776 3235 113111
1796 3198 1853 3234 R
1851 3200 1861 3244 11

154 3248 211 3282 est
236 3257 302 3283 om.
324 3246 395 3283 AS
422 3248 434 3293 11
465 3247 611 3295 fetum]
629 3259 694 3284 om.
716 3247 771 3291 R,
798 3247 897 3283 fetus
923 3248 968 3283 H

226 3313 378 3340 Serviico
382 3321 450 3339 mm.
470 3314 538 3340 Vo.l
558 3314 599 3341 ΙΙ.
620 3315 665 3339 Fa
647 3321 707 3340 35.0
726 3314 769 3339 II.
1532 3310 1576 3342 39

1870 1027 1913 1058 10

1874 1385 1916 1416 15

1877 1746 1921 1777 20

1879 2103 1924 2135 25
