2124 3600
535 263 685 302 COMM.
710 265 762 301 IN
790 265 933 303 VERG.
958 264 1070 302 AEN.
1099 266 1149 302 VI
1176 270 1374 302 614—621.
1756 264 1811 307 87

101 373 280 416 consilia
311 373 555 416 hominibus
587 376 838 430 publicavit.
940 386 1194 426 RADIISQVE
1221 387 1446 417 ROTARVM
1471 375 1667 417 Ixionem
1694 374 1811 430 dicit,

101 447 149 485 ut
185 444 290 487 alibi
335 445 525 487 ostendit
569 448 722 502 atque
766 446 960 490 Ixionii
1003 448 1155 489 vento
1199 448 1317 488 rota
1361 447 1606 489 constitit
1650 447 1811 502 orbis,

99 516 200 558 licet
243 531 374 571 supra
417 516 572 559 dixerit
610 518 752 573 <602>
791 533 917 574 quos
962 531 1112 572 super
1157 518 1270 559 atra
1315 517 1462 560 silex:
1506 533 1606 560 nam
1649 518 1699 560 de
1740 518 1809 560 his

98 587 256 629 fabulis
290 588 434 630 variae
468 591 568 630 sunt
599 589 645 630 in
676 590 782 644 ipsis
815 589 1065 632 auctoribus
1098 588 1338 644 opiniones.

217 659 314 701 617.
364 671 715 710 AETERNVMQVE
747 672 949 702 SEDEBIT
982 671 1173 702 INFELIX
1208 670 1417 702 THESEVS
1457 662 1607 702 contra
1645 660 1810 715 opinio-

98 745 215 786 nem,
252 746 353 773 nam
390 730 528 773 fertur
566 731 620 773 ab
654 730 838 774 Hercule
870 746 963 774 esse
1002 732 1230 774 liberatus:
1269 745 1354 786 quo
1392 734 1586 786 tempore
1619 745 1714 772 eum
1747 732 1810 773 ita

98 802 330 857 abstraxit,
361 804 409 844 ut
439 802 530 844 illic
557 803 750 858 corporis
779 803 869 844 eius
896 803 1158 858 relinqueret
1187 805 1368 858 partem.
1418 802 1667 858 frequenter
1694 803 1808 845 enim

97 873 267 915 variant
297 872 467 915 fabulas
497 876 669 928 poetae:
701 873 991 929 Hippolytum
1023 873 1242 929 Vergilius
1276 873 1393 928 <VII
1427 873 1542 928 765>
1574 874 1808 916 liberatum

96 943 150 985 ab
193 943 342 986 inferis
384 944 505 1000 dicit,
546 944 755 1000 Horatius
797 949 950 988 contra
990 959 1150 1000 neque
1193 945 1322 987 enim
1363 943 1529 987 Diana
1570 945 1806 1001 pudicum

94 1014 289 1058 liberat
319 1014 676 1071 Hippolytum.

188 1087 310 1130 618.
361 1098 700 1141 PHLEGYASQVE
727 1099 1011 1131 Mlssssmnvs
1045 1099 1196 1131 OMNES
1227 1100 1458 1130 ADMONET
1493 1089 1528 1130 si
1561 1087 1804 1144 ‘Phlegyas'

93 1159 387 1201 nominativus
414 1162 480 1201 est
506 1159 760 1214 singularis,
785 1159 868 1202 hoc
894 1160 1014 1212 dicit,
1041 1159 1260 1215 Phlegyas
1289 1174 1436 1202 omnes
1463 1160 1667 1202 admonet
1693 1160 1806 1215 apud

91 1229 252 1272 inferos
294 1245 454 1285 poenas
494 1230 701 1272 ferentes:
746 1231 782 1273 si
825 1233 970 1273 autem
1009 1230 1270 1286 ‘Phlegyas'
1311 1231 1581 1273 accusativus
1622 1230 1805 1286 pluralis

92 1304 176 1356 est,
215 1301 428 1343 Theseum
466 1315 615 1344 omnes
648 1302 867 1358 Phlegyas
906 1302 1206 1345 admonentem
1249 1303 1453 1345 debemus
1493 1302 1696 1358 accipere.
1757 1302 1804 1344 hi

90 1387 275 1427 namque
313 1373 547 1431 secundum
585 1372 910 1428 Euphorionem
949 1374 1098 1429 populi
1136 1374 1324 1416 insulani
1367 1374 1563 1430 fuerunt,
1606 1374 1713 1416 satis
1757 1373 1802 1416 in

90 1443 192 1486 deos
219 1443 340 1499 impii
367 1446 410 1486 et
436 1444 656 1501 sacrilegi:
688 1444 801 1486 unde
833 1445 968 1487 iratus
988 1444 1217 1500 Neptunus
1248 1445 1466 1501 percussit
1496 1445 1675 1488 tridenti
1707 1459 1802 1487 eam

89 1518 258 1570 partem
284 1516 466 1571 insulae,
492 1530 620 1571 quam
641 1515 860 1571 Phlegyae
886 1515 1106 1572 tenebant,
1133 1519 1175 1558 et
1201 1531 1350 1558 omnes
1379 1516 1534 1559 obruit.
1584 1515 1801 1573 Phlegyas

91 1589 254 1639 autem,
280 1586 446 1629 Ixionis
472 1589 614 1642 pater,
639 1586 794 1629 habuit
814 1585 1075 1629 Coronidem
1100 1587 1257 1643 filiam,
1283 1603 1414 1644 quam
1434 1588 1591 1643 Apollo
1616 1587 1802 1643 vitiavit,

88 1658 199 1700 unde
232 1658 423 1712 suscepit
453 1657 774 1713 Aesculapium.
837 1658 951 1714 quod
989 1661 1113 1714 pater
1150 1659 1319 1715 dolens,
1356 1659 1549 1702 incendit
1581 1659 1799 1715 Apollinis

88 1729 300 1784 templum
333 1731 375 1771 et
406 1729 497 1772 eius
530 1729 704 1786 sagittis
737 1732 803 1772 est
835 1730 888 1772 ad
919 1730 1081 1772 inferos
1112 1732 1276 1772 trusus:
1315 1728 1481 1773 Statius
1514 1730 1798 1786 Phlegyam

89 1801 269 1842 subter
300 1815 423 1842 cava
456 1815 577 1843 saxa
608 1801 860 1843 iacentem
892 1803 1102 1844 aeterno
1135 1802 1325 1857 premit
1356 1802 1607 1845 accubitu.

207 1873 305 1915 620.
354 1883 541 1915 mscrrE
574 1883 814 1915 1vs'r1T1AM
845 1872 918 1915 hoc
947 1876 1021 1925 est,
1053 1873 1122 1915 vel
1154 1887 1267 1916 nunc
1298 1874 1345 1916 in
1377 1874 1528 1929 poenis
1560 1873 1701 1917 locati.

208 1943 304 1986 621.
356 1954 585 1986 VENDIDIT
613 1955 689 1985 Hic
717 1955 841 1986 Avsso
868 1955 1078 1986 PA'rmAM
1111 1945 1243 1987 etiam
1274 1945 1381 1988 haec
1412 1946 1513 1988 licet
1538 1945 1798 2001 generaliter

87 2014 301 2070 dicantur,
350 2014 515 2057 habent
558 2018 703 2057 tamen
747 2015 1079 2070 specialitatem:
1127 2031 1229 2058 nam
1272 2015 1510 2059 Lasthenes
1555 2015 1795 2071 Olynthum

85 2086 288 2142 Philippo
321 2086 532 2140 vendidit,
565 2084 694 2129 Curio
722 2084 897 2128 Caesari
922 2098 1052 2130 XXVII
1073 2121 1082 2130 .
1102 2098 1136 2129 S.
1162 2087 1367 2130 Romam:
1400 2088 1452 2129 de
1482 2102 1567 2143 quo
1594 2087 1793 2130 Lucanus

86 2157 177 2212 <IV
211 2156 326 2211 820>
361 2156 627 2200 Gallorum
659 2161 840 2219 captus
875 2158 1059 2213 spoliis
1093 2160 1140 2200 et
1172 2157 1409 2201 Caesaris
1442 2173 1579 2202 auro,

182 2255 203 2286 2
230 2251 339 2298 alibi]
366 2262 491 2296 georg.
518 2250 568 2285 IV
589 2254 659 2286 484
678 2252 689 2297 ΙΙ
718 2254 738 2286 5
765 2251 896 2286 contra
922 2250 1134 2296 opinionem
1160 2262 1191 2286 e.
1212 2263 1246 2296 q.
1268 2251 1312 2298 s.]
1340 2251 1384 2288 cf.
1406 2250 1500 2289 Gell.
1521 2251 1554 2286 X
1575 2255 1629 2295 16,
1654 2255 1695 2286 11
1711 2263 1791 2296 sqq.

84 2299 270 2345 mythogr.
297 2298 332 2334 ΙΙ
360 2303 426 2334 133
455 2300 492 2334 et
518 2301 584 2333 128
609 2299 622 2344 ΙΙ
650 2302 670 2333 9
696 2297 891 2345 Horatius]
919 2309 1029 2334 carm.
1056 2298 1108 2333 IV
1136 2302 1167 2342 7,
1194 2302 1238 2334 25
1265 2300 1276 2345 ΙΙ
1306 2303 1351 2334 14
1375 2299 1415 2334 hi
1439 2310 1601 2343 namque
1626 2310 1657 2334 e.
1684 2310 1718 2343 q.
1745 2298 1791 2345 s.]

84 2357 199 2381 exscr.
226 2346 411 2392 mythogr.
432 2346 448 2380 Ι
468 2349 549 2390 205,
576 2346 608 2381 Il
631 2349 708 2381 109.
748 2346 792 2381 cf.
819 2346 924 2382 Luct.
951 2346 1050 2382 Plac.
1078 2345 1125 2381 ad
1153 2346 1246 2384 Stat.
1268 2347 1384 2383 Theb.
1406 2346 1422 2381 I
1443 2351 1510 2383 713
1531 2348 1542 2393 ΙΙ
1562 2350 1606 2381 20
1633 2345 1790 2392 Statius]

82 2393 199 2429 Theb.
225 2393 243 2428 I
267 2397 335 2430 713

181 2481 199 2511 1
234 2476 457 2524 publicavit]
493 2475 615 2521 qualis
652 2477 700 2512 ab
737 2476 890 2512 homero
925 2475 1150 2512 describitur
1185 2477 1270 2512 add.
1296 2476 1336 2511 D
1367 2480 1444 2513 octo
1473 2488 1640 2514 versuum
1670 2478 1791 2523 spatio

85 2525 219 2560 relicto.
246 2524 292 2568 cf.
320 2524 386 2560 Od.
413 2524 465 2559 XI
492 2528 559 2559 593
579 2535 651 2570 sqq.
671 2526 684 2570 ΙΙ
708 2524 886 2570 RorAnvm]
915 2538 949 2559 n.
975 2538 1006 2559 ι».
1033 2525 1117 2560 add.
1145 2524 1196 2559 M
1208 2526 1221 2570 ΙΙ
1238 2523 1395 2559 isionem
1421 2524 1465 2559 H
1480 2526 1492 2569 ΙΙ
1511 2524 1603 2560 dicit
1627 2536 1671 2561 ex
1696 2524 1791 2560 dixit

84 2571 120 2606 A
140 2573 152 2617 ΙΙ
177 2575 198 2606 2
225 2572 330 2616 atqui
355 2571 396 2606 F
410 2572 423 2617 ΙΙ
442 2571 579 2607 ixionei
603 2573 742 2607 uuento
767 2571 804 2607 R
822 2573 835 2618 ll
860 2576 880 2607 3
907 2582 981 2617 quo
1006 2571 1047 2606 F
1062 2572 1075 2616 ΙΙ
1102 2574 1122 2606 5
1148 2583 1408 2611 arnnnmeva
1435 2571 1475 2607 F
1489 2573 1502 2618 ΙΙ
1520 2584 1692 2608 rnassnvs
1717 2572 1754 2608 R
1778 2572 1791 2618 Η

85 2623 106 2655 6
132 2629 206 2663 quo
230 2620 399 2664 tempore
426 2647 433 2655 .
457 2648 464 2655 .
486 2647 494 2654 .
519 2619 684 2666 partem]
716 2630 789 2663 quo
821 2622 989 2664 tempore
1016 2630 1101 2654 eum
1131 2619 1196 2654 ille
1229 2618 1277 2654 ad
1302 2619 1570 2655 extrahendum
1596 2621 1788 2656 cerberum

83 2666 278 2701 descendit
309 2677 417 2711 quem
449 2666 620 2702 theseum
650 2666 706 2702 ita
730 2666 915 2702 abstraxit
939 2666 982 2701 ut
1005 2665 1063 2701 illi
1089 2666 1254 2712 corporis
1284 2678 1397 2711 quam
1431 2667 1659 2712 relinqueret
1682 2668 1788 2703 nates

83 2716 229 2759 partem
255 2713 295 2748 F
309 2715 322 2759 ΙΙ
343 2718 362 2749 7
388 2713 445 2748 1111
463 2714 499 2748 A
517 2714 531 2759 ΙΙ
549 2713 735 2759 linqueret
760 2713 791 2749 0
806 2715 818 2759 ΙΙ
838 2715 983 2758 partem
1008 2713 1237 2759 relinqueret
1262 2714 1312 2748 M
1327 2715 1339 2758 ΙΙ
1359 2718 1380 2750 8
1405 2714 1552 2750 fabulas
1577 2714 1726 2750 uariant
1752 2714 1793 2750 F

82 2760 94 2806 Η
124 2761 326 2806 ippolitum
352 2760 431 2796 AR
466 2760 641 2806 ipolitum
666 2761 711 2796 H
740 2761 965 2806 yppolytum
994 2761 1043 2795 M
1076 2761 1279 2807 hipolitum
1307 2760 1338 2796 C
1361 2763 1374 2807 ΙΙ
1406 2765 1450 2797 10
1481 2761 1683 2808 ippolitum
1709 2762 1788 2797 AR

82 2808 269 2853 ypolitum
295 2808 341 2843 H
372 2808 594 2854 yppolytum
620 2809 669 2843 M
703 2808 905 2854 hipolitum
925 2808 965 2842 F
999 2808 1036 2843 h.
1063 2809 1121 2854 011
1142 2813 1184 2844 11
1211 2820 1456 2848 rnnnomsqvn
1481 2809 1562 2844 AR
1598 2821 1787 2845 ruamus-

83 2867 153 2894 ονε
179 2856 223 2890 H
257 2868 476 2896 rnnausovn
504 2856 552 2890 Μ
559 2854 590 2891 G
606 2857 618 2900 ΙΙ
636 2855 782 2901 phelias
808 2855 857 2890 M
890 2855 1027 2901 pligias
1052 2856 1093 2891 F
1127 2855 1248 2902 fligias
1270 2855 1301 2891 G
1315 2857 1328 2902 ΙΙ
1350 2860 1392 2891 12
1419 2857 1476 2891 est
1500 2867 1566 2892 om.
1581 2857 1618 2891 R
1636 2858 1648 2903 ΙΙ
1666 2856 1788 2902 fligias

84 2902 125 2937 F
158 2903 290 2948 flygias
317 2902 375 2949 011
395 2902 515 2938 omnis
544 2903 590 2937 M
598 2902 675 2938 FO
690 2904 702 2949 ΙΙ
723 2907 765 2938 13
791 2902 936 2948 phelias
960 2903 1060 2938 HM
1093 2904 1245 2949 plegeas
1272 2903 1313 2938 F
1345 2902 1482 2949 flegeas
1510 2903 1542 2939 0
1556 2905 1568 2949 ΙΙ
1598 2908 1642 2939 14
1668 2904 1787 2939 omnis

84 2949 161 2985 FO
174 2952 188 2996 11
205 2950 342 2995 fiegeas
368 2950 445 2985 FO
460 2951 473 2994 ΙΙ
491 2950 704 2986 admontem
726 2950 757 2985 (J
772 2952 784 2994 ΙΙ
803 2949 843 2985 bi
868 2961 933 2986 om.
954 2948 1075 2996 011⁸15
1102 2949 1330 2986 euforianem
1351 2951 1400 2986 M
1425 2952 1530 2994 (corr.
1551 2954 1600 2995 m)
1619 2953 1631 2997 ΙΙ
1652 2955 1695 2986 16
1720 2951 1785 2987 tri-

82 2997 194 3034 dente
220 2998 257 3033 R
287 2999 299 3044 ΙΙ
332 3001 374 3033 17
402 2996 520 3033 omnis
546 2997 623 3032 FO
649 2999 662 3043 ΙΙ
695 3001 737 3032 18
763 2997 883 3032 ixonis
910 2998 941 3033 0
968 3000 980 3042 ΙΙ
1013 3002 1055 3033 19
1082 2997 1334 3043 aescolapium
1359 2997 1400 3032 F
1424 2999 1436 3043 [Ι
1467 2999 1587 3044 pater]
1613 2998 1785 3044 phlegias

84 3044 168 3080 add.
197 3045 247 3080 M
268 3046 280 3091 {l
307 3048 353 3080 20
379 3044 558 3090 phlegian
584 3044 624 3079 F
644 3046 656 3089 ΙΙ
684 3049 727 3080 21
754 3044 927 3082 accubito
953 3045 1041 3080 HF
1062 3046 1074 3090 ΙΙ
1102 3049 1146 3080 22
1172 3045 1302 3090 locati]
1330 3045 1406 3080 cati
1431 3045 1472 3080 F
1492 3047 1504 3091 ΙΙ
1532 3049 1578 3081 24
1603 3057 1689 3081 nam
1717 3075 1724 3083 .
1746 3074 1753 3081 .
1775 3072 1783 3080 .

84 3091 271 3138 vendidit]
299 3103 385 3127 nam
410 3091 600 3127 lasthenes
626 3095 664 3127 et
688 3092 872 3137 ipocrates
899 3092 1068 3138 olyntum
1094 3092 1264 3138 philippo
1289 3092 1524 3128 tradiderant
1548 3093 1616 3139 Fss
1640 3094 1783 3128 latenes

85 3138 129 3171 Η
142 3139 155 3183 n
180 3138 387 3184 olymthum
407 3139 487 3175 AR
511 3141 523 3185 ss
548 3143 592 3174 25
619 3139 740 3174 curius
760 3140 800 3175 F
815 3140 828 3185 ΙΙ
858 3145 969 3175 kxvu.
997 3152 1024 3176 s.
1051 3139 1139 3175 AS:
1165 3139 1301 3184 uiginti
1325 3141 1470 3185 septem
1496 3151 1592 3176 anno
1611 3140 1648 3174 R
1684 3151 1783 3174 xxvn

86 3184 129 3218 H
161 3198 262 3221 xxvn
286 3186 438 3221 milibus
464 3186 648 3222 sesterciis
674 3187 722 3222 M
756 3201 803 3222 xx
829 3189 970 3231 septem
998 3187 1149 3222 milibus
1175 3185 1356 3222 sestertiis
1383 3186 1461 3222 FO
1475 3188 1487 3233 ΙΙ
1506 3188 1551 3222 de
1578 3197 1652 3231 qua
1675 3185 1748 3221 AS
1771 3185 1783 3230 Η

86 3230 240 3267 lucanus
266 3233 321 3268 ait
345 3233 386 3267 F
406 3235 418 3279 ΙΙ
449 3238 493 3269 26
519 3233 663 3280 spoliis]
690 3234 838 3279 populis
863 3234 942 3270 FC
963 3236 974 3280 ΙΙ
1001 3233 1109 3280 auro]
1142 3235 1180 3269 et
1202 3233 1299 3269 illud
1325 3234 1430 3280 (Luc.
1456 3233 1508 3268 IV
1533 3235 1616 3278 824)
1646 3233 1782 3269 ‘emere

1835 666 1856 698 5

1834 1022 1878 1054 10

1831 1378 1873 1410 15

1825 1735 1870 1767 20

1821 2091 1866 2123 25
