2124 3600
292 633 312 663 5

278 991 318 1022 10

277 1348 317 1378 15

277 1704 322 1737 20

280 2061 324 2093 25

337 200 424 270 152
1112 226 1273 262 SERVII

457 338 555 380 320.
606 348 774 380 CISSEIS
811 337 961 391 regina
1000 335 1179 378 Hecuba
1215 335 1307 377 filia
1346 335 1578 378 secundum
1609 335 1863 391 Euripidem
1895 335 2046 392 Cissei,

337 424 465 465 quem
509 408 677 451 Ennius
721 411 759 451 et
792 408 1005 451 Pacuvius
1050 410 1094 451 et
1130 408 1350 465 Vergilius
1396 410 1649 464 sequuntur:
1692 422 1793 450 nam
1830 407 2044 451 Homerus

337 481 568 537 Dymantis
607 480 722 523 dicit.
771 479 879 523 haec
916 495 961 522 se
999 480 1137 523 facem
1169 495 1322 535 parere
1354 481 1463 523 vidit
1502 482 1546 523 et
1582 479 1715 521 Parin
1752 480 1929 535 creavit,
1971 481 2042 536 qui

339 566 469 594 causa
506 552 591 594 fuit
627 551 824 595 incendii.
886 565 988 608 ergo
1027 567 1140 594 nunc
1178 552 1262 595 hoc
1293 552 1416 607 dicit,
1452 551 1554 594 talis
1594 551 1675 593 erit
1698 550 1866 604 ¹Veneri
1895 555 2045 607 partus

340 638 461 667 suus:
502 637 605 665 nam
643 623 755 665 sicut
792 637 868 678 per
906 623 1038 665 Parin
1076 623 1206 666 Troia
1246 623 1405 666 iniuria
1445 625 1701 678 consumpta
1744 625 1827 678 est,
1871 623 1932 666 sic
1971 638 2047 678 per

340 695 519 738 Aenean
564 694 771 749 reliquiae
815 693 1110 737 Troianorum.
1180 695 1435 750 conparatio
1481 697 1626 737 autem
1670 694 1896 737 iniuriosa:
1945 709 2047 737 nam

341 766 500 809 Veneri
534 765 774 820 Hecubam,
805 764 936 807 Parin
964 765 1152 822 Aeneae,
1184 765 1396 808 Helenam
1427 765 1633 809 Laviniae
1664 769 1884 822 conparat.
1983 778 2048 809 IV-

341 849 488 881 GALES
521 836 793 892 coniugales,
822 837 1104 880 matrimonio
1137 841 1175 880 et
1203 838 1404 893 sanquine
1434 840 1673 893 conceptos.

461 911 559 953 321.
610 920 727 950 IDEM
758 908 879 960 talis,
911 908 1081 952 similis.

464 982 561 1024 322.
611 991 950 1031 FVNESTAEQVE
981 992 1161 1024 1⁷rERvn
1187 992 1411 1025 nncIDIVA
1437 994 1487 1024 IN
1513 993 1735 1025 PERGAMA
1768 994 1957 1025 TAEDAE
1990 984 2051 1025 sic

341 1053 494 1096 taedae
528 1051 756 1107 recidivae,
787 1053 837 1094 ut
867 1051 1088 1107 Pergama.
1930 1041 1934 1045 ”

462 1125 560 1166 324.
609 1134 895 1167 LVCTIFICAM
914 1133 1130 1182 ALLEOTQ
1149 1122 1341 1167 Graecus
1362 1125 1632 1168 accusativus
1657 1128 1724 1168 est.
1755 1125 1881 1167 huius
1908 1128 2052 1169 autem

344 1195 646 1240 declinationis
677 1197 765 1238 tres
799 1197 962 1237 tantum
993 1209 1116 1237 casus
1149 1210 1427 1252 usurpamus,
1464 1197 1733 1252 genetivum,
1767 1199 1815 1239 ut
1846 1196 2055 1255 Allectus,

342 1268 660 1311 nominativum
693 1269 737 1309 et
768 1266 1082 1322 accusativum,
1114 1269 1163 1309 ut
1194 1266 1376 1310 Allecto.

464 1339 562 1382 327.
613 1350 724 1381 omr
761 1350 822 1380 ΕΤ
860 1349 963 1381 IPSE
1003 1349 1157 1381 PATER
1196 1350 1381 1382 PLVTON
1423 1340 1715 1383 venerationis
1760 1344 1826 1384 est
1867 1341 2053 1396 ‘pater'z

344 1426 446 1454 nam
478 1410 614 1453 furiae
646 1408 908 1453 Acherontis
941 1411 986 1451 et
1016 1408 1171 1452 Noctis
1202 1409 1316 1452 filiae
1349 1412 1460 1453 sunt.

464 1482 562 1525 330.
613 1492 689 1524 HIS
721 1492 860 1525 ACVIT
892 1493 1057 1525 VERBIS
1089 1480 1286 1524 inritavit
1318 1484 1360 1523 et
1390 1482 1618 1539 instigavit
1649 1483 1740 1525 eius
1772 1483 1995 1528 insaniam.

465 1554 564 1596 331.
613 1565 853 1596 PROPRIVM
886 1555 961 1596 aut
997 1552 1080 1595 tibi
1111 1554 1279 1612 aptum:
1311 1554 1387 1595 aut
1418 1556 1531 1595 certe
1562 1556 1835 1609 perpetuum,
1873 1555 2057 1599 indefes-

348 1641 462 1682 sum,
499 1639 636 1680 usque
675 1625 729 1667 ad
766 1625 895 1668 finem
934 1623 1261 1680 perducendum.
1324 1626 1368 1667 et
1399 1624 1618 1667 sciendum
1649 1625 1745 1668 ideo
1776 1626 1915 1669 furiae
1947 1628 2056 1671 nihil

349 1713 427 1754 pro
467 1696 659 1753 praemio
699 1695 812 1752 dari,
850 1695 951 1751 quia
988 1697 1236 1751 praestatur
1266 1694 1348 1738 hoc
1380 1695 1522 1751 ipsum
1553 1696 1689 1739 furiae
1721 1699 1769 1739 ut
1799 1697 1913 1740 bella
1943 1713 2056 1742 com-

348 1770 522 1812 moveat
551 1770 596 1810 et
626 1769 676 1810 ut
707 1767 874 1810 dicatur
906 1766 1146 1809 defendisse
1177 1764 1400 1809 Iunonem.

468 1840 567 1882 332.
617 1849 857 1881 INFRACTA
889 1840 964 1880 aut
994 1837 1118 1880 valde
1148 1837 1304 1880 fracta:
1337 1840 1413 1880 aut
1439 1853 1547 1894 quae
1573 1838 1656 1881 fuit
1681 1840 1865 1883 antehac
1891 1855 2059 1897 semper

269 1938 273 1941 -
348 1911 554 1964 infracta,
591 1912 640 1952 ut
677 1910 722 1951 in
760 1909 856 1951 XH.
889 1909 975 1964 <1>
1015 1909 1216 1951 Turnus
1255 1911 1310 1951 ut
1346 1909 1604 1952 infractos
1643 1911 1858 1955 adverso
1894 1912 2058 1956 Marte

349 1982 567 2025 Latinos
600 1981 852 2024 defecisse
884 1980 1038 2024 videt.

471 2054 571 2096 333.
616 2064 772 2095 CEDAT
793 2064 921 2094 FAMA
947 2063 1070 2095 LOCO
1098 2053 1312 2094 vincatur:
1339 2051 1488 2095 Cicero
1514 2053 1626 2096 loco
1653 2054 1745 2097 ille
1772 2058 1938 2098 motus
1965 2059 2061 2111 est,

351 2140 462 2168 cum
494 2127 574 2166 est
606 2139 663 2166 ex
694 2125 818 2167 urbe
851 2124 1108 2180 depulsus.
1201 2135 1376 2166 AMBIRE
1403 2136 1611 2167 LATINVM
1638 2127 1855 2182 amplecti,
1883 2127 2060 2170 circum-

451 2259 469 2290 1
498 2254 630 2300 regina
648 2253 803 2290 Hecuba
828 2264 857 2290 e.
879 2266 914 2299 q.
934 2253 979 2300 s.]
1007 2264 1122 2289 exscr.
1143 2253 1247 2289 Luct.
1268 2252 1366 2289 Plac.
1387 2253 1436 2289 ad
1457 2253 1548 2290 Stat.
1570 2255 1660 2290 Ach.
1682 2254 1699 2288 I
1718 2259 1774 2292 22.
1808 2255 1853 2291 ef.
1874 2256 2060 2302 mythogr.

351 2302 387 2396 ἓ
413 2301 770 2395 ἐξεζηῶὃΜςίοθτο]
797 2301 834 2337 in
860 2301 938 2337 Cat.
966 2301 999 2336 II
1027 2305 1057 2345 1,
1081 2304 1098 2336 1
1125 2301 1138 2346 11
1169 2304 1213 2336 26
1239 2313 1371 2336 AMBmE
1396 2301 1575 2348 amplecti
1601 2301 1871 2350 circumretire]
1899 2303 1946 2339 cf.
1965 2304 2060 2340 Non.

450 2461 470 2493 1
497 2469 606 2492 c1sn1s
631 2456 710 2492 AL
733 2457 746 2502 11
771 2455 974 2492 secundum
1000 2455 1205 2501 euripidem
1230 2455 1309 2491 filia
1333 2455 1370 2491 R
1393 2457 1406 2503 11
1431 2456 1667 2502 euripidinen
1693 2457 1722 2492 S
1757 2457 1964 2502 eruipidem
1990 2458 2031 2493 F
2052 2458 2064 2504 11

355 2504 446 2541 cisei
469 2504 586 2540 ASL
611 2506 623 2550 11
655 2508 675 2540 2
702 2504 882 2549 pacubius
906 2504 942 2538 A
980 2503 1159 2549 pacauius
1185 2502 1226 2539 F
1247 2505 1258 2550 11
1290 2514 1377 2539 nam
1402 2504 1586 2540 Homerus
1611 2504 1808 2550 Dymantis
1834 2504 1942 2552 dicit]
1975 2517 2062 2541 nam

355 2552 558 2588 secundum
582 2553 777 2587 homerum
803 2550 981 2587 dimantis
1006 2550 1085 2586 filia
1109 2550 1183 2586 fuit
1200 2551 1237 2586 R
1255 2552 1267 2597 11
1296 2551 1495 2598 Homerus]
1523 2552 1678 2597 loquens
1702 2553 1748 2587 de
1774 2552 1864 2587 Asio
1890 2553 2063 2588 Hecubae

353 2600 469 2635 fratre
494 2600 579 2634 add.
606 2599 773 2634 Fabrius
804 2599 816 2645 11
847 2603 867 2633 3
895 2598 1073 2634 dimantis
1100 2599 1187 2634 libri
1214 2600 1227 2644 11
1257 2598 1366 2645 dicit]
1393 2596 1712 2645 αὐτοκασίγνητος
1738 2627 1747 2635 .
1767 2627 1776 2635 .
1799 2626 1807 2634 .
1834 2601 2063 2645 Σαγγαρίοιο

356 2647 424 2690 (Il.
450 2645 537 2682 XVI
564 2649 631 2681 718
646 2648 712 2691 sq.)
752 2644 906 2681 Ovidius
945 2646 1061 2681 etiam
1099 2647 1191 2692 (met.
1218 2646 1270 2681 XI
1297 2647 1379 2691 761)
1420 2646 1564 2691 ‘proles
1591 2647 1699 2683 enixa
1724 2646 1942 2692 Dymantis’
1977 2648 2063 2684 add.

355 2693 558 2730 Fabricius
588 2694 600 2739 11
635 2692 784 2739 parere]
811 2693 850 2728 in
875 2692 1030 2729 somniis
1055 2694 1139 2729 add.
1166 2693 1370 2729 Fabricius
1399 2694 1411 2738 11
1447 2698 1470 2728 4
1497 2694 1568 2730 erit
1592 2706 1660 2730 om.
1685 2694 1726 2729 F
1753 2695 1765 2739 11
1800 2694 1946 2730 ueneris
1974 2695 2024 2730 M
2051 2694 2064 2741 11

357 2744 378 2777 5
403 2740 540 2776 iniuria
573 2742 794 2784 consumpta
826 2741 895 2784 est]
927 2740 1102 2775 iniuriam
1134 2742 1355 2786 consumpta
1385 2742 1444 2776 est
1468 2742 1502 2775 L
1538 2741 1676 2778 iniuria
1699 2741 1809 2777 aliter
1833 2741 1983 2777 incensa
2008 2742 2066 2777 est

358 2787 580 2832 consumpta
605 2788 663 2822 est
687 2786 734 2821 Η
766 2786 918 2822 incensa
950 2789 1008 2822 est
1031 2788 1196 2823 ASRF
1231 2789 1451 2833 consumpta
1476 2790 1533 2824 est
1559 2790 1609 2824 M
1636 2791 1649 2835 11
1681 2793 1700 2825 7
1728 2787 1960 2834 comparauit
1986 2788 2027 2824 F
2053 2789 2057 2835 1

356 2847 499 2872 1veAL1s
519 2833 728 2880 coniugalis
740 2833 781 2868 F
797 2835 809 2879 11
828 2833 1042 2878 coniugales
1062 2835 1133 2870 hoc
1152 2836 1210 2870 est
1222 2836 1309 2871 LH
1322 2837 1335 2881 11
1354 2839 1376 2871 8
1396 2836 1618 2881 conceptum
1632 2836 1672 2871 F
1687 2837 1699 2883 11
1718 2840 1739 2872 9
1756 2836 1844 2872 talis
1857 2846 1924 2872 om.
1937 2835 2017 2872 RL

357 2885 471 2928 (supr.
491 2893 580 2918 vers.
602 2882 687 2918 add.
707 2882 733 2924 Z)
752 2882 764 2928 11
785 2885 829 2916 10
855 2880 907 2916 sic
932 2881 1017 2916 tede
1042 2881 1081 2916 in
1106 2882 1273 2918 recidiua
1296 2894 1479 2929 pergama
1497 2883 1534 2919 R
1551 2884 1564 2930 11
1585 2887 1625 2919 11
1648 2886 1691 2919 ut
1708 2883 1893 2957 Pergama
1910 2894 1976 2920 om.
1998 2883 2039 2919 F
2053 2883 2066 2930 11

358 2975 574 3013 pergamam
594 2965 639 2999 H
653 2966 665 3012 11
700 2968 743 3000 13
768 2963 1041 3000 nominatiuum
1067 2963 1275 3009 genitiuum
1301 2966 1556 3002 accusatiuum
1580 2967 1622 3002 ut
1647 2966 1782 3002 allecto
1808 2966 1903 3011 (alec
1929 2965 1984 3011 F)
2009 2966 2064 3001 al-

359 3014 479 3050 lectus
504 3013 641 3048 allecto
666 3012 843 3048 ASFM
858 3013 871 3058 11
890 3012 1046 3048 allectos
1071 3011 1108 3046 R
1126 3013 1138 3056 11
1169 3015 1212 3047 15
1237 3013 1316 3057 ipse
1342 3014 1451 3058 pater
1475 3014 1516 3049 F
1531 3015 1543 3058 11
1574 3018 1616 3049 16
1643 3013 1763 3049 noctis
1789 3014 1828 3048 et
1852 3013 2064 3049 acherontis

360 3062 447 3097 sunt
469 3059 568 3096 filiae
593 3059 714 3095 ASF
729 3061 742 3106 11
772 3064 814 3096 17
841 3061 880 3095 et
904 3058 1103 3104 instigavit
1128 3070 1193 3094 om.
1215 3060 1336 3095 ASF
1350 3061 1363 3105 11
1390 3064 1432 3096 18
1458 3061 1695 3107 perpetuum]
1722 3059 1912 3105 proprium
1938 3059 2029 3096 ΑΒΖ
2052 3060 2065 3107 11

358 3108 568 3145 indefesum
592 3107 628 3144 A
665 3107 900 3143 indefensum
926 3107 961 3142 L
993 3107 1006 3152 11
1043 3110 1086 3142 21
1121 3106 1160 3141 et
1184 3106 1241 3153 ut]
1275 3108 1317 3142 ut
1348 3108 1387 3141 et
1417 3107 1451 3141 L
1487 3109 1499 3153 11
1536 3109 1577 3142 ut
1602 3134 1610 3142 .
1638 3134 1645 3142 .
1670 3135 1678 3142 .
1708 3107 1902 3154 Iunonem]
1936 3107 2066 3143 iunoni

360 3155 570 3202 prestitisse
607 3155 779 3191 uideatur
810 3154 852 3190 F
889 3156 902 3201 11
944 3154 1119 3190 iunonem
1157 3153 1368 3190 defendisse
1412 3154 1555 3190 dicatur
1593 3154 1669 3190 AS
1703 3156 1716 3199 11
1756 3158 1800 3190 22
1835 3156 1920 3190 ante
1953 3165 1997 3190 ac
2028 3155 2064 3190 A

361 3205 467 3248 (corr.
495 3204 533 3249 a)
572 3205 685 3239 antea
709 3202 750 3237 F
764 3203 778 3248 11
807 3206 851 3238 23
879 3203 917 3237 in
943 3202 1022 3239 XII.
1049 3213 1114 3238 om.
1142 3201 1272 3237 RLH
1284 3203 1297 3248 11
1321 3200 1501 3238 infractus
1527 3201 1569 3238 F
1588 3203 1602 3250 11
1632 3205 1677 3238 26
1703 3201 1748 3238 de
1775 3201 1866 3238 urbe
1891 3202 2065 3248 expulsus
