2092 3614
556 264 706 301 OOMM.
732 264 786 300 IN
811 264 956 301 VERG.
981 263 1094 300 AEN.
1121 264 1173 299 XI
1198 267 1399 300 263—268.
1744 261 1828 303 511

120 374 227 431 tios,
264 375 316 417 de
355 375 510 431 quibus
550 374 613 417 ait
649 375 695 417 in
731 374 862 417 tertio
902 372 1048 429 <399>
1085 373 1169 415 hic
1208 375 1257 415 et
1287 371 1508 441 Narycii
1546 374 1833 428 posuerunt

122 445 324 489 moenia
349 446 515 502 Locri,
543 445 701 489 Ozolae
728 460 829 489 vero
856 445 1124 488 deferrentur
1144 444 1435 500 Pentapolim,
1461 444 1513 486 de
1540 443 1695 500 quibus
1720 458 1834 486 nunc

121 517 316 572 queritur
354 517 498 560 dicens
534 516 774 573 ‘Libycone
811 517 1059 559 habitantes
1091 517 1219 558 litore
1250 515 1464 558 Locros'?
1525 516 1714 570 quamvis
1743 516 1834 569 qui-

122 588 220 630 dam
251 588 402 642 dicant,
434 588 558 630 etiam
589 588 635 630 in
666 588 770 642 ipsis
799 587 987 630 Bruttiis
1018 587 1115 629 litus
1140 586 1339 642 Libycum
1370 587 1461 629 dici.
1512 588 1591 630 alii
1621 587 1693 630 hos
1723 588 1835 630 circa

119 658 260 713 Syrtes
282 660 470 714 posuisse
499 660 630 702 sedes:
664 659 742 701 alii
772 660 819 702 in
847 659 984 714 Libya
1013 658 1175 701 insulas
1204 659 1407 712 quasdam
1438 658 1692 702 inhaerentes
1722 673 1833 702 occu-

113 744 249 784 passe,
280 723 421 785 eosque
450 731 571 773 initio
589 731 904 787 Mesammones,
928 733 1072 785 postea
1096 733 1283 784 corrupte
1301 730 1560 773 Nasamones
1585 731 1830 785 appellatos:

121 802 201 844 alii
235 803 392 844 amissa
428 802 475 844 in
505 801 696 856 Syrtibus
726 803 868 855 classe,
898 816 976 857 per
1006 803 1306 845 mediterranea
1336 802 1480 844 arietis
1508 802 1679 855 fortuito
1709 803 1832 849 ductu

117 874 196 915 iter
229 873 424 926 facientes
459 874 517 916 ad
545 873 791 916 Ammonem
819 874 1051 928 pervenisse
1088 877 1125 916 et
1154 874 1349 928 oppidum
1379 873 1574 927 †Aucela
1603 874 1711 916 inter
1742 874 1831 916 Na-

117 959 306 988 samones
342 946 588 988 condidisse:
626 945 705 987 alii
735 945 909 999 Africae
941 946 1125 988 insulam
1155 946 1348 997 tenuisse,
1384 959 1489 999 quae
1518 959 1630 988 nunc
1659 942 1832 988 Cercina

118 1017 280 1059 dieitur.
341 1020 379 1059 et
399 1017 771 1071 pronuntiandum,
802 1020 850 1058 ut
879 1017 1158 1072 lonqinquitas
1188 1018 1379 1059 doceatur
1409 1017 1536 1060 exilii.

239 1088 338 1131 268.
387 1099 592 1131 DEvm'rA
623 1099 726 1131 ASIA
761 1099 987 1132 svsssnm'r
1016 1099 1239 1132 ADVLTER
1270 1089 1441 1143 quidam
1472 1087 1575 1131 ‘sub'
1599 1102 1682 1142 pro
1713 1087 1830 1143 ‘post’

120 1160 343 1217 accipiunt,
386 1162 435 1202 ut
467 1161 525 1202 sit
551 1174 633 1215 pro
672 1159 783 1214 ‘post
810 1159 1025 1215 possedit'.
1087 1161 1247 1217 legitur
1285 1162 1329 1202 et
1367 1159 1601 1203 ‘devictam
1643 1160 1830 1203 Asiam':

121 1231 234 1287 quod
255 1231 291 1273 si
312 1232 390 1283 est,
421 1231 484 1272 ita
503 1231 801 1286 intellegimus
820 1234 870 1274 ut
889 1231 1114 1274 ‘subsedit'
1145 1232 1202 1274 sit
1222 1232 1320 1275 dolo
1341 1233 1536 1288 possedit
1553 1256 1612 1263 --
1631 1232 1830 1275 Lucanus

122 1302 191 1358 <V
223 1302 339 1357 226>
383 1302 654 1345 subsidere
695 1317 909 1359 regnum
942 1302 1222 1346 Chalcidos
1254 1304 1514 1347 Euboicae
1545 1319 1722 1360 mayna
1751 1318 1834 1360 spe

119 1377 261 1428 rapte
284 1373 529 1428 parabas:
561 1374 672 1416 unde
706 1377 749 1416 et
778 1375 1050 1418 subsessores
1077 1375 1290 1431 dicuntur,
1322 1375 1396 1432 qui
1421 1376 1465 1417 in
1490 1376 1658 1419 insidiis
1683 1378 1832 1419 tauros

119 1445 392 1498 interimunt,
430 1447 474 1487 et
510 1445 701 1488 hostium
741 1446 864 1490 dolos
904 1435 1126 1490 subsessas
1165 1461 1369 1490 vocamus
1403 1473 1458 1478 —
1490 1450 1539 1490 ut
1574 1448 1633 1490 sit
1664 1463 1832 1490 sensus:

121 1516 175 1559 ab
207 1515 535 1573 Agamemnone
575 1516 788 1559 devictam
820 1518 972 1560 Asiam
1011 1517 1180 1560 adulter
1212 1517 1451 1574 Aegisthus
1485 1519 1652 1561 insidiis
1681 1522 1721 1561 et
1748 1518 1833 1562 fac-

120 1587 240 1631 tione
271 1588 476 1644 possedit.
531 1588 686 1631 melius
719 1591 865 1631 tamen
897 1591 964 1632 est
995 1591 1044 1631 ut
1076 1588 1261 1632 ‘devicta
1286 1588 1410 1632 Asia'
1443 1590 1653 1646 legamus,
1685 1604 1834 1632 secun-

124 1659 226 1702 dum
259 1659 373 1715 quod
404 1659 631 1702 ‘subsedit'
665 1660 748 1702 erit
778 1661 1002 1718 remansit,
1033 1663 1082 1704 ut
1113 1661 1184 1717 <V
1215 1661 1332 1717 498>
1365 1663 1625 1704 extremus
1658 1662 1834 1718 galea-

121 1746 215 1788 que
242 1731 342 1774 ima
369 1731 605 1774 subsedit
631 1732 862 1787 Acestes,
889 1734 936 1774 ut
962 1732 1020 1774 sit
1045 1747 1215 1775 sensus:
1242 1731 1352 1775 Asia
1375 1734 1553 1789 propter
1573 1733 1834 1776 adulterium

120 1803 302 1858 pertulit
332 1803 465 1859 bella,
499 1818 608 1859 quae
639 1806 889 1846 remanente
922 1804 1120 1847 adultero
1151 1804 1278 1856 finita
1309 1819 1403 1847 esse
1433 1804 1543 1847 nihil
1574 1805 1755 1861 profuit,
1785 1807 1835 1847 ut

122 1889 218 1916 cum
256 1874 556 1931 indignatione
595 1875 653 1918 sit
688 1875 870 1931 dictum,
914 1875 1014 1918 dum
1053 1876 1242 1931 primum
1278 1875 1524 1919 vindicatur
1562 1876 1835 1934 adulterium,

123 1945 241 1987 aliud
273 1960 421 1988 rursus
454 1946 640 1990 emersit.
695 1959 796 1989 sane
827 1944 1139 2003 Clytemestram
1172 1946 1329 1990 Orestes
1358 1948 1473 2002 filius
1496 1951 1639 2006 postea
1669 1949 1716 1991 in
1745 1950 1835 1991 vin-

121 2018 276 2060 dictam
311 2019 452 2072 patris
493 2019 661 2061 necavit.
722 2018 892 2072 quidam
934 2002 1077 2061 dicunt
1106 2017 1420 2073 Clytemestram
1455 2033 1540 2062 non
1575 2033 1706 2062 manu
1740 2021 1834 2076 filii,

121 2089 192 2131 sed
225 2090 409 2132 iudicum
443 2091 644 2133 sententia
673 2092 942 2145 peremptam.
1001 2090 1079 2133 alii
1114 2089 1223 2133 hunc
1261 2090 1440 2134 Orestem
1475 2091 1614 2146 filium
1650 2092 1836 2135 Menelai

122 2163 160 2203 et
189 2161 374 2204 Helenae
411 2163 602 2213 tradunt;
639 2162 810 2217 quidam
846 2162 1055 2205 inventam
1092 2151 1338 2218 †in9eniam
1367 2163 1568 2206 aboetiam
1598 2177 1768 2206 uxorem
1798 2164 1836 2206 ei

121 2232 266 2275 volunt
292 2233 433 2286 fuisse.

242 2304 341 2347 267.
391 2316 533 2347 PRIMA
572 2315 719 2347 INTRA
755 2316 925 2348 LIMINA
966 2305 1012 2348 in
1052 2305 1147 2362 ipso
1185 2305 1335 2348 limine
1371 2306 1560 2363 imperii,
1602 2306 1647 2349 id
1685 2309 1752 2349 est
1787 2307 1833 2349 in

222 2437 240 2468 1
266 2433 329 2469 hic
354 2434 393 2470 et
416 2433 562 2470 inaricii
581 2434 618 2469 R
654 2433 717 2470 hic
742 2434 825 2470 azia
843 2435 884 2470 F
898 2437 911 2480 ΙΙ
930 2438 952 2470 2
978 2434 1100 2471 ozoloi
1118 2435 1192 2471 AS
1228 2435 1345 2471 ozolei
1370 2435 1407 2471 R
1445 2435 1541 2472 zoloi
1559 2435 1601 2471 F
1636 2435 1733 2472 ozoli
1753 2435 1802 2471 M
1822 2437 1835 2484 11

125 2481 356 2517 deferrentur
379 2482 416 2517 R
425 2482 487 2517 M:
514 2484 713 2518 tenuerunt
738 2483 811 2518 AS
848 2482 966 2519 delati
992 2482 1033 2518 F
1057 2484 1068 2530 ΙΙ
1098 2483 1319 2529 pentapolin
1344 2483 1417 2519 AS
1446 2485 1458 2530 ΙΙ
1495 2488 1516 2519 3
1542 2484 1736 2529 quaeritur
1760 2485 1834 2519 As

125 2528 248 2573 querit
272 2529 308 2564 R
332 2531 344 2575 ΙΙ
375 2533 398 2564 4
421 2529 554 2565 brutiis
579 2530 621 2565 F
653 2529 774 2566 britus
800 2530 834 2566 G
858 2532 870 2577 1}
899 2530 983 2577 hos]
1009 2531 1081 2567 hoc
1108 2530 1149 2566 F
1183 2541 1227 2566 oc
1255 2530 1290 2566 G
1313 2532 1326 2578 ΙΙ
1357 2534 1378 2567 ὅ
1405 2532 1513 2567 sirtes
1540 2531 1582 2567 F
1602 2533 1614 2579 ΙΙ
1644 2543 1737 2577 quas
1764 2532 1798 2567 G
1823 2532 1835 2579 Η

124 2575 319 2612 inhaerens
344 2576 393 2620 F,
419 2588 510 2613 corr.
531 2577 671 2613 Daniel
688 2579 701 2624 ΙΙ
726 2582 746 2613 6
772 2577 1045 2614 Mesammones
1070 2590 1132 2625 eqo
1159 2579 1217 2624 (cf.
1241 2579 1343 2614 Plin.
1362 2583 1438 2615 nat.
1465 2580 1545 2618 hist.
1568 2579 1600 2615 V
1621 2583 1666 2615 33
1696 2579 1833 2616 ‘Nasa-

124 2634 245 2659 mones
269 2635 358 2670 quos
382 2629 492 2660 antea
511 2625 773 2661 Mesammones
793 2626 889 2661 Grai
913 2627 1138 2671 appellavere
1163 2627 1209 2662 ab
1235 2630 1447 2672 aryumento
1472 2628 1553 2670 loci,
1578 2628 1714 2663 medios
1738 2628 1834 2663 inter

124 2672 283 2707 harenas
306 2672 444 2717 sitos'):
470 2671 720 2709 nisammones
746 2673 786 2708 F
820 2673 1085 2709 nibammones
1111 2674 1145 2709 G
1163 2675 1176 2720 ΙΙ
1194 2685 1454 2710 nasammones
1479 2674 1520 2709 F
1535 2675 1547 2719 ΙΙ
1574 2679 1593 2710 7
1620 2675 1834 2710 ammissam

125 2718 166 2753 F
182 2719 194 2765 ΙΙ
213 2718 369 2754 classem
395 2719 429 2754 G
448 2720 460 2766 ΙΙ
478 2719 726 2756 mediter-rena
753 2720 801 2764 F,
826 2721 969 2757 correxi
987 2722 998 2767 ΙΙ
1017 2722 1132 2756 ductu
1157 2721 1380 2757 Masvicius:
1407 2722 1546 2757 docunt
1565 2721 1606 2756 F
1639 2722 1781 2757 ducunt
1800 2723 1834 2758 G

126 2766 259 2802 dicunt
283 2766 421 2802 Daniel
447 2770 460 2812 ΙΙ
490 2771 512 2803 8
538 2767 609 2802 iter
634 2778 701 2803 om.
724 2767 758 2803 G
777 2769 789 2815 ΙΙ
821 2768 958 2804 Aurela
982 2769 1131 2805 Daniel.
1168 2769 1316 2816 Augyla
1340 2770 1394 2806 vel
1418 2768 1555 2815 Augila
1578 2770 1633 2805 vel
1656 2768 1833 2816 Augilam

125 2815 217 2850 coni.
233 2814 485 2850 Burmannus.
512 2815 597 2858 fort.
613 2815 746 2850 Vzalin
772 2816 833 2860 (cf.
854 2816 952 2852 Serv.
973 2817 1023 2851 ad
1042 2817 1133 2852 Aen.
1154 2817 1206 2852 ΠΙ
1220 2817 1304 2862 399)
1330 2821 1396 2853 aut
1414 2816 1602 2853 Tauchira
1620 2818 1681 2862 (cf.
1695 2817 1833 2854 Herod.

1647 2885 1692 2903 1111

125 2908 176 2944 1v
204 2913 269 2945 171
297 2909 396 2945 Ptin.
423 2913 499 2944 nat.
525 2909 606 2945 hist.
635 2910 667 2944 v
692 2913 752 2955 32)
772 2911 785 2957 ss
816 2914 836 2945 9
863 2910 986 2946 aricae
1013 2911 1047 2947 a
1073 2913 1086 2958 l!
1117 2916 1162 2948 10
1187 2911 1476 2958 longinquitatis
1501 2913 1542 2947 F
1575 2885 1757 2958 loxiqtatis
1786 2912 1834 2957 e,

125 2967 217 2992 corr.
245 2957 383 2992 Daniel
407 2958 419 3003 ΙΙ
451 2961 494 2991 11
521 2968 698 2992 nmmum
721 2969 829 2992 Asmi
855 2957 896 2992 F
910 2959 923 3003 ΙΙ
955 2961 998 2994 13
1023 2961 1067 2994 ut
1091 2963 1124 2995 et
1149 2960 1198 2994 sit
1223 2971 1289 2995 om.
1310 2960 1349 2995 F
1366 2961 1378 3006 11
1403 2960 1586 3006 possedit]
1610 2959 1736 3007 psedit
1760 2961 1801 2995 F
1822 2961 1825 3007 Ι

128 3007 173 3038 14
198 3004 397 3050 subsedere
423 3004 463 3039 F
479 3005 491 3051 11
511 3004 697 3039 calchidos
721 3005 794 3039 AS
803 3005 852 3039 M
858 3004 898 3040 F
933 3005 1119 3042 calchides
1145 3007 1182 3042 R
1200 3009 1212 3053 ΙΙ
1233 3011 1277 3042 15
1302 3008 1341 3042 in
1365 3018 1432 3043 om.
1459 3007 1588 3043 ASM
1600 3009 1612 3053 u
1630 3010 1734 3044 turos
1760 3008 1800 3043 F
1820 3009 1834 3089 4

129 3055 171 3086 1‘1
197 3050 245 3086 ab
270 3062 336 3087 om.
360 3052 401 3087 F
428 3053 440 3097 ΙΙ
474 3055 517 3087 19
544 3051 729 3098 subsedit]
757 3051 957 3098 contigerit
982 3053 1018 3088 R
1044 3055 1057 3100 ΙΙ
1087 3058 1131 3090 21
1159 3054 1318 3100 protulit
1342 3054 1383 3089 F
1407 3056 1419 3101 ΙΙ
1449 3055 1635 3091 adulterio
1663 3056 1713 3090 M
1737 3056 1749 3101 ΙΙ
1779 3055 1817 3089 ni

126 3098 200 3133 AS
208 3099 255 3132 M
290 3110 364 3134 non
383 3098 424 3134 F
439 3101 451 3146 ΙΙ
470 3103 515 3134 22
542 3099 646 3146 dum]
673 3111 746 3134 non
768 3099 808 3134 F
823 3100 836 3145 ΙΙ
855 3103 899 3135 23
926 3099 1163 3146 clymestram
1185 3102 1225 3136 F
1240 3104 1252 3148 11
1271 3106 1317 3137 24
1342 3102 1579 3146 clymestram
1600 3103 1640 3138 F
1655 3104 1668 3147 ΙΙ
1687 3105 1732 3137 25
1752 3113 1832 3137 sen-

126 3147 216 3181 tena
237 3145 277 3180 F
293 3147 305 3192 ΙΙ
323 3148 517 3193 perempta
536 3147 577 3182 F
592 3148 604 3193 ΙΙ
622 3151 667 3182 26
693 3147 856 3182 abetiam
878 3147 922 3182 G.
960 3147 1193 3194 Iphigeniam
1220 3149 1406 3185 abortiam
1425 3150 1564 3186 Daniel
1601 3149 1832 3195 Iphigeniam

127 3191 313 3228 abortiam
337 3193 476 3230 Daniel
519 3193 755 3240 Iphigeniam
786 3193 996 3230 abortivam
1023 3197 1240 3232 Masvicius.
1279 3197 1370 3233 mihi
1399 3197 1440 3233 in
1470 3200 1620 3233 mentem
1649 3197 1748 3233 venit
1777 3197 1832 3233 in-

126 3241 279 3276 ventam
304 3240 538 3288 Iphigeniam
564 3243 612 3278 ab
638 3252 681 3277 eo
706 3242 822 3279 etiam
847 3253 999 3278 uxorem
1024 3255 1051 3280 e.
1078 3255 1109 3290 q.
1135 3255 1163 3280 s.
1195 3246 1207 3291 ΙΙ
1238 3248 1284 3280 28
1308 3257 1415 3280 mma
1442 3245 1492 3279 M
1525 3255 1528 3257 ’

1860 653 1882 685 5

1858 1016 1902 1047 10

1860 1375 1904 1406 15

1859 1733 1905 1765 20

1860 2092 1904 2124 25
