2092 3614
260 1039 304 1070 10

257 1397 300 1428 15

256 1754 303 1786 20

258 2111 303 2142 25

260 2468 305 2499 30

325 278 414 320 432
1101 277 1261 315 SERVII

326 402 410 431 non
441 389 550 431 dixit
581 386 876 442 ‘proconsulis'.
979 400 1283 438 DEvm'rAQvE
1316 399 1470 430 BELLA
1501 387 1642 442 finita,
1674 386 1903 430 exhausta:
1934 401 2035 429 nam

326 459 467 502 hostis
499 460 706 515 vincitur,
736 473 825 501 non
859 458 1032 501 bellum.

447 531 545 573 371.
595 548 717 573 sven·
742 530 932 585 seweedit,
962 533 1010 571 ut
1040 529 1133 584 <VI
1160 531 1274 585 812>
1305 531 1384 572 cui
1413 530 1586 572 deinde
1614 529 1813 572 subibit.
1915 546 2040 571 LAVDI

326 605 374 644 ut
402 602 516 656 solet,
547 603 713 644 virtuti:
740 605 873 657 potest
901 605 939 644 et
962 603 1134 656 proprie
1163 602 1353 656 intelleqi.

449 673 547 716 372.
597 685 755 715 mmm
785 685 845 716 NE
877 684 1074 715 PEDles
1108 672 1279 715 dativus
1310 675 1377 714 est
1410 671 1643 727 ‘pedibus'2
1674 687 1775 714 nam
1807 671 1907 714 ‘fido
1939 670 2036 714 tibi'

329 744 522 786 dicimus.

446 816 545 858 374.
595 827 688 858 nAc
727 827 814 858 vos
853 827 911 857 ET
952 828 1197 858 PALLANTA
1238 827 1400 858 DvonM
1441 828 1610 858 PA'rmA
1651 827 1773 857 ALTA
1813 824 2036 856 nm’oscrr

327 886 411 929 hoc
442 887 536 929 vult
567 887 728 942 patria,
760 890 810 928 ut
842 902 918 942 per
949 888 1099 930 caedes
1131 887 1323 930 hostium
1355 890 1633 929 revertamur.

447 959 548 1001 375.
597 970 780 1001 NVMINA
819 971 993 1001 NVLLA*
1015 971 1235 1001 PREMVNT
1275 960 1603 1014 argumentatur
1641 972 1666 999 a
1702 956 1838 1012 facili,
1880 956 2039 1012 dicens,

330 1044 415 1072 non
453 1033 604 1072 contra
635 1030 756 1083 deOS,
789 1030 862 1072 sed
894 1032 1048 1073 contra
1079 1030 1285 1072 mortales
1317 1030 1433 1072 bella
1463 1031 1711 1071 tractamus.

448 1102 547 1144 377.
596 1112 714 1143 ECCE
745 1112 883 1143 MARIS
922 1101 1038 1156 quod
1077 1103 1143 1143 est
1181 1101 1350 1156 efficax,
1387 1101 1433 1142 in
1470 1101 1555 1142 fine
1594 1099 1759 1156 posuit:
1799 1113 1900 1141 nam
1933 1098 2039 1140 dicit

328 1188 401 1215 eos
428 1187 512 1229 quo
544 1172 718 1229 fugiant
747 1186 835 1215 non
866 1173 1044 1229 habere,
1076 1187 1172 1215 cum
1205 1175 1322 1214 terra
1353 1174 1553 1214 teneatur
1585 1171 1639 1214 ab
1671 1171 1889 1226 hostibus,
1921 1185 2039 1212 mare

329 1247 474 1287 autem
501 1244 682 1300 pedibus
707 1244 894 1286 transire
919 1259 1009 1287 non
1035 1245 1215 1299 possint.
1250 1246 1393 1286 castra
1418 1258 1521 1286 vero
1547 1243 1712 1298 ingredi
1737 1242 2038 1297 turpissimum

327 1319 407 1359 est:
452 1319 526 1358 aut
557 1319 672 1358 certe
704 1315 836 1357 etiam
873 1314 956 1358 hoc
986 1315 1259 1371 inpossibile,
1298 1316 1335 1357 si
1368 1315 1421 1357 ab
1454 1315 1654 1357 hostibus
1687 1313 1956 1368 obsidentur,
1992 1315 2041 1354 ut

328 1387 502 1444 quidam
541 1387 712 1443 volunt,
749 1387 1054 1443 intellegentes
1088 1388 1233 1442 <308>
1267 1386 1331 1428 ‘et
1360 1387 1479 1442 rapit
1518 1401 1614 1428 acer
1650 1388 1791 1428 tota-m
1828 1384 1964 1427 aciem
1994 1384 2039 1425 in

327 1458 538 1502 Teucros’
581 1458 748 1501 scilicet
790 1473 930 1512 suam,
975 1473 1104 1513 quam
1144 1458 1344 1513 ducebat,
1389 1458 1540 1499 ceteris
1580 1457 1754 1499 relictis.
1874 1465 2039 1496 MAGNA

328 1542 532 1573 CLAVDIT
565 1540 655 1572 Nos
689 1540 826 1572 OBICE
858 1541 1038 1572 PONTVS
1067 1529 1343 1583 periphrasis,
1380 1529 1427 1571 id
1462 1532 1521 1570 est
1557 1529 1669 1570 mari
1699 1527 1942 1570 claudimur.
2003 1528 2042 1567 et

328 1601 456 1644 modo
502 1616 605 1644 usus
647 1600 799 1655 habet,
843 1602 891 1642 ut
928 1599 1020 1642 ‘hie
1058 1599 1187 1642 obex'
1231 1600 1441 1654 dicamus,
1484 1599 1597 1641 unde
1641 1598 1818 1654 quidam
1857 1596 2039 1652 emagno

328 1671 465 1715 obice’
498 1673 659 1728 legunt.
722 1672 890 1727 antiqui
922 1662 1056 1714 etiam
1089 1670 1211 1713 ‘haec
1244 1669 1367 1713 obex'
1400 1670 1620 1726 dicebant,
1662 1668 1894 1712 secundum
1926 1667 2039 1723 quod

329 1746 398 1786 est
422 1743 598 1800 ‘magna
624 1742 775 1786 obice'.
818 1743 920 1786 hinc
946 1745 1013 1785 est
1038 1742 1152 1799 quod
1172 1758 1262 1786 non
1280 1743 1389 1785 nulli
1415 1742 1560 1785 vitant
1582 1742 1749 1798 generis
1775 1740 2039 1783 dubietatem

329 1818 373 1858 et
404 1815 557 1871 legunt
589 1814 781 1871 ‘magni',
814 1815 980 1857 scilicet
1012 1813 1189 1857 ‘maris’.
1237 1813 1376 1870 Caper
1409 1817 1556 1856 tamen
1586 1814 1631 1855 in
1661 1812 1785 1855 libris
1817 1811 1937 1854 dubii
1968 1825 2038 1866 ge-

327 1887 442 1929 neris
481 1886 638 1942 probat
675 1886 759 1929 dici
798 1889 843 1928 et
879 1885 972 1928 ‘hie
1003 1885 1134 1928 obex'
1175 1889 1218 1928 et
1249 1885 1376 1928 ‘haec
1409 1885 1549 1941 obex',
1587 1884 1718 1940 quod,
1758 1886 1807 1926 ut
1843 1883 2040 1938 diximus,

329 1958 458 2002 hodie
490 1958 543 2000 de
574 1972 655 2000 usu
686 1957 878 2001 recessit.

448 2030 545 2071 378.
598 2046 742 2071 moram
773 2030 819 2071 iol
847 2033 906 2071 est
936 2033 1073 2073 eastra
1107 2029 1395 2072 Troianorum.

449 2100 549 2142 379.
599 2111 781 2143 DENSOS
808 2112 1076 2144 PRORVMPH·
1102 2113 1151 2143 IN
1175 2111 1353 2144 HOSTES
1382 2102 1429 2141 ut
1454 2114 1527 2142 eos
1554 2099 1802 2142 hortaretur
1827 2098 2039 2152 exemplo.

449 2171 549 2214 380.
599 2182 733 2214 FATIS
766 2183 938 2222 INIQVIS
970 2172 1131 2214 exitum
1164 2171 1497 2226 praeoccupavit
1527 2170 1732 2213 futurum.

449 2243 548 2285 381.
597 2254 761 2286 MAGNO
799 2254 1019 2286 PONDERE
1060 2242 1133 2285 hoc
1169 2246 1228 2285 est
1262 2242 1411 2298 magni
1448 2242 1668 2297 ponderis,
1709 2242 1759 2283 ut
1796 2240 1890 2295 <111
1922 2240 2038 2295 286>

330 2329 446 2357 aere
478 2329 601 2357 cavo
635 2314 856 2369 clipeum
887 2330 965 2370 pro
999 2315 1128 2358 ‘aeris
1162 2313 1286 2357 cavi'.

449 2386 548 2428 383.
597 2397 837 2428 RECEPTAT
878 2386 972 2429 ideo
1010 2385 1329 2441 frequentativo
1368 2399 1471 2427 usus
1516 2386 1600 2439 est,
1645 2383 1746 2438 quia
1788 2383 2039 2425 haerentem

330 2458 505 2501 hastam
537 2457 711 2499 ossibus
739 2457 924 2500 avellere
955 2458 1082 2500 facile
1107 2471 1192 2499 non
1220 2458 1401 2511 poterat.
1445 2459 1483 2497 et
1506 2456 1703 2510 expressit
1725 2467 1886 2496 moram
1910 2467 2038 2507 quan-

330 2530 429 2572 dam
469 2532 508 2571 et
548 2527 799 2570 molitionem
834 2528 1095 2570 extrahentis.
1156 2540 1259 2582 ergo
1298 2525 1532 2581 ‘receptat'
1572 2528 1638 2567 est
1680 2524 1895 2580 frequenti
1938 2539 2037 2567 con·

427 2637 472 2668 29
498 2633 582 2669 ideo
606 2632 881 2677 frequentativo
907 2643 994 2668 usus
1021 2633 1079 2667 est
1104 2643 1133 2667 e.
1156 2643 1190 2676 q.
1212 2631 1256 2677 3.]
1291 2631 1335 2667 cf.
1362 2631 1525 2668 Macrob.
1552 2630 1598 2666 de
1625 2629 1702 2667 diff.
1728 2632 1767 2666 et
1792 2641 1865 2666 soc.
1892 2642 1945 2675 gr.
1970 2629 2036 2665 lat.

333 2695 366 2718 v.
392 2685 451 2726 21,
477 2685 515 2725 83
541 2680 587 2716 de
613 2680 727 2716 verbo
754 2684 786 2724 8,
815 2683 859 2714 14

429 2779 447 2810 1
476 2786 550 2811 non
576 2774 670 2810 dixit
692 2775 733 2811 in
759 2786 820 2811 ore
845 2774 1009 2810 consulis
1035 2775 1207 2810 Isidorus
1225 2776 1237 2819 ΙΙ
1262 2778 1283 2809 3
1310 2775 1359 2810 ad
1384 2787 1485 2809 svmr
1511 2785 1538 2809 s.
1565 2785 1596 2810 v.
1623 2772 1789 2808 succedit
1815 2771 1848 2806 T
1864 2773 1876 2816 ΙΙ
1904 2774 1924 2806 5
1950 2781 2035 2806 nam

332 2823 462 2859 fidenti
486 2821 645 2858 dicimus
671 2822 757 2857 ΕΗ
776 2824 883 2868 (corr.
903 2823 931 2868 l)
949 2823 962 2867 ΙΙ
981 2826 1002 2856 8
1029 2833 1095 2867 per
1120 2822 1300 2857 decaedes
1325 2822 1490 2857 hostium
1510 2821 1550 2856 F
1566 2823 1578 2867 ΙΙ
1599 2825 1642 2856 10
1667 2831 1740 2855 non
1766 2819 1834 2854 deo
1861 2819 1925 2853 sed
1952 2828 2037 2853 con—

332 2873 392 2906 tra
417 2869 587 2906 mortalis
613 2870 654 2905 F
669 2872 681 2915 ΙΙ
702 2874 744 2905 12
771 2870 862 2916 quo]
887 2869 953 2914 qui
978 2869 1018 2904 F
1033 2870 1046 2914 ΙΙ
1064 2869 1178 2915 terra]
1207 2871 1338 2905 contra
1361 2869 1398 2904 R
1416 2871 1428 2916 ΙΙ
1449 2873 1493 2904 14
1520 2872 1576 2904 est
1594 2866 1768 2903 ASRL:
1795 2867 1845 2901 sit
1869 2866 2001 2910 reliqui
2025 2864 2038 2911 Η

334 2917 446 2953 etiam
474 2918 544 2953 hoc
575 2928 642 2953 om.
669 2917 709 2952 F
737 2919 749 2964 ΙΙ
786 2917 1002 2953 obsidentur
1026 2927 1092 2954 om.
1118 2917 1192 2952 AS
1220 2918 1233 2962 ΙΙ
1272 2921 1314 2952 16
1341 2916 1473 2952 ceteris
1498 2916 1591 2951 RL:
1624 2914 1734 2951 certis
1760 2913 1883 2948 ASH
1887 2912 1927 2947 F
1961 2923 2035 2947 cer-

333 2965 415 3000 tens
442 2964 492 2999 M
522 2965 535 3010 ΙΙ
574 2968 615 2999 17
643 2966 692 3001 ad
717 2977 869 3001 anvm'r
893 2977 927 2999 n.
954 2978 985 2999 0.
1012 2977 1042 2998 P.
1067 2975 1094 2999 s.
1120 2975 1152 2999 v.
1178 2963 1367 3010 perifrasis
1399 2966 1455 2999 est
1486 2964 1557 2998 hoc
1588 2963 1670 2998 loco
1703 2961 1743 2996 id
1775 2961 1832 2995 est
1856 2959 2038 2994 cladimur

335 3013 415 3058 (sic)
441 3013 535 3047 mari
564 3011 597 3046 T
623 3013 636 3057 1}
667 3016 709 3048 19
735 3012 830 3048 haec
855 3011 943 3047 obix
967 3011 1007 3047 F
1034 3012 1047 3056 ΙΙ
1081 3016 1126 3047 20
1151 3012 1269 3058 quod]
1301 3011 1391 3056 quia
1415 3011 1455 3045 F
1482 3012 1494 3057 ΙΙ
1532 3010 1694 3045 uitantes
1719 3007 1760 3043 F
1787 3008 1799 3054 ΙΙ
1830 3011 1873 3042 21
1901 3006 2037 3053 Caper]

333 3070 443 3105 asper
468 3058 509 3095 F
523 3060 536 3105 ΙΙ
555 3063 599 3095 22
625 3060 718 3095 haec
743 3060 829 3095 obix
856 3059 897 3094 F
911 3059 924 3106 u
943 3059 1058 3105 quod]
1084 3059 1172 3104 quia
1197 3059 1237 3094 F
1253 3060 1265 3105 ΙΙ
1284 3062 1330 3094 24
1354 3059 1404 3095 acl
1428 3070 1604 3093 moinum
1629 3067 1656 3091 s.
1680 3067 1711 3091 v.
1738 3055 1809 3090 hoc
1835 3056 1892 3090 est
1916 3056 2038 3090 castra.

332 3106 564 3143 troianorum
592 3106 625 3141 T
659 3108 671 3151 ΙΙ
708 3110 753 3142 28
779 3105 957 3153 clipeum]
990 3106 1119 3152 magni
1149 3108 1342 3151 gestamen
1367 3105 1514 3141 abantis
1540 3105 1625 3140 add.
1653 3103 1707 3146 F,
1739 3113 1807 3147 pro
1833 3102 1930 3137 aeris
1956 3101 2038 3137 cavi

333 3156 499 3190 omittens
516 3155 529 3200 ΙΙ
547 3158 592 3190 29
606 3154 696 3199 quia
714 3153 860 3190 ossibus
878 3154 1136 3189 inhaerentem
1156 3154 1304 3189 hastam
1324 3152 1435 3188 facile
1455 3152 1616 3188 auellere
1635 3150 1788 3185 minime
1808 3150 1958 3202 poterat
1970 3148 2011 3183 F
2025 3148 2037 3195 Η

335 3206 380 3237 80
406 3202 455 3237 ad
478 3214 656 3237 BECEPTAT
681 3213 709 3237 s.
735 3213 767 3237 v.
793 3202 865 3236 hoo
890 3201 1047 3237 dicendo
1073 3201 1248 3246 exprimit
1278 3211 1453 3246 magnam
1485 3210 1627 3234 moram
1654 3199 1692 3233 et
1716 3197 1950 3232 molitionem
1976 3206 2037 3230 ex·

333 3250 518 3285 trahentis
546 3249 580 3284 Τ
607 3251 620 3295 ιΙ
657 3253 701 3285 31
727 3249 840 3285 frenti
866 3249 907 3284 F
