2092 3614
573 245 723 282 COMM.
750 245 803 281 IN
828 244 972 282 VERG.
999 243 1110 281 AEN.
1137 244 1206 280 XII
1232 247 1430 281 567—591.
1767 243 1854 286 625

143 356 279 398 modo
316 355 525 408 Aeneas,
567 356 731 398 nostri
770 355 814 398 si
858 358 999 398 tanta
1036 356 1211 409 cupido
1247 357 1338 408 est,
1380 355 1425 397 si
1461 354 1603 409 iunyi
1639 353 1853 408 hospitio

135 431 377 482 properat
398 428 652 482 sociusque
675 427 860 479 vocari,
886 427 1132 480 adveniat,
1157 429 1196 468 et
1220 425 1365 480 (285)
1385 425 1619 468 sublimes
1644 426 1695 467 in
1718 426 1854 479 equis

144 500 350 542 redeunt
379 513 642 553 pacemque
676 501 948 553 reportant,
987 500 1031 540 et
1067 498 1215 540 iteruin
1252 497 1382 552 paulo
1423 500 1523 539 ante
1555 499 1735 552 propter
1767 496 1852 538 sin-

149 570 297 626 gulare
330 574 559 613 certamen.

264 641 362 684 583.
414 658 598 685 TREPIDOS
627 659 744 685 INTER
774 641 846 686 hoc
876 644 935 684 est
963 642 1072 683 inter
1103 641 1288 694 trepidos.
1880 651 1900 681 5

265 713 363 756 584.
413 724 651 755 RESERARE
674 725 843 755 IVBENT
870 713 914 754 id
941 715 1007 755 est
1025 712 1191 767 volunt,
1218 715 1266 754 ut
1289 712 1500 755 Terentius
1525 712 1675 755 iubeo
1702 710 1854 754 Chre-

146 786 339 827 metem.

264 855 364 899 585.
413 867 638 898 TRAHVNT
670 867 733 897 AD
766 866 945 898 MOENIA
976 866 1137 897 REGEM
1175 855 1346 897 trahere
1377 856 1545 898 volunt:
1585 870 1686 898 nam
1719 855 1854 897 animi

146 930 229 982 est,
266 942 353 970 non
391 926 507 970 facti.
570 925 781 969 ‘trahunt'
822 928 966 968 autem
1005 926 1167 968 scilicet
1205 928 1254 968 ut
1291 926 1432 981 possit
1462 926 1677 969 inminens
1710 926 1854 968 videre

143 999 382 1041 discrimen.
444 999 643 1041 Donatus
688 997 791 1040 dicit
835 997 1031 1040 etrahunt
1075 998 1121 1039 in
1165 997 1349 1040 moenia'
1393 1013 1472 1053 pro
1516 997 1769 1040 ‘dilacerant
1807 998 1852 1039 in
1881 1008 1924 1039 10

145 1071 368 1113 moenibus
413 1070 657 1112 rumoribus
700 1069 815 1112 suis’.
877 1084 968 1124 erqo
1010 1068 1172 1125 ‘regern'
1212 1071 1260 1113 de
1300 1070 1453 1112 Latino
1493 1070 1617 1123 dixit,
1661 1067 1852 1111 ‘moenia’

144 1146 279 1185 autem
309 1141 374 1184 hie
403 1156 544 1185 muros
573 1142 690 1184 dixit.

263 1214 361 1258 587.
411 1225 636 1257 INCLVSAS
675 1224 735 1255 VT
775 1223 869 1254 CVM
906 1224 1177 1255 LATEBROSO
1215 1225 1265 1254 IN
1297 1224 1469 1255 PVMICE
1502 1224 1681 1255 PASTOR
1719 1226 1853 1267 paene

145 1286 290 1329 omnia
321 1285 658 1341 comparationis
690 1284 817 1326 istius
850 1284 980 1326 verba
1006 1284 1059 1325 ad
1086 1299 1216 1340 supra
1242 1284 1403 1326 dictum
1429 1285 1646 1339 pertinent
1671 1284 1854 1327 bellum:

144 1373 245 1400 nam
277 1358 339 1400 ita
372 1372 473 1412 apes
506 1357 697 1399 inclusae
730 1357 849 1407 sunt,
886 1358 934 1397 ut
963 1356 1161 1398 homines
1194 1355 1267 1411 qui
1299 1355 1567 1398 obsidentur:
1606 1357 1669 1398 ita
1702 1355 1849 1398 civita·
1879 1367 1921 1398 15

144 1432 232 1471 tem
275 1428 524 1472 timentium
567 1428 758 1470 latebras
797 1427 997 1483 dicimus,
1042 1427 1152 1470 sicut
1190 1442 1320 1483 apum
1360 1430 1460 1469 sunt
1500 1427 1707 1470 alvearia:
1752 1427 1856 1469 item

146 1503 295 1556 pastor
333 1503 400 1543 est
438 1503 482 1542 et
518 1514 563 1542 re
602 1515 702 1542 vera
733 1501 882 1554 pastor
916 1503 958 1541 et
990 1499 1141 1542 ductor
1173 1499 1402 1551 exercitus,
1443 1502 1490 1541 ut
1522 1500 1732 1542 Homerus
1762 1513 1857 1541 ποι-

145 1570 257 1627 μένα
289 1571 410 1614 λαοῦ.
455 1571 516 1614 ‘in
541 1571 723 1628 pumice'
758 1573 903 1613 autem
929 1571 1013 1613 iste
1039 1571 1276 1614 masculino
1304 1585 1457 1627 genere
1483 1572 1642 1627 posuit,
1675 1574 1718 1613 et
1742 1571 1857 1614 hunc

147 1643 383 1699 sequimur:
420 1657 521 1686 nani
551 1647 588 1686 et
618 1642 799 1686 Plautus
829 1644 891 1704 ita
921 1644 1049 1685 dixit:
1087 1644 1188 1685 licet
1220 1642 1416 1686 Catullus
1448 1643 1604 1685 dixerit
1634 1642 1856 1686 feminino.

264 1715 365 1758 588.
413 1726 542 1757 FVMO
575 1727 733 1758 AMARO
767 1715 880 1770 quod
912 1715 1031 1757 elicit
1061 1715 1274 1758 lacrimas.
1881 1727 1926 1758 20

265 1787 364 1830 589.
413 1798 645 1842 TREPIIQAE
679 1798 838 1829 RERVM
877 1787 1118 1829 nescientes
1160 1787 1262 1842 quid
1295 1789 1446 1842 agant,
1485 1787 1662 1842 ignarae
1695 1787 1855 1843 auxilii,

145 1858 216 1900 hoe
253 1862 312 1901 est
348 1859 528 1912 trepidae
564 1859 612 1900 de
647 1859 735 1901 suis
770 1858 911 1901 rebus:
953 1858 1167 1901 Terentius
1202 1862 1282 1900 sat
1317 1859 1421 1913 ayit
1450 1873 1612 1901 rerum
1642 1872 1855 1903 suarum.

206 1947 327 1973 emm
359 1947 502 1973 eAsweA
541 1933 735 1985 oportune
765 1930 830 1972 hic
861 1929 1027 1972 ‘castra’
1060 1931 1107 1972 de
1136 1930 1201 1972 his
1231 1931 1349 1973 rebus
1379 1945 1482 1984 quae
1512 1945 1623 1973 nune
1653 1934 1855 1985 ayuntur:

144 2003 191 2044 in
217 2003 414 2057 yeoryieis
445 2001 535 2056 <IV
570 2002 686 2056 202>
719 2002 959 2055 aulasque
989 2005 1034 2043 et
1063 2014 1391 2057 oerea'reyna.

265 2073 362 2117 591.
413 2085 538 2115 ATER
571 2085 699 2116 ODOR
730 2088 857 2116 nove:
889 2088 992 2116 nam
1023 2073 1070 2115 in
1103 2073 1232 2115 odore
1265 2074 1360 2129 quis
1394 2074 1513 2116 color
1544 2074 1638 2116 est?
1671 2075 1745 2117 sed
1771 2075 1852 2118 hoc
1877 2084 1923 2115 25

146 2144 269 2187 dicit:
309 2145 415 2187 odor
454 2147 575 2187 atrae
609 2145 692 2200 rei,
729 2144 837 2186 fumi
869 2142 1041 2187 80111061
1063 2143 1173 2187 ‘ater
1205 2144 1339 2197 odor',
1371 2145 1413 2187 id
1445 2147 1512 2188 est
1541 2146 1771 2203 pessimus,
1808 2150 1857 2189 ut

146 2215 366 2271 ‘fumoque
398 2216 597 2271 implevit
629 2215 804 2258 amaro'.

241 2351 261 2381 6
287 2345 500 2392 Terentius]
526 2343 640 2380 Andr.
667 2345 719 2380 ΙΙΙ
746 2350 778 2388 3,
808 2350 825 2380 1
858 2347 870 2392 ΙΙ
902 2349 947 2381 17
974 2345 1172 2393 Homerus]
1202 2347 1247 2382 cf.
1274 2347 1314 2382 Il.
1341 2347 1358 2382 I
1383 2351 1451 2382 263
1480 2347 1493 2394 ΙΙ
1526 2350 1568 2383 19
1595 2346 1779 2394 Catullus]
1806 2347 1853 2383 cf.

149 2394 276 2430 adnot.
303 2394 383 2429 crit.
407 2394 420 2439 ΙΙ
452 2396 496 2428 22
522 2392 733 2440 Terentius]
759 2393 1013 2430 Heautontim.
1040 2393 1075 2429 II
1103 2397 1134 2438 1,
1163 2398 1206 2429 13

247 2518 264 2548 1
293 2512 324 2548 si
348 2513 471 2560 iungi]
499 2512 637 2558 singuli
663 2513 703 2548 F
718 2514 730 2559 ΙΙ
758 2517 778 2548 2
807 2513 1000 2558 sociosque
1026 2513 1067 2548 F
1082 2514 1094 2558 ΙΙ
1125 2518 1145 2548 3
1172 2514 1326 2559 propter
1351 2524 1416 2549 om.
1438 2513 1478 2548 F
1494 2515 1506 2560 ΙΙ
1537 2518 1557 2549 6
1582 2515 1626 2550 ut
1649 2525 1715 2550 oni.
1736 2514 1824 2549 HF
1845 2514 1856 2561 Η

148 2561 340 2597 iuueodire
367 2563 467 2596 mete
494 2560 534 2596 F
567 2562 579 2608 11
617 2563 816 2597 cremetem
842 2560 1012 2598 ASRH
1045 2562 1268 2597 crementem
1295 2561 1344 2596 M
1350 2578 1353 2580 v
1377 2561 1584 2597 Cremetem
1610 2562 1752 2597 salvere
1779 2562 1854 2598 Ste-

143 2609 293 2654 phanus
323 2610 335 2654 ΙΙ
372 2612 393 2643 8
420 2608 485 2655 An]
511 2621 548 2643 m
575 2608 615 2644 F
642 2610 654 2655 11
685 2620 771 2644 nam
798 2609 915 2644 animi
940 2611 997 2644 est
1021 2620 1096 2644 non
1120 2609 1212 2644 facti
1237 2609 1273 2644 R
1298 2610 1512 2645 Burmanni
1535 2613 1578 2645 ut
1601 2611 1744 2646 videtur
1768 2622 1855 2645 nam

153 2656 315 2691 animem
341 2666 415 2690 non
440 2655 532 2692 facti
550 2656 605 2691 F:
630 2657 786 2691 nuncius
812 2658 913 2703 (nam
932 2656 990 2691 ius
1009 2658 1048 2701 a)
1075 2656 1191 2692 animi
1217 2658 1274 2692 est
1298 2668 1370 2693 non
1397 2657 1489 2692 facti
1514 2656 1586 2692 AS
1620 2668 1705 2692 nam
1733 2659 1855 2692 motus

149 2715 181 2739 6.
209 2714 239 2739 6.
266 2715 301 2738 11.
327 2703 351 2738 f.
378 2703 414 2737 R
456 2714 544 2738 nam
575 2705 698 2739 motus
732 2715 764 2739 a.
792 2715 822 2739 6.
848 2716 882 2739 11.
910 2704 1051 2739 factum
1076 2703 1111 2738 L
1133 2704 1213 2740 Vos.
1229 2705 1444 2740 Burmanni
1479 2716 1566 2740 nam
1598 2704 1671 2739 tius
1703 2715 1735 2739 a.
1763 2715 1794 2740 e.
1821 2717 1853 2739 n.

148 2750 240 2786 facit
264 2750 309 2785 H
348 2761 433 2786 nam
465 2751 639 2786 uoluntas
671 2762 703 2786 a.
730 2763 760 2786 e.
786 2763 821 2786 n.
854 2751 946 2787 facti
971 2751 1033 2795 M,
1067 2753 1164 2797 quod
1195 2753 1370 2798 impressa
1401 2753 1623 2797 exemplaria
1654 2753 1854 2797 occupavit.

148 2800 302 2842 fortasse
319 2809 406 2833 nam
426 2798 575 2834 tantum
601 2798 717 2834 animi
741 2801 810 2844 est,
834 2811 906 2834 non
930 2798 1021 2834 facti
1038 2800 1094 2835 vel
1110 2799 1253 2835 notatio
1275 2811 1306 2835 6.
1328 2811 1358 2835 e.
1378 2811 1413 2835 n.
1435 2800 1459 2834 f.
1479 2801 1491 2844 ΙΙ
1511 2803 1530 2834 9
1558 2798 1713 2834 trahunt
1730 2800 1856 2835 autem

149 2857 214 2882 om.
236 2846 276 2881 F
291 2847 303 2891 ΙΙ
331 2849 373 2880 11
400 2846 608 2881 rumoribus
635 2846 710 2881 suis
736 2857 803 2881 om.
825 2846 866 2881 F
881 2847 893 2893 ΙΙ
919 2850 962 2882 13
987 2858 1154 2883 mammas
1180 2850 1305 2883 autem
1333 2859 1532 2882 LATEBBOSO
1558 2846 1598 2881 F
1612 2848 1625 2892 ss
1646 2850 1689 2881 15
1714 2846 1856 2882 inclau-

150 2904 212 2929 sae
232 2894 304 2929 AS
322 2894 334 2939 ΙΙ
355 2896 398 2928 17
424 2895 555 2938 pastor
580 2893 653 2940 est]
680 2904 744 2929 rex
769 2894 854 2929 add.
877 2894 937 2936 M,
963 2897 1005 2929 ut
1028 2905 1093 2930 rex
1118 2896 1202 2931 add.
1224 2896 1262 2930 D
1281 2896 1292 2941 ΙΙ
1312 2898 1350 2930 61
1374 2905 1412 2929 16
1438 2905 1528 2929 uera
1548 2898 1676 2940 pastor
1701 2905 1767 2930 oni.
1788 2895 1824 2930 R
1843 2895 1854 2939 fi?

147 2941 293 2988 pastor]
328 2942 458 2986 pastor
489 2944 546 2976 est
571 2940 611 2975 F
644 2942 656 2986 ΙΙ
692 2941 922 2976 exercituum
954 2941 1084 2977 ΑΒΜ
1118 2944 1130 2989 ΙΙ
1165 2943 1398 2978 homemxsxu
1423 2942 1495 2977 AS
1531 2952 1749 2977 nounnaxsw
1773 2942 1861 2977 RH

148 2999 386 3024 normenaaau
412 2988 462 3023 M
496 2999 704 3023 πο1ΜεΛ6ωΝ
730 2988 770 3023 F
803 2990 815 3033 ΙΙ
853 2991 897 3023 18
922 2988 962 3023 111
986 2990 1173 3034 pumicem
1198 2991 1243 3025 H
1274 2989 1447 3034 pumicen
1474 2989 1515 3024 F
1548 2991 1560 3035 ss
1598 2990 1650 3036 et]
1676 2991 1719 3024 ut
1743 2989 1817 3025 AS
1844 2990 1855 3036 Η

151 3039 194 3071 19
221 3036 390 3082 sequitur
415 3035 541 3071 ΑΕΗ
567 3036 578 3082 ΙΙ
617 3036 762 3071 0613111118
788 3035 828 3070 F
855 3038 867 3081 n
896 3035 1091 3084 feminino]
1118 3049 1184 3073 om.
1212 3037 1384 3073 ASRH.
1427 3036 1547 3072 ‘arida
1573 3037 1683 3072 modo
1709 3037 1856 3082 pumice

150 3083 371 3129 expolitum'
402 3083 495 3129 (Cat.
525 3087 555 3127 1,
583 3085 619 3129 2)
646 3084 729 3119 add.
757 3076 958 3119 Fabricius
993 3085 1006 3130 ΙΙ
1041 3088 1084 3120 21
1113 3086 1162 3121 ad
1196 3097 1368 3120 'rampuns
1394 3097 1511 3120 RERVM
1535 3095 1562 3120 s.
1588 3096 1620 3119 v.
1647 3084 1855 3120 nescientes

150 3130 240 3175 quid
266 3131 381 3176 agant
405 3130 444 3166 id
471 3133 529 3167 est
552 3130 719 3176 trepidae
746 3131 791 3166 de
818 3130 893 3166 suis
917 3130 1026 3168 rebus
1055 3132 1088 3167 T
1113 3134 1125 3179 ΙΙ
1157 3137 1201 3167 24
1230 3132 1333 3167 611168
1360 3132 1540 3176 quiriatus
1565 3142 1680 3178 regna
1705 3132 1745 3166 F
1767 3133 1778 3178 ΙΙ
1809 3135 1854 3167 25

150 3179 209 3213 6813
232 3189 298 3214 om.
313 3178 386 3214 AS
402 3179 416 3225 ΙΙ
434 3182 478 3214 26
506 3178 684 3214 odoratae
709 3177 818 3214 rei⁴A
855 3178 947 3214 odor
972 3181 1077 3216 ataer
1102 3181 1137 3215 ei
1156 3180 1184 3214 S
1221 3178 1312 3214 odor
1338 3181 1418 3214 ater
1436 3179 1530 3214 ΒΜ
1562 3180 1654 3214 odor
1679 3179 1796 3215 aterei
1815 3180 1860 3214 H

151 3225 242 3261 odor
266 3226 391 3262 atreae
418 3226 472 3261 rei
496 3226 537 3261 F
553 3227 565 3273 ΙΙ
596 3225 718 3261 fumus
743 3225 834 3261 RH
852 3227 866 3272 ΙΙ
895 3226 934 3262 id
959 3228 1017 3263 6813
1040 3227 1133 3263 fumi
1159 3227 1199 3263 F
1222 3229 1233 3274 ΙΙ
1265 3231 1308 3262 27
1334 3225 1510 3272 inplicuit
1535 3227 1575 3262 F
