2092 3614
516 237 665 274 COMM.
693 238 744 273 IN
770 236 912 274 VERG.
941 236 1050 272 AEN.
1078 237 1129 272 IX
1159 240 1354 273 183--206,
1709 236 1793 278 327

209 349 304 391 193.
357 365 430 391 sve
461 365 549 391 ILLO
570 362 652 402 pro
684 347 755 390 ‘ex
785 346 902 390 illo':
926 346 1275 401 praepositionem
1307 348 1492 389 mutavit.

208 419 304 462 194.
353 431 537 462 MOENIA
568 430 849 461 PALLANTEA
881 418 956 461 ubi
986 433 1102 460 nunc
1134 418 1270 460 credit
1302 433 1394 460 esse
1428 418 1618 461 Aenean.
1648 453 1666 473 ψ

211 492 304 533 196.
353 509 568 535 ARJJENTEM
591 491 708 536 modo
727 490 947 545 ardentem,
970 492 1018 532 ut
1036 487 1127 544 <IV
1150 489 1264 543 101>
1288 490 1429 532 ardet
1451 504 1625 533 amans
1642 490 1797 533 Dido:

86 577 144 605 an
171 563 472 616 festinantem?
496 566 543 606 ut
574 562 625 618 <I
655 561 770 616 423>
802 562 1000 604 instant
1028 561 1258 604 ardentes
1291 561 1457 616 Tyrii:
1490 575 1548 603 an
1578 562 1798 615 eupiditate

87 635 221 677 caedis
249 634 526 690 slayrantem?
568 637 615 676 ut
645 632 759 689 <XII
793 633 876 688 71>
907 633 1048 675 ardet
1076 633 1129 675 in
1160 646 1301 675 arma
1331 633 1510 687 mayis:
1548 646 1605 674 an
1628 637 1799 687 propter
1824 642 1844 671 5

86 706 193 749 illud
228 708 336 761 quod
369 707 454 761 ipse
490 706 590 749 dicit
619 704 734 747 ‘dine
769 704 877 747 hune
913 706 1102 747 ardorem
1132 703 1333 746 mentibus
1363 702 1541 746 addunt'
1580 707 1618 746 et
1655 705 1799 747 deinde

87 776 178 820 ‘aut
198 792 388 833 puynam
418 781 493 820 aut
523 777 686 831 aliquid
713 776 958 819 iamdudum
989 776 1181 818 invadere
1210 773 1444 830 maynum'.
1710 766 1714 768 ⁵

208 850 303 894 197.
354 861 525 893 SVMMIS
557 859 833 891 AmvneERE
866 859 1013 890 REBVS
1047 846 1306 889 ‘summum'
1340 849 1383 889 et
1416 849 1654 889 extremum
1696 847 1796 890 dici-

86 937 182 965 mus
215 925 259 964 et
291 921 522 964 laudabile.
584 921 691 963 bene
730 934 832 976 ergo
865 919 911 961 in
941 934 987 961 re
1020 918 1152 961 dubia
1185 933 1381 961 sermone
1414 933 1516 960 usus
1549 921 1616 960 est
1648 918 1797 975 dubio;

85 1008 187 1037 nam
230 992 312 1036 hoc
356 992 481 1035 dicit:
524 1007 612 1035 non
656 991 785 1034 debes
830 1005 898 1033 me
942 1004 1021 1033 nec
1060 1006 1085 1033 a
1122 991 1198 1033 tua
1236 990 1375 1047 gloria
1415 1004 1494 1032 nec
1532 1005 1558 1033 a
1594 990 1796 1046 periculis
1827 1000 1868 1030 10

88 1079 330 1122 segregare.

207 1138 302 1180 199.
353 1148 563 1180 GENITOR
594 1131 759 1178 BELLIS
792 1146 1032 1178 ADSVETVS
1071 1135 1163 1191 ipse
1194 1149 1302 1190 puer
1333 1135 1400 1177 est
1428 1133 1611 1176 necdum
1641 1133 1796 1189 proba-

83 1210 171 1251 tus:
215 1209 326 1251 uncle
359 1223 403 1251 se
436 1211 478 1251 et
511 1223 536 1250 a
567 1207 672 1250 belli
702 1206 972 1262 temporibus
1005 1208 1048 1249 et
1080 1221 1106 1248 a
1135 1206 1274 1262 patris
1312 1205 1473 1248 virtute
1512 1205 1796 1248 commendat.

204 1281 302 1323 200.
352 1291 624 1323 AneomcvM
658 1290 914 1321 TERROREM
947 1293 1074 1334 quem
1106 1277 1259 1321 Graeci
1291 1277 1547 1320 inferebant.
1646 1294 1797 1319 mom-

85 1370 162 1401 QVE
187 1369 361 1396 LABORES
396 1353 490 1395 bene
519 1348 629 1394 κατὰ
663 1348 712 1394 τὸ
748 1348 1041 1407 σιωπώμενον
1079 1364 1212 1394 annos
1242 1349 1428 1405 Euryali
1465 1349 1658 1391 ostendit:
1696 1363 1797 1390 nam
1824 1357 1867 1388 15

82 1425 120 1466 si
149 1439 178 1467 a
207 1427 338 1479 coepto
373 1424 554 1467 Troiano
585 1423 702 1475 bello,
739 1423 848 1477 quod
876 1422 1113 1482 decennium
1145 1422 1293 1477 tenuit,
1330 1424 1479 1476 septem
1509 1420 1614 1462 anni
1645 1421 1797 1463 erroris

82 1496 309 1551 addantur,
352 1496 458 1538 anni
498 1496 569 1538 via·
612 1496 743 1537 decem
784 1498 821 1537 et
856 1481 1004 1549 septem
1039 1491 1148 1537 sunt]
1209 1496 1268 1536 est
1301 1507 1393 1548 erqo
1430 1495 1543 1535 aetas
1577 1506 1705 1546 paene
1742 1493 1799 1535 ad

83 1568 231 1611 bellum
258 1567 474 1619 inhabilis;
505 1567 576 1610 sed
598 1558 837 1610 exercitium
861 1566 1104 1622 ostenditur,
1129 1565 1238 1620 quod
1260 1566 1367 1608 inter
1392 1565 1496 1608 bella
1520 1564 1703 1607 nutritus
1727 1566 1795 1606 est.

201 1640 300 1682 201.
350 1650 598 1682 SVBLATVM
632 1641 893 1694 susceptum.

203 1713 301 1755 202.
351 1727 624 1755 MAGNANIMVM
648 1727 810 1754 AENEAM
836 1708 908 1770 (ΕΤ
938 1727 1040 1753 FATA
1074 1727 1259 1753 EA'TREMA
1293 1726 1362 1753 SEc
1370 1707 1483 1765 vrrs)
1515 1708 1603 1751 ‘ideo
1627 1711 1795 1764 secutus,
1822 1718 1867 1748 20

83 1798 167 1826 non
197 1787 244 1826 ut
272 1784 379 1826 vitae
409 1784 612 1838 studeam,
643 1783 714 1825 sed
738 1782 906 1837 yloriae.

204 1856 302 1898 203.
352 1866 438 1902 EST
472 1866 552 1898 1-110
584 1866 670 1897 EST
703 1865 877 1897 ANIMVS
913 1852 1025 1896 ehic’
1057 1854 1202 1908 potest
1241 1867 1333 1895 esse
1367 1854 1410 1894 et
1442 1851 1694 1894 adverbium
1726 1851 1794 1893 de-

85 1927 388 1983 monstrantis,
426 1929 474 1968 ut
507 1927 565 1968 sit
597 1925 686 1968 ‘est
717 1925 823 1981 hic’,
864 1925 909 1968 id
941 1927 1007 1967 est
1037 1924 1083 1966 in
1113 1938 1210 1967 meo
1242 1926 1429 1980 pectore.
1484 1925 1629 1978 potest
1660 1926 1703 1966 et
1735 1924 1795 1966 sic

85 1999 240 2055 accipi,
271 2001 319 2040 ut
351 1998 487 2041 dicas:
526 2002 592 2041 est
622 1997 693 2040 hic
725 1998 894 2039 animus
926 1996 1036 2040 lucis
1069 1997 1357 2051 contemptor,
1388 1995 1471 2038 hoc
1497 1996 1563 2037 est
1593 1994 1675 2037 iste
1703 1995 1795 2036 ani-

85 2085 192 2112 mus.
255 2083 356 2126 ergo
389 2069 501 2112 ‘hic'
535 2071 578 2111 et
609 2069 785 2125 produci
815 2071 961 2124 potest
993 2070 1036 2110 et
1069 2068 1240 2122 corripi.
1436 2058 1449 2068 ’
1820 2075 1864 2105 25

203 2142 301 2184 204.
351 2153 494 2184 ISTVM
520 2153 600 2192 Qvl
626 2153 736 2184 VITA
761 2153 883 2183 BENE
912 2151 1095 2182 CREDAT
1122 2151 1205 2181 EMI
1238 2151 1331 2190 Qvo
1365 2149 1533 2180 TENDIS
1566 2149 1795 2180 IIONOREM

86 2214 158 2269 qui
195 2214 327 2257 istum
364 2213 591 2268 honorem,
630 2228 713 2269 quo
751 2212 914 2268 tendis,
950 2211 994 2254 id
1034 2213 1100 2254 est
1137 2211 1190 2253 ad
1228 2225 1354 2266 quem
1393 2208 1564 2261 niteris,
1609 2209 1794 2252 libenter

84 2288 200 2329 emat
231 2286 339 2342 vita,
370 2285 413 2327 id
445 2287 511 2328 est
540 2285 656 2328 vitae
688 2284 839 2340 pretio.

203 2357 302 2400 205.
353 2369 432 2399 ΝΠ,
465 2368 586 2399 TALE
620 2367 836 2399 VEREBAR
868 2355 995 2411 quale
1026 2357 1075 2397 tu
1107 2354 1353 2410 suspicaris.

204 2430 303 2472 206.
352 2446 432 2473 NON
459 2429 808 2484 distinquendum,
833 2430 880 2470 ut
902 2427 1071 2470 initium
1096 2427 1204 2469 iuris
1228 2426 1401 2469 iurandi
1424 2426 1481 2468 sit
1505 2424 1582 2468 ‘ita
1607 2439 1670 2468 me
1693 2426 1792 2479 refe-
1820 2435 1865 2464 30

84 2500 185 2543 rat’.
306 2517 486 2544 REFERAT
509 2518 591 2544 mn
606 2517 767 2544 MAGNVS
793 2516 979 2543 oVANTEM
1000 2516 1181 2543 IVPPITER
1212 2498 1316 2541 mire
1346 2498 1413 2541 ius
1444 2497 1670 2540 iurandum
1701 2509 1815 2540 oon-'2

183 2657 203 2689 8
230 2664 413 2688 summum
441 2681 448 2689 .
470 2681 478 2688 .
499 2681 508 2690 .
533 2653 739 2700 laudabile]
766 2653 811 2690 cf.
838 2653 933 2688 Non.
959 2663 995 2696 p.
1019 2655 1100 2697 401,
1121 2655 1165 2687 33
1185 2650 1232 2687 M.
1255 2653 1266 2698 ΙΙ
1288 2655 1331 2687 19
1358 2663 1535 2687 sanArvn
1562 2652 1792 2697 susceptum]

85 2702 131 2739 cf.
158 2701 253 2738 Non.
278 2714 314 2747 p.
341 2705 420 2745 316,
447 2705 493 2737 28
518 2700 567 2737 Μ.

181 2849 199 2880 1
228 2845 278 2880 ad
303 2857 366 2880 svn
391 2855 420 2880 s.
445 2855 476 2880 v.
504 2855 548 2879 cx
578 2843 637 2890 ΤΗ
667 2847 688 2879 2
715 2848 832 2878 aenea
857 2854 935 2878 csse
960 2842 1034 2878 AS
1057 2844 1069 2890 ll
1100 2848 1120 2879 3
1147 2844 1196 2879 ad
1220 2855 1406 2879 mmmmm
1430 2854 1463 2877 A.
1490 2854 1523 2879 A.
1549 2853 1578 2878 s.
1603 2853 1636 2878 v.
1662 2843 1728 2878 aut
1753 2854 1792 2878 re

85 2904 175 2928 uera
204 2892 398 2928 ardentem
430 2893 497 2927 aut
526 2891 769 2927 festinantem
801 2892 867 2926 aut
898 2889 1101 2936 cupiditate
1134 2891 1260 2926 caedis
1290 2890 1512 2936 flagrantem
1544 2891 1609 2925 aut
1640 2891 1794 2935 propter

84 2940 180 2976 illud
212 2939 308 2975 dixit
339 2938 440 2975 diine
465 2940 565 2974 hunc
591 2938 762 2973 ardorem
788 2940 827 2974 et
851 2937 996 2983 reliqua
1024 2939 1058 2973 Τ
1083 2940 1095 2985 ΙΙ
1132 2939 1174 2973 ut
1198 2939 1352 2974 Daniel:
1386 2940 1452 2973 aut
1482 2939 1524 2973 ut
1550 2937 1591 2972 F
1624 2938 1689 2972 aut
1717 2937 1751 2972 G
1781 2938 1792 2983 Η

85 2991 107 3022 4
133 2987 366 3033 cipiditateG
385 2988 396 3034 {l
417 2991 437 3022 5
464 2986 570 3022 caedi
596 2986 636 3021 F
652 2987 663 3032 ΙΙ
689 2990 710 3021 6
736 2985 838 3021 dicat
861 2986 1000 3022 Daniel
1019 2988 1030 3033 ΙΙ
1050 2986 1152 3033 dine]
1180 2997 1224 3022 ne
1251 2986 1291 3021 F
1307 2987 1318 3032 ΙΙ
1347 2989 1368 3021 8
1395 2986 1460 3020 aut
1486 2986 1692 3020 extremum
1719 2985 1760 3019 F
1781 2985 1792 3030 Η

87 3034 172 3076 {lin
196 3034 306 3070 rebus
331 3034 453 3071 dubiis
479 3034 519 3070 F
548 3035 559 3081 ΙΙ
597 3038 640 3068 13
668 3044 690 3068 a
715 3033 808 3068 belli
833 3034 1063 3079 temporibus
1090 3034 1143 3069 F:
1175 3034 1224 3069 ab
1254 3033 1331 3068 illis
1362 3032 1594 3078 temporibus
1620 3033 1793 3068 Serviani

86 3083 174 3117 libri
192 3083 204 3128 u
225 3086 267 3118 15
294 3084 380 3118 cata
404 3084 443 3118 to
470 3082 714 3128 siopomenon
741 3080 780 3116 F
797 3082 808 3127 ΙΙ
828 3080 957 3117 euriali
984 3081 1025 3117 F
1040 3082 1052 3128 ΙΙ
1078 3085 1121 3117 16
1147 3093 1171 3117 a
1196 3082 1329 3127 coepto
1354 3081 1510 3116 Daniel:
1536 3081 1692 3125 accepto
1718 3079 1758 3114 F
1782 3102 1783 3120 ;

86 3129 306 3164 decendium
332 3130 372 3164 F
386 3130 399 3175 ss
418 3134 463 3165 20
489 3131 538 3166 ad
563 3141 655 3165 mu
680 3140 842 3164 mmmm
867 3141 1016 3165 snchvs
1041 3140 1068 3165 s.
1095 3140 1126 3165 v.
1155 3128 1300 3164 scilicet
1325 3130 1367 3164 ut
1391 3139 1467 3164 non
1493 3128 1664 3163 studeam
1689 3126 1790 3161 uitae
1818 3137 1823 3142 ·

88 3176 152 3211 sed
177 3176 318 3222 gloriae
347 3177 380 3212 T
397 3179 408 3224 ΙΙ
437 3181 482 3213 28
509 3177 609 3213 vitae
635 3188 701 3214 om.
728 3176 801 3212 AS
825 3177 836 3223 ΙΙ
862 3179 906 3211 30
932 3177 981 3212 ad
998 3189 1073 3212 non
1098 3188 1125 3212 s.
1151 3187 1184 3213 v.
1210 3174 1272 3212 hic
1299 3176 1356 3212 est
1381 3175 1628 3224 separandum
1655 3175 1697 3210 ut
1721 3173 1790 3210 ini-

87 3222 182 3260 tium
208 3224 257 3259 sit
281 3223 428 3261 iurandi
452 3223 507 3261 ita
531 3235 590 3260 me
620 3224 653 3259 T
681 3226 693 3272 ΙΙ
730 3228 773 3259 31
800 3223 937 3260 mireus
962 3223 1159 3260 iurandum
1187 3222 1222 3261 G
