2124 3600
256 1043 299 1073 10

257 1400 299 1430 15

255 1757 301 1788 20

256 2114 301 2145 25

331 281 387 322 14
1105 268 1269 320 SERVu'

328 394 393 433 est
432 391 595 434 ‘cessas
633 392 679 434 in
716 393 835 436 illam
873 392 1000 448 rem',
1045 394 1158 436 aliud
1199 393 1365 436 ‘cessas
1406 394 1450 435 in
1482 394 1560 436 illa
1591 394 1674 437 re':
1712 395 1860 438 tardus
1899 411 1942 438 es
1982 396 2036 438 ad

326 462 566 504 faciendam
602 478 694 505 rem
732 467 775 506 et
812 465 962 507 tardus
1003 480 1047 506 es
1085 466 1130 506 in
1169 465 1368 507 facienda
1407 479 1463 506 re.
1524 466 1708 521 figurate
1746 469 1889 508 autem
1929 467 2036 509 dixit

327 533 512 575 ‘cessas'
544 535 658 577 eirea
688 535 980 590 promittenda
1010 536 1115 577 vota
1146 536 1409 590 numinibus.

445 605 515 647 52.
569 618 688 648 TROS
731 607 967 662 principale
1012 621 1090 661 pro
1135 606 1396 662 derivatim,
1442 622 1520 662 pro
1563 607 1773 651 ‘Troius'.
1912 621 2033 651 ANTE

325 687 591 719 DEHISCENT
624 678 762 719 trahit
793 678 875 720 hoe
907 679 957 720 de
990 678 1141 720 matris
1168 678 1295 720 deum
1322 679 1505 733 templo,
1533 672 1648 734 ¹quod
1676 695 1762 722 non
1789 695 1930 736 manu,
1962 681 2034 722 sed

325 749 523 803 precibus
556 748 842 803 aperiebatur.

444 820 512 862 53.
562 832 828 863 ATTONITAE
863 820 1117 876 stupendae,
1151 836 1238 863 non
1272 822 1506 876 stupentis:
1550 836 1653 877 ergo
1687 821 1941 864 ‘attonitae’
1973 822 2034 865 fa-

325 891 478 934 cientis
511 893 743 947 attonitos,
776 895 826 934 ut
857 892 989 935 ‘mors
1021 892 1218 948 pallida’,
1246 892 1401 935 ‘tristis
1434 892 1631 935 seneeta’.
1750 905 1843 935 ORA
1875 905 2033 936 DOMVS

326 963 427 1018 quia
458 978 589 1018 supra
621 964 736 1018 <44>
771 964 832 1005 ait
869 964 1000 1006 unde
1038 966 1194 1006 ruunt
1232 964 1451 1006 totidem
1493 978 1638 1006 voees
1676 979 1925 1019 responsa
1958 965 2034 1007 Si-

325 1033 511 1089 byllae.

444 1106 513 1148 54.
563 1118 651 1148 PER
676 1119 802 1148 DVRA
830 1117 1058 1149 CVCVRR1T
1085 1118 1197 1148 ossA
1223 1118 1416 1148 TREMOR
1447 1107 1668 1162 religionis
1700 1110 1766 1149 est
1794 1110 1838 1149 et
1864 1108 2034 1151 divinae

326 1177 607 1220 reverentiae:
648 1175 755 1220 alibi
791 1177 883 1231 <ΙΙΙ
915 1178 1030 1231 372>
1067 1178 1178 1232 ipse
1215 1193 1362 1220 manu
1405 1178 1567 1220 multo
1610 1192 1909 1234 suspensam
1947 1195 2034 1222 nu-

326 1249 459 1290 mine
491 1248 644 1291 ducit.

446 1320 514 1363 55.
564 1332 777 1363 PECTORE
804 1331 863 1361 AB
896 1331 979 1362 IMO
1013 1335 1038 1362 a
1069 1321 1226 1362 mentis
1258 1321 1430 1363 intimo:
1462 1335 1540 1362 nee
1571 1321 1791 1375 inmerit03
1823 1337 1924 1363 nam
1956 1323 2034 1365 illa

326 1406 371 1433 re
404 1391 609 1434 divinitas
651 1392 855 1446 flectitur,
895 1406 1004 1447 quae
1043 1394 1109 1434 est
1140 1392 1267 1434 nobis
1300 1407 1397 1434 eum
1433 1391 1657 1434 divinitate
1696 1394 1952 1449 eommunis,
1994 1394 2036 1435 id

327 1466 394 1505 est
425 1478 563 1506 sensu.

445 1535 513 1578 56.
563 1546 748 1577 PHOEBE
789 1546 971 1578 GRAVES
1011 1546 1185 1578 TROIAE
1226 1547 1408 1578 SEMPER
1446 1547 1679 1577 MISERATE
1720 1547 1930 1579 LABORES
1973 1551 2037 1579 se-

326 1606 511 1648 eundum
548 1606 806 1662 Homerum,
850 1607 924 1662 qui
970 1621 1067 1649 eum
1111 1606 1216 1649 dicit
1261 1621 1431 1661 semper
1470 1606 1624 1649 Troiae
1668 1611 2034 1663 propugnatorem

326 1678 471 1720 fuisse.
533 1682 577 1721 et
608 1679 717 1721 bene
748 1679 812 1720 ait
842 1677 1101 1729 ‘miserate'‚
1134 1678 1234 1733 quia
1267 1677 1398 1719 Troia
1429 1677 1601 1720 defendi
1632 1693 1718 1720 non
1751 1679 1909 1733 potuit:
1941 1679 2036 1721 ideo

326 1764 411 1791 non
445 1750 569 1806 dixit,
602 1751 675 1806 qui
706 1750 953 1806 defendisti,
986 1750 1059 1793 sed
1091 1750 1320 1792 miseratus
1354 1765 1410 1792 es.

447 1821 515 1863 57.
565 1832 792 1863 DARDANA
819 1834 898 1872 QVI
923 1832 1109 1863 PARIDIS
1135 1820 1344 1875 Achilles,
1378 1835 1403 1861 a
1428 1822 1565 1863 matre
1597 1822 1756 1881 tinctus
1785 1822 1831 1863 in
1857 1821 2035 1878 Stygem

327 1892 548 1948 paludem,
579 1895 675 1935 toto
708 1907 887 1948 corpore
920 1892 1246 1934 invulnerabilis
1277 1890 1378 1946 fuit,
1410 1894 1587 1946 excepta
1619 1895 1743 1948 parte
1775 1908 1858 1948 qua
1889 1895 2035 1935 tentus

329 1966 405 2005 est.
457 1964 531 2019 qui
563 1978 659 2006 eum
693 1966 883 2007 amatam
916 1964 1180 2019 Polyxenam
1212 1966 1260 2004 ut
1292 1963 1337 2004 in
1367 1963 1531 2018 templo
1559 1965 1772 2019 acciperet
1797 1966 2038 2021 statuisset,

327 2035 494 2076 insidiis
526 2034 694 2077 Paridis
726 2037 827 2090 post
859 2034 1138 2077 simulacrum
1170 2033 1347 2075 latentis
1387 2034 1553 2075 occisus
1593 2037 1676 2076 est:
1713 2035 1824 2077 unde
1855 2035 2036 2091 fingitur

328 2105 441 2161 quod
479 2108 654 2148 tenente
692 2104 894 2161 Apolline
926 2105 1049 2148 Paris
1088 2105 1292 2148 direxerit
1330 2106 1429 2147 tela.
1491 2106 1534 2146 et
1573 2105 1680 2147 bene
1721 2107 1784 2147 ait
1821 2105 2036 2162 ‘direxti',

327 2178 451 2232 quasi
485 2177 538 2219 ad
571 2178 711 2219 solum
743 2177 1053 2219 vulnerabilem
1085 2176 1237 2218 locum.
1288 2175 1523 2217 ‘Dardana'
1556 2178 1699 2217 autem
1731 2177 1844 2232 ideo,
1875 2180 1925 2219 ut
1948 2193 2035 2220 non

327 2249 540 2302 adultero,
584 2248 657 2289 sed
703 2249 821 2304 genti
865 2248 1133 2303 praestitisse
1174 2247 1382 2289 videatur.
1510 2258 1634 2288 TELA
1672 2259 1922 2298 MANVSQVE
1966 2250 2033 2291 vel

422 2368 465 2399 21
492 2363 659 2399 Achilles
685 2375 715 2400 e.
743 2377 778 2410 q.
806 2366 849 2409 s.]
876 2375 990 2400 exser.
1016 2364 1204 2409 mythogr.
1229 2363 1247 2398 I
1272 2367 1336 2408 363
1364 2363 1415 2398 III
1443 2367 1497 2408 11,
1518 2367 1581 2408 24;
1609 2363 1713 2400 Luet.
1739 2363 1839 2400 Plae.
1867 2365 1914 2400 ad
1940 2364 2034 2400 stat.

327 2411 418 2448 Aah.
445 2411 566 2447 1134.
606 2412 651 2446 cf.
678 2413 864 2458 mythogr
891 2411 1021 2448 11205
1042 2424 1094 2457 sq.

425 2523 442 2552 1
470 2517 591 2564 aliud]
618 2519 657 2553 et
681 2518 783 2553 aliud
809 2518 925 2554 ASR
955 2520 967 2565 ΙΙ
998 2522 1019 2553 2
1044 2517 1257 2554 faciendum
1282 2516 1318 2552 A
1349 2519 1361 2563 ΙΙ
1394 2518 1521 2553 autem
1546 2529 1611 2553 om.
1639 2518 1711 2553 SR
1740 2519 1753 2564 n
1784 2523 1805 2553 3
1832 2530 1936 2554 cessa
1961 2518 2002 2554 F
2022 2519 2034 2566 Η

328 2567 427 2601 eirca
452 2577 518 2601 om.
545 2565 581 2600 R
599 2566 612 2610 ΙΙ
637 2570 659 2600 4
684 2577 751 2610 pro
777 2570 861 2601 ante
886 2565 1097 2602 derivativo
1122 2576 1188 2600 om.
1215 2565 1252 2600 R
1270 2567 1282 2611 ΙΙ
1301 2564 1503 2600 diriuatiuo
1529 2565 1564 2600 A
1603 2564 1811 2601 diriuatitio
1837 2565 1875 2601 R
1912 2566 2033 2602 duria-

327 2614 383 2648 tio
408 2614 453 2648 H
466 2615 479 2658 ΙΙ
503 2623 571 2658 pro
597 2616 683 2648 ante
708 2612 840 2648 'lroius
864 2624 930 2649 om.
959 2612 1079 2648 FGC‘
1097 2613 1110 2657 ΙΙ
1140 2617 1160 2649 5
1188 2612 1307 2648 trahit
1332 2612 1418 2658 hoe]
1445 2614 1607 2647 tractum
1634 2615 1691 2648 est
1717 2614 1766 2648 M
1788 2615 1800 2658 ΙΙ
1824 2613 1942 2649 trahit
1967 2625 2032 2649 om.

329 2660 447 2696 FGG
469 2661 481 2705 ΙΙ
506 2671 637 2695 manus
663 2660 697 2694 G
721 2662 734 2705 ΙΙ
765 2665 784 2695 7
813 2662 1004 2706 stupentes
1030 2660 1154 2695 FGR
1191 2661 1396 2705 stupemtes
1423 2659 1454 2693 C
1474 2662 1487 2705 ΙΙ
1514 2660 1694 2695 facientes
1722 2660 1754 2696 0
1774 2662 1787 2706 ΙΙ
1817 2665 1838 2696 8
1866 2662 2035 2696 senectus

329 2707 450 2743 FGO
469 2709 483 2753 ΙΙ
507 2708 681 2742 scholium
707 2708 756 2742 ad
781 2720 849 2742 om
873 2722 908 2744 D.
935 2719 1000 2743 om.
1029 2707 1062 2742 G
1085 2709 1098 2753 ΙΙ
1129 2711 1149 2742 9
1175 2707 1336 2743 totidem
1364 2735 1371 2742 .
1393 2735 1399 2742 .
1423 2736 1430 2743 .
1457 2707 1688 2743 1NJeve1entiae
1714 2718 1780 2745 om.
1806 2708 1843 2743 R
1866 2709 1879 2753 Ι]
1909 2712 1948 2742 11
1978 2708 2033 2754 et]
2061 2738 2064 2742 Δ

327 2757 371 2790 ut
397 2756 428 2791 O
461 2766 537 2790 non
562 2754 643 2789 FG
667 2756 679 2799 ΙΙ
712 2758 755 2789 12
782 2766 932 2790 manum
960 2755 1127 2790 GASH
1141 2756 1153 2801 ΙΙ
1178 2754 1297 2790 multo
1323 2765 1387 2789 om.
1415 2754 1451 2789 R
1469 2756 1482 2800 ΙΙ
1508 2766 1726 2800 suspensum
1752 2755 1789 2790 A
1813 2757 1826 2800 ΙΙ
1859 2758 1902 2789 14
1925 2755 2032 2790 schol.

328 2804 378 2838 ad
401 2814 433 2838 v.
461 2806 505 2838 55
532 2813 598 2837 om.
621 2801 685 2847 GH
704 2812 726 2836 a
750 2812 817 2836 om.
845 2802 1023 2847 F01115
1050 2802 1260 2836 diuinitatis
1286 2802 1353 2847 Fu
1378 2805 1423 2837 20
1449 2803 1513 2846 qui
1539 2813 1604 2838 om.
1627 2803 1705 2848 ΜΙ]
1730 2802 1764 2837 ei
1789 2802 1835 2836 H
1867 2804 1924 2836 est
1950 2802 2026 2836 M

328 2855 371 2886 21
399 2850 438 2885 111
463 2850 537 2895 stig
539 2861 558 2884 e
583 2849 721 2894 palude
741 2848 782 2883 F
816 2849 856 2883 in
881 2851 987 2893 styge
1012 2849 1149 2894 palude
1173 2847 1246 2883 GC
1261 2850 1274 2894 ΙΙ
1292 2853 1336 2884 22
1365 2850 1533 2895 corpore]
1562 2850 1672 2884 eorde
1692 2849 1728 2883 R
1746 2849 1759 2894 ΙΙ
1777 2849 1850 2902 fuit
1874 2859 1939 2883 om.
1962 2849 2002 2883 H
2021 2835 2033 2895 [Ι
2060 2878 2063 2881 .

327 2897 472 2944 tentus]
498 2898 560 2932 tus
580 2896 613 2932 G
631 2897 644 2942 ΙΙ
662 2897 787 2931 tentus
814 2896 887 2942 est]
914 2907 1025 2931 manu
1050 2895 1189 2931 matris.
1227 2896 1325 2931 unde
1351 2896 1492 2931 Statius
1513 2897 1618 2940 (Ach.
1639 2896 1655 2930 I
1675 2897 1759 2940 269)
1784 2895 1815 2930 si
1839 2897 1877 2930 te
1904 2897 2031 2941 stygos

328 2956 436 2980 amne
462 2955 592 2980 seuero
618 2943 763 2979 armaui
787 2943 981 2988 totumque
1008 2943 1151 2977 utinam
1177 2943 1261 2978 add.
1281 2943 1331 2986 1),
1358 2955 1471 2978 manu
1496 2943 1627 2978 matris
1652 2943 1766 2978 edidit
1790 2942 1997 2987 Stephanus
2020 2944 2031 2989 1

329 2997 374 3028 23
398 2991 623 3037 Polyxenam
649 2991 687 3026 in
712 2990 856 3036 templo
883 2991 1051 3035 accipere
1077 2990 1250 3035 onythoyr.
1272 2990 1301 3024 I
1325 2992 1337 3035 11
1367 2989 1561 3026 statuisset
1584 2990 1752 3026 RASH
1756 2990 1806 3024 M
1827 2990 1948 3035 mytho
1948 3001 2032 3035 sta

322 3075 422 3121 phus
441 3075 470 3109 I
486 3078 520 3110 et
539 3074 633 3109 III:
661 3073 887 3109 sacrificaret
910 3071 1029 3108 FGG
1043 3073 1056 3117 ΙΙ
1087 3075 1132 3106 25
1157 3037 1308 3106 tendente
1334 3072 1364 3107 S
1378 3073 1391 3117 ΙΙ
1416 3074 1564 3107 tenente
1591 3083 1717 3107 areum
1742 3072 1782 3106 D
1799 3073 1811 3117 ΙΙ
1836 3072 2030 3119 ᾰίιηθκθιίὺ]

329 3122 478 3158 duxerit
501 3121 542 3157 F
575 3121 723 3157 duxeris
749 3121 783 3156 G
820 3120 957 3156 dixerit
981 3120 1018 3154 A
1043 3123 1147 3164 (corr.
1175 3119 1212 3163 a)
1252 3118 1438 3154 dixererat
1462 3120 1507 3153 II
1533 3121 1544 3162 ΙΙ
1581 3118 1715 3154 direxti
1740 3119 1800 3155 H:
1835 3119 1970 3154 directi
1995 3120 2032 3155 R

277 3204 278 3207 ’
328 3205 500 3241 direxisti
523 3204 653 3240 ASM
658 3205 681 3239 h
730 3204 867 3240 direxit
898 3203 977 3239 FG
1021 3203 1140 3238 dirext
1167 3199 1198 3235 G
1229 3202 1243 3246 Ι]
1278 3204 1323 3236 26
1355 3203 1398 3235 ut
1429 3212 1495 3235 oon.
1522 3201 1558 3235 A
1591 3202 1705 3246 (supr.
1731 3211 1818 3236 vers.
1846 3201 1930 3236 add.
1957 3202 2031 3248 11)ss

329 3258 372 3289 27
401 3254 590 3288 adulteros
617 3251 694 3287 Fe*
712 3253 725 3298 ΙΙ
742 3252 915 3287 scholium
941 3251 990 3287 acl
1015 3263 1104 3286 'mm
1129 3260 1315 3287 mnvsovn
1340 3259 1406 3283 om.
1430 3248 1464 3282 G
