2092 3614
517 241 666 278 COMM.
693 241 746 278 IN
771 241 914 278 VERG.
940 241 1051 277 AEN.
1081 240 1165 276 VIII
1191 245 1392 278 631—636.
1712 240 1796 282 287

90 354 276 407 tergere:
315 349 465 394 Cicero
497 351 543 392 in
575 350 774 394 Sestiana
807 351 911 407 <35‚
940 350 1025 406 77>
1059 351 1296 406 spongiis
1330 351 1544 406 sanguis
1576 351 1799 406 effinge-

92 424 259 478 batur,
290 423 334 465 id
366 425 433 465 eet
463 423 723 478 tergebatur.
773 423 924 478 finyere
954 426 1091 465 tamen
1121 426 1159 464 et
1185 423 1371 475 formare
1395 423 1558 476 aliquid
1587 427 1625 465 et
1654 424 1711 465 ad
1736 424 1800 465 in-

90 498 244 549 teyram
273 495 422 548 faciem
453 497 541 536 arte
563 495 786 547 producere
815 494 1043 548 siqnifiicaez·
1074 494 1169 536 inde
1198 494 1356 547 fictores
1380 494 1575 535 dicuntur
1598 495 1670 547 qui
1693 494 1800 535 ima-

86 567 205 620 9incs
235 566 295 608 vel
325 566 446 620 siyna
476 579 527 607 ex
557 579 649 606 aere
678 565 739 607 vel
769 579 858 607 cera
887 565 1061 618 faciunt.

208 637 304 679 635.
355 649 446 680 NEC
483 647 666 679 PROCVL
704 648 816 679 HINC
853 649 1019 679 ROMAM
1058 650 1264 692 congrue,
1308 636 1429 678 iuxta
1466 637 1666 692 proprios
1706 652 1801 679 con-

88 708 260 751 ditores.
382 719 561 750 RAPTAS
595 719 700 751 SINE
732 720 860 751 MORE
895 719 1087 751 SABINAS
1130 710 1278 763 raptas
1312 708 1557 762 spectaculo
1590 708 1682 750 sine
1714 709 1802 750 ullo

90 781 306 836 exemplo,
342 784 418 822 aut
452 781 540 822 sine
575 780 660 822 ullo
698 780 798 822 bono
829 794 962 828 more:
1000 780 1060 822 vel
1092 779 1277 834 ‘raptas'
1309 782 1539 834 stupratas,
1577 780 1624 822 id
1646 783 1704 821 cst
1726 794 1803 833 per

88 852 182 893 vim.
230 851 403 893 historia
434 855 570 893 autem
596 852 692 893 talis
717 855 784 894 est.
834 851 1039 894 Romulus
1069 865 1162 893 cum
1194 850 1357 892 turbam
1389 851 1539 892 civium
1570 865 1654 892 non
1684 851 1801 893 habe-

87 926 165 978 ret,
207 923 369 977 asylum
406 923 603 975 condidit,
642 924 699 965 acl
732 937 849 977 quem
887 923 1017 965 locum
1049 923 1087 965 si
1116 923 1209 976 quis
1239 918 1500 978 consupisset,
1537 936 1629 964 cum
1660 924 1804 965 exinde

85 1008 170 1036 non
213 995 347 1036 liceret
382 995 554 1047 auferri.
614 994 680 1037 hie
711 1009 802 1037 cum
832 995 983 1037 videret
1012 995 1197 1036 virorum
1226 994 1533 1036 multitudinem
1564 995 1652 1036 sine
1682 1008 1800 1036 conu-
1831 1003 1874 1033 10

87 1066 164 1108 biis
190 1080 308 1119 posse
339 1066 534 1121 deperire,
568 1081 595 1108 a
625 1066 772 1108 vicinis
802 1066 1033 1124 civitatibus
1064 1066 1334 1108 matrimonia
1362 1065 1609 1119 postulavit,
1646 1066 1718 1107 sed
1752 1065 1803 1107 ab

89 1138 147 1179 eis
178 1140 426 1190 contemptus
456 1138 591 1180 celetes
620 1151 661 1179 se
692 1137 902 1192 Neptuno,
939 1138 1113 1190 equestri
1149 1138 1237 1189 deo,
1275 1137 1347 1191 qui
1377 1140 1415 1179 et
1445 1135 1603 1179 Consus
1641 1137 1803 1191 dieitur,

88 1209 294 1250 editurum
317 1210 546 1263 proposuit.
593 1210 650 1251 ad
678 1222 777 1262 quos
809 1209 944 1251 celotes
976 1222 1068 1251 eum
1098 1209 1147 1251 de
1177 1209 1323 1251 vicinis
1353 1208 1585 1250 civitatibus
1614 1209 1803 1250 maxima

89 1280 308 1322 multitudo
346 1294 437 1322 cum
477 1280 664 1323 omnibus
701 1281 870 1333 feminis
907 1281 1172 1335 convenisset,
1211 1279 1416 1322 Romulus
1453 1293 1522 1322 cas
1557 1280 1673 1334 siano
1708 1281 1803 1322 dato

86 1352 183 1405 rapi
218 1352 266 1394 cle
303 1352 525 1405 spectaculo
559 1352 677 1404 fecit:
718 1351 764 1393 ob
801 1365 926 1405 quam
962 1365 1048 1393 rem
1080 1366 1107 1392 a
1137 1351 1308 1394 Sabinis
1344 1351 1492 1394 bellum
1529 1352 1566 1393 ei
1603 1352 1803 1394 indictum
1832 1360 1873 1392 15

87 1426 155 1465 est.
204 1424 251 1466 in
275 1437 353 1477 quo
378 1437 470 1465 cum
495 1424 582 1465 iam
608 1426 723 1477 capto
749 1437 778 1464 a
802 1422 972 1465 Sabinis
997 1422 1201 1476 Capitolio
1232 1424 1279 1464 in
1307 1422 1400 1475 foro
1425 1423 1615 1465 Romano
1640 1437 1803 1477 puyna-

87 1498 201 1536 retur
237 1498 275 1536 et
309 1496 397 1537 eius
433 1495 583 1537 milites
617 1495 821 1549 sufferent,
857 1493 951 1536 Iovi
982 1493 1142 1536 Statori
1179 1494 1373 1548 templum
1411 1507 1452 1536 se
1480 1494 1691 1547 facturum
1722 1508 1805 1537 esse

86 1567 298 1621 promisit,
329 1567 367 1608 si
392 1567 478 1608 eius
501 1566 671 1609 stetisset
694 1566 903 1608 exercitus.
946 1580 1024 1619 quo
1049 1569 1137 1607 voto
1162 1566 1351 1608 restituta
1369 1580 1514 1620 puyna
1540 1579 1632 1608 cum
1657 1580 1805 1621 anceps

88 1641 204 1692 esset,
234 1637 592 1680 intervenientibus
616 1637 857 1680 mulieribus
882 1636 1151 1693 Sabinorum,
1182 1651 1286 1691 quae
1309 1638 1398 1679 iam
1422 1637 1628 1680 Romanis
1654 1641 1805 1692 nuptae

87 1713 223 1761 crant,
249 1723 394 1764 puyna
424 1710 565 1751 sedata
594 1712 651 1751 est
676 1712 714 1750 et
737 1709 813 1751 icto
842 1709 1000 1761 foedere
1028 1709 1175 1750 Tatius
1199 1723 1271 1751 rex
1296 1708 1548 1752 Sabinorum
1572 1710 1619 1751 in
1636 1713 1801 1764 partem
1827 1718 1872 1749 2ο

86 1781 201 1822 urbis
232 1784 416 1838 acceptus
446 1783 523 1822 est:
555 1781 661 1822 unde
691 1779 876 1821 Romani
906 1794 933 1821 a
966 1778 1142 1822 Curibus
1180 1779 1362 1832 Quirites
1393 1781 1590 1835 appellati
1620 1785 1727 1823 sunt.

207 1853 304 1894 636.
356 1862 588 1894 CONSESSV
623 1862 804 1894 CAVEAE
848 1866 978 1894 cavea
1019 1854 1086 1893 est
1117 1852 1193 1894 ubi
1223 1853 1409 1908 populus
1442 1854 1620 1907 spectat.
1684 1853 1806 1894 vallis

86 1927 222 1966 autem
253 1925 347 1978 ipsa
377 1923 448 1965 ubi
473 1923 668 1967 circenses
692 1923 790 1965 editi
813 1926 929 1976 sunt,
960 1923 1048 1964 ideo
1073 1923 1246 1965 Ilffureia
1271 1924 1380 1966 clieta
1405 1927 1479 1979 est,
1510 1925 1611 1978 quia
1635 1925 1805 1978 quidam

86 1995 269 2037 vicinum
300 1998 476 2036 montem
505 1995 700 2038 Murcum
728 1993 979 2047 appellatum
1004 1994 1166 2044 volunt;
1198 1995 1293 2050 alii,
1324 1996 1434 2048 quod
1460 1995 1610 2048 fanum
1639 1995 1805 2038 Veneris

94 2066 368 2109 Verticordiae
406 2065 464 2107 ibi
498 2066 644 2119 fuerit,
684 2065 794 2107 eirea
824 2065 933 2118 quod
960 2078 1104 2107 nemus
1135 2079 1155 2107 e
1185 2067 1373 2109 murtetis
1401 2067 1562 2121 fuisset,
1597 2057 1805 2109 inmutata
1830 2075 1875 2105 25

88 2137 224 2179 littera
254 2137 468 2179 Murciam
505 2136 755 2190 appellatam
763 2150 776 2187 ;
815 2135 892 2178 alii
922 2136 1136 2178 Murciam
1167 2150 1195 2177 a
1226 2137 1438 2192 Murcido,
1470 2138 1579 2191 quod
1606 2140 1665 2179 cst
1694 2151 1803 2178 mar-

86 2209 239 2264 cidum,
275 2209 427 2251 dictam
457 2208 618 2258 volunt;
650 2221 756 2262 pars
786 2221 814 2249 a
844 2208 918 2249 dea
950 2207 1138 2262 Murcia,
1170 2221 1274 2261 quac
1305 2222 1396 2250 cum
1427 2209 1486 2250 ibi
1516 2207 1805 2251 Bacchanalia

87 2283 231 2335 essent,
260 2280 444 2332 furorem
474 2281 583 2322 sacri
613 2280 747 2333 ipsius
777 2279 1009 2321 murcidum
1038 2279 1199 2332 faceret.
1296 2291 1471 2322 MAGNIS
1499 2291 1801 2323 CIROENSIBVS

1829 646 1849 677 (71

148 2377 228 2456 46272
261 2372 529 2456 {affigqssuoem
560 2373 642 2418 ipsa
668 2402 674 2408 .
697 2399 734 2408 ..
765 2373 923 2419 faceret]
967 2371 1012 2408 cf.
1040 2371 1181 2408 Becker
1211 2372 1356 2409 Handb.
1390 2373 1424 2407 d.
1457 2383 1571 2409 roem.
1598 2372 1758 2409 Asterth.
1786 2375 1800 2408 I

86 2433 122 2466 p.
245 2431 268 2456 a
294 2432 329 2454 n.

184 2508 201 2538 1
231 2515 250 2539 e
275 2503 355 2539 foro
382 2502 546 2548 spongiis
573 2503 701 2549 effingi
727 2504 946 2550 sanguinem
975 2503 1096 2540 Cicero
1122 2505 1133 2550 ΙΙ
1163 2508 1183 2539 2
1211 2505 1260 2540 ad
1286 2516 1436 2539 emanue
1462 2517 1491 2538 L.
1519 2505 1561 2540 in
1586 2516 1699 2550 nim-9.
1726 2506 1798 2540 ter-

88 2563 185 2596 gere.
235 2551 374 2597 fingere
399 2552 525 2586 tamen
552 2553 610 2586 est
634 2553 784 2597 proprie
810 2551 971 2586 formare
998 2551 1140 2595 aliquid
1168 2581 1174 2588 .
1198 2579 1204 2586 .
1227 2581 1234 2587 .
1262 2551 1406 2587 faciunt
1434 2552 1468 2586 T
1499 2554 1511 2597 ΙΙ
1547 2553 1694 2597 ingram
1720 2552 1760 2586 F
1789 2554 1799 2600 1}

89 2604 109 2633 3
136 2598 338 2644 perducere
363 2599 503 2633 Daniel
520 2599 533 2642 ΙΙ
550 2597 711 2634 fectores
732 2599 771 2633 F
787 2601 799 2644 ΙΙ
818 2603 840 2633 4
865 2598 1024 2645 faciunt]
1050 2598 1143 2634 item
1168 2599 1307 2644 fingere
1333 2601 1418 2635 add.
1439 2599 1479 2634 F
1494 2601 1506 2646 ΙΙ
1526 2603 1547 2634 6
1573 2599 1704 2644 raptae
1726 2599 1767 2634 F
1789 2602 1800 2647 Η

89 2658 108 2680 e
135 2646 349 2692 spectaculo
374 2646 458 2680 AF
492 2646 504 2691 ss
542 2646 681 2690 Raptae
714 2645 792 2682 sine
826 2658 928 2681 more
954 2646 993 2681 id
1019 2648 1074 2681 est
1100 2646 1178 2682 sine
1204 2647 1281 2682 ullo
1309 2642 1488 2692 exempl&
1506 2649 1571 2682 aut
1596 2647 1674 2682 sine
1701 2648 1799 2682 bono

87 2704 200 2728 more.
253 2693 409 2729 historia
439 2695 565 2727 autem
597 2694 685 2728 talis
718 2695 775 2728 est
802 2723 808 2730 .
832 2722 839 2729 .
862 2721 869 2728 .
898 2693 1062 2736 Quirites
1095 2694 1275 2739 appellati
1309 2698 1395 2729 sunt
1425 2695 1467 2729 in
1492 2705 1605 2739 marn.
1633 2696 1702 2738 inf.
1732 2695 1790 2741 T]

90 2745 109 2776 7
135 2741 213 2776 ullo
240 2742 306 2776 aut,
330 2741 427 2776 bono
455 2739 495 2775 F
516 2742 528 2785 ss
561 2744 604 2775 13
630 2740 758 2775 uitinis
784 2741 825 2775 F
846 2742 858 2786 ΙΙ
891 2746 935 2775 14
960 2741 1118 2776 annibns
1145 2741 1186 2776 F
1207 2743 1219 2786 ΙΙ
1251 2746 1293 2776 15
1321 2742 1509 2786 spectaclo
1536 2742 1576 2776 F
1591 2743 1604 2786 ΙΙ
1638 2747 1679 2777 18
1707 2743 1798 2787 qno]

89 2788 162 2823 duo
189 2788 228 2822 F
244 2789 256 2834 ΙΙ
278 2793 319 2823 19
347 2788 563 2833 sapinorum
586 2788 625 2822 F
641 2790 653 2832 ii
673 2789 808 2833 naptae
829 2788 869 2822 F
885 2789 896 2834 ΙΙ
916 2792 962 2823 20
987 2799 1130 2834 pugnas
1151 2789 1190 2824 F
1206 2791 1218 2834 ΙΙ
1236 2789 1339 2824 hieto
1360 2789 1400 2823 F
1416 2791 1428 2834 ss
1447 2794 1491 2824 22
1519 2791 1711 2834 exspectat
1732 2789 1772 2824 F
1788 2802 1798 2835 ᾗ,

90 2836 251 2881 spectat]
278 2835 432 2870 Plautus
453 2835 491 2869 in
510 2834 782 2880 Amphitryone
803 2837 912 2880 (prol.
930 2838 989 2880 65)
1018 2836 1075 2871 ‘nt
1094 2837 1362 2881 conquisitores
1389 2837 1527 2882 singuli
1552 2837 1590 2871 in
1620 2837 1800 2872 subsellia

90 2886 176 2918 eant
202 2895 268 2928 per
285 2884 403 2918 totam
425 2893 577 2917 caueam
600 2883 874 2927 spectatoribus
900 2884 982 2919 addi
1000 2883 1201 2919 Fabricius
1220 2886 1231 2930 ΙΙ
1252 2888 1295 2919 23
1316 2885 1462 2930 margia
1482 2884 1521 2918 F
1536 2885 1548 2928 ΙΙ
1568 2885 1717 2929 quidem
1734 2885 1773 2919 F
1790 2886 1800 2931 Η

89 2934 135 2964 24
160 2931 325 2965 uicinum
350 2931 535 2965 emontem
565 2930 604 2964 F
627 2931 638 2976 ΙΙ
667 2929 820 2975 aliquod
846 2930 886 2965 F
908 2932 919 2977 ΙΙ
948 2934 992 2965 25
1018 2931 1083 2966 ubi
1109 2931 1148 2966 F
1164 2932 1176 2975 ΙΙ
1204 2931 1291 2966 inde
1317 2934 1462 2967 mutata
1486 2931 1625 2966 Daniel
1644 2933 1655 2977 ΙΙ
1685 2935 1730 2967 26
1756 2932 1798 2966 li-

90 2978 171 3013 tera
198 2977 238 3012 F
265 2979 278 3023 11
308 2979 483 3013 muri-,iam
509 2978 549 3012 F
577 2979 589 3024 Η
619 2978 801 3012 Murciam
828 2978 1085 3014 Commelinus:
1118 2979 1322 3013 murcidam
1350 2978 1389 3013 F
1416 2981 1428 3024 ΙΙ
1459 2978 1645 3025 mureido]
1673 2990 1799 3014 murco

93 3025 333 3061 Commelinus
351 3028 363 3070 fl
381 3025 581 3060 martidum
608 3025 658 3069 F,
684 3026 835 3060 correxi.
862 3026 1071 3061 murcidum
1096 3026 1235 3062 Daniel
1253 3028 1265 3070 ΙΙ
1293 3030 1337 3060 27
1364 3025 1617 3061 Bacchanalia
1645 3026 1797 3061 Comme-

94 3073 208 3107 linus:
236 3073 318 3108 baci
344 3074 465 3108 canali
492 3073 533 3108 F
555 3075 566 3119 ΙΙ
592 3076 636 3108 28
662 3073 870 3107 murcidum
899 3072 1154 3109 Oommelinus:
1182 3073 1382 3108 martidum
1409 3073 1449 3108 F
1484 3073 1689 3109 marcidum
1719 3074 1796 3107 Da-

91 3119 174 3154 niel.
215 3121 260 3163 cf.
287 3121 443 3165 August.
470 3122 513 3156 de
538 3122 602 3155 civ.
630 3121 689 3155 dei
715 3119 763 3154 IV
792 3125 834 3155 16
870 3121 988 3156 ‘deam
1014 3121 1222 3163 Murciam,
1254 3130 1345 3168 quac
1372 3124 1519 3165 praeter
1548 3123 1692 3156 modum
1725 3130 1826 3154 non·

91 3170 242 3202 moveret
266 3178 310 3202 ae
334 3169 468 3211 faceret
492 3169 684 3212 hominem,
712 3171 753 3202 ut
779 3169 833 3203 ait
854 3168 1096 3213 Pomponius,
1120 3169 1343 3211 murcidum,
1368 3169 1409 3204 id
1434 3172 1484 3203 est
1509 3169 1619 3203 nimis
1644 3168 1796 3202 desidio-

91 3223 170 3248 sum
196 3217 228 3248 et
253 3214 512 3251 inactuosum’.
532 3217 544 3261 ΙΙ
563 3215 703 3250 faceret
723 3214 979 3252 Commelinus:
1007 3215 1173 3251 iacerent
1192 3215 1239 3250 F.
1266 3216 1438 3251 lacunam
1462 3216 1642 3251 indicavit
1661 3215 1799 3250 Daniel
