2092 3614
532 252 763 289 COMM51N
787 253 932 290 VERG.
958 253 1069 289 AEN.
1096 253 1148 289 XI
1174 257 1372 290 281—305.
1719 253 1805 295 515

216 362 314 405 293.
366 374 460 413 QVA
490 375 649 406 DATVR
682 378 766 418 qua
797 365 954 419 potest,
987 377 1255 419 quacumque
1286 363 1455 405 ratione
1487 363 1763 418 permittitur.

216 433 313 475 296.
365 445 455 475 PER
488 446 580 477 ORA
613 446 832 477 TVRBATA
862 449 941 489 pro
975 433 1066 489 ‘per
1098 448 1175 476 ora
1207 433 1510 478 turbatorum'.

215 506 313 548 298.
365 517 542 548 CLAVSO
575 517 783 548 GVRGITE
816 520 1020 548 saxorum
1052 505 1292 547 obiectione
1324 507 1564 560 praecluso.

215 577 314 619 299.
369 595 559 620 FREMVNT
598 596 717 621 RIPAE
757 578 922 631 antiqui
963 591 1095 631 aquae
1137 578 1297 644 sonitus
1334 577 1560 631 ‘fremitus'
1599 579 1806 621 dicebant:

95 647 267 691 Ennius
296 649 583 703 ratibusque
610 650 852 702 fremebat
879 649 1033 691 imber
1064 649 1298 702 Neptuni.

215 721 313 763 301.
362 731 633 763 PRAEFATVS
677 732 818 763 Divos
862 735 982 763 more
1027 720 1228 776 antiquo:
1272 735 1372 763 nam
1418 721 1603 763 maiores
1641 722 1807 764 nullam

97 792 338 834 orationem
374 791 460 833 nisi
496 791 709 834 invocatis
746 792 1001 834 numinibus
1039 791 1322 848 inchoabant,
1369 793 1482 835 sicut
1519 795 1621 835 sunt
1659 808 1806 835 omnes

97 863 313 905 orationes
346 861 524 906 Catonis
558 865 600 904 et
626 861 825 918 Gracchi3
856 877 959 905 nam
992 863 1194 918 generale
1227 866 1358 919 caput
1388 863 1435 905 in
1466 865 1669 913 ‚omnibus
1702 864 1808 920 legi-

95 950 204 976 mus.
266 935 377 977 unde
409 933 559 977 Cicero
598 949 675 989 per
712 934 968 976 inrisionem
1007 933 1069 975 ait
1106 933 1149 976 si
1182 934 1302 989 quid
1335 949 1394 977 ex
1425 937 1600 978 vetere
1633 936 1808 991 aliqua

97 1006 332 1049 oratione
371 1005 565 1048 ‘Iovem
598 1020 691 1062 ego
723 1005 974 1061 optimum
1006 1004 1312 1048 maximum'.

216 1078 316 1121 302.
346 1090 489 1120 ANTE
520 1089 735 1128 EQVIDEM
767 1089 924 1120 SVMMA
954 1089 1017 1119 DE
1050 1089 1111 1118 RE
1143 1088 1389 1121 STATVISSE
1422 1090 1585 1122 LATINI
1623 1079 1808 1121 latenter

98 1149 244 1206 arguit
274 1149 484 1205 Turnum,
516 1149 630 1204 quod
666 1149 750 1191 sibi
780 1163 870 1192 non
901 1149 1287 1205 obtemperaverit,
1325 1152 1374 1192 ut
1404 1150 1555 1200 foedus
1588 1151 1726 1206 fieret,
1762 1151 1808 1193 in

98 1221 282 1276 septimo
316 1221 481 1263 scilicet
512 1221 586 1263 ubi
619 1220 727 1262 dixit
754 1220 899 1275 <596>
930 1222 1000 1271 te,
1033 1219 1219 1275 Turne,
1249 1221 1412 1277 nefas,
1444 1224 1491 1264 te
1523 1223 1677 1266 triste
1709 1238 1807 1265 ma-

95 1292 242 1335 nebit
280 1292 610 1347 supplicium:
654 1307 757 1334 nam
795 1291 922 1334 modo
960 1291 1042 1334 hoc
1080 1293 1251 1347 tempus
1289 1293 1482 1337 revolvit.
1614 1306 1808 1337 VELLEM

98 1375 345 1407 STATVISSE
385 1364 489 1406 olim
528 1366 594 1406 cst
626 1364 739 1419 quod
771 1363 890 1407 volui
920 1363 989 1405 his
1021 1363 1148 1406 malis
1180 1364 1413 1406 terminum
1445 1364 1557 1408 dare.
1619 1365 1808 1409 ‘vellem'

97 1438 241 1478 autem
279 1434 512 1478 ‘statuisse'
553 1435 614 1477 sic
661 1435 768 1477 dixit
805 1438 854 1477 ut
891 1434 1067 1477 ‘vellem
1101 1434 1287 1477 fecisse':
1331 1438 1375 1478 et
1414 1438 1479 1478 est
1517 1437 1808 1492 conpendiosa

97 1507 294 1563 elocutio,
326 1522 422 1549 cum
457 1506 677 1562 querimur
707 1522 796 1550 non
829 1521 922 1548 esse
953 1506 1117 1548 factum
1151 1506 1266 1562 quod
1296 1507 1390 1549 fieri
1422 1507 1579 1551 debuit.

216 1579 313 1621 303.
366 1595 446 1622 zvozv
481 1595 658 1621 TEMPORE
695 1595 786 1621 mm
820 1579 1103 1620 adiuvandum
1136 1579 1502 1631 pronuntiatione:
1545 1580 1593 1622 id
1627 1583 1686 1623 est
1713 1584 1810 1634 post

96 1654 215 1693 tanta
244 1664 347 1704 quae
370 1650 621 1704 pertulimus
652 1650 777 1692 mala,
829 1653 867 1692 et
896 1653 1091 1704 oportune
1121 1649 1372 1693 deliberandi
1402 1651 1565 1704 quidem
1593 1652 1641 1693 de
1664 1651 1741 1694 hae
1765 1667 1809 1695 re

95 1722 308 1765 existimat
337 1722 600 1764 intervallum
631 1734 729 1773 esse,
759 1721 902 1764 hostili
931 1722 1109 1764 exercitu
1138 1722 1375 1778 inminente,
1407 1725 1445 1765 et
1465 1736 1544 1777 per
1574 1722 1647 1765 hoe
1676 1724 1810 1779 mayis

96 1794 259 1848 suadet,
290 1794 388 1835 dum
421 1796 506 1835 tam
537 1793 707 1846 infestos
731 1793 891 1847 probat,
922 1796 969 1834 ut
998 1792 1077 1835 sibi
1106 1806 1178 1834 neo
1201 1807 1347 1847 pacem
1370 1796 1507 1847 petere
1529 1795 1809 1848 permittatur.

215 1864 313 1906 305.
363 1876 553 1907 BELLVM
584 1875 893 1906 INPORTVNVM
926 1864 1123 1918 concepit
1156 1877 1333 1919 gravem
1364 1864 1646 1921 iracundiam,
1678 1868 1721 1908 et
1747 1866 1809 1908 sic

95 1936 141 1977 in
178 1936 283 1978 haec
321 1935 453 1978 verba
490 1936 701 1991 prorupit.
764 1933 1090 1991 ‘inportunum'
1130 1937 1274 1977 autem
1307 1937 1374 1977 est
1403 1936 1475 1978 ubi
1504 1937 1668 1979 nultum
1699 1938 1808 1991 resu-

91 2008 208 2062 qiam
245 2011 318 2059 est,
363 2006 478 2063 quod
517 2009 634 2049 caret
670 2009 817 2062 portu,
858 2006 903 2048 id
941 2007 1008 2048 est
1040 2006 1206 2061 quiete,
1245 2007 1319 2048 ubi
1356 2007 1502 2050 nullus
1539 2011 1692 2063 portus
1732 2011 1809 2052 est.

95 2094 195 2121 nam
239 2078 322 2120 hoc
361 2077 678 2134 quodammodo
719 2078 841 2132 dicit,
879 2077 926 2119 in
963 2077 1240 2133 naufragium
1278 2078 1416 2120 fertur
1452 2079 1538 2121 ista
1576 2081 1808 2137 contentio,

97 2150 197 2205 quia
241 2165 372 2205 supra
419 2150 613 2192 audierat
656 2150 894 2204 periculum
939 2163 1032 2192 esse
1077 2149 1209 2192 etiam
1247 2164 1450 2204 superare
1489 2149 1711 2193 Troianos.
1773 2155 1811 2194 et

95 2224 265 2264 enarrat
300 2235 372 2263 eur
411 2220 701 2275 ‘inportunum
710 2220 735 2273 ⁹,
773 2222 909 2264 dicens
947 2220 1053 2263 ‘eum
1087 2225 1204 2276 ,qente
1242 2223 1408 2264 deorum
1438 2223 1678 2276 invictisque
1707 2223 1809 2266 viris

192 2401 213 2432 5
239 2396 396 2444 Ennius]
423 2409 505 2434 ann.
525 2410 559 2433 v.
584 2401 652 2434 489
672 2398 780 2433 Vahl.
801 2399 812 2444 ΙΙ
832 2402 852 2434 9
879 2397 1024 2445 Cicero]
1052 2398 1164 2435 divin.
1190 2398 1229 2433 in
1250 2397 1357 2434 Caeo.
1379 2398 1465 2433 XIII
1485 2402 1541 2434 43.
1580 2398 1625 2434 cf.
1646 2398 1807 2435 Pseudo—

96 2445 230 2481 Ascon.
257 2457 293 2490 p.
322 2449 400 2489 116,
422 2449 441 2481 7
466 2444 525 2481 Or.
546 2447 558 2492 ΙΙ
583 2450 628 2481 23
654 2446 896 2492 inportunum
922 2447 1048 2481 autem
1074 2474 1082 2482 .
1104 2475 1112 2484 .
1135 2474 1142 2482 .
1168 2446 1299 2492 portus
1325 2446 1398 2493 est]
1429 2446 1474 2482 cf.
1499 2446 1586 2482 Isid.
1614 2458 1664 2483 or.
1686 2447 1719 2482 X
1740 2451 1827 2483 136=

98 2494 136 2529 ee
160 2492 244 2528 xiv
271 2497 303 2538 8,
331 2496 375 2528 39

196 2663 213 2694 1
246 2658 494 2706 permittitur]
526 2659 621 2696 sicut
652 2672 764 2705 supra
789 2661 819 2705 (I
848 2661 906 2705 18)
934 2660 1059 2705 ‘siqua
1082 2660 1164 2696 fata
1189 2660 1328 2696 sinant’
1357 2661 1442 2698 add.
1469 2661 1507 2696 D
1544 2662 1556 2708 ΙΙ
1592 2665 1613 2696 2
1648 2672 1715 2706 pro
1742 2672 1808 2706 per

99 2707 290 2743 oratorum
308 2706 345 2741 R
363 2708 375 2751 ΙΙ
394 2718 461 2752 pro
486 2717 534 2752 pe
560 2719 625 2743 ora
644 2708 685 2743 F
700 2709 712 2754 ΙΙ
731 2712 752 2743 3
776 2708 997 2754 praeclauso
1017 2708 1147 2743 ΑΒΜ
1161 2710 1172 2753 ΙΙ
1191 2711 1214 2743 4
1239 2709 1289 2744 ad
1314 2721 1476 2743 meuvx‘r
1496 2721 1527 2743 n.
1555 2719 1581 2744 s.
1602 2719 1634 2744 v.
1662 2707 1808 2753 antiqui

98 2765 239 2800 aequae
260 2754 340 2799 (sic)
362 2753 525 2789 sonitum
543 2754 732 2791 fremitum
750 2756 938 2791 uocabant
962 2755 995 2789 Τ
1010 2756 1023 2800 {1
1041 2755 1218 2800 antiquae
1238 2755 1279 2791 F
1295 2757 1308 2801 ΙΙ
1327 2760 1348 2791 6
1368 2756 1472 2802 nam]
1498 2755 1523 2790 fi
1540 2755 1580 2800 (i.
1594 2767 1621 2790 e.
1636 2757 1725 2799 non)
1740 2756 1777 2790 Α
1795 2755 1808 2803 ΙΙ

58 2832 61 2834 .
100 2807 119 2838 7
146 2801 218 2837 nisi
244 2802 294 2836 M
299 2800 353 2836 F:
380 2801 411 2836 si
436 2801 482 2836 H
515 2802 593 2838 sine
619 2802 733 2838 ΑΒΕ
751 2804 764 2849 ΙΙ
792 2801 1016 2838 inuocatiuis
1045 2803 1094 2838 M
1110 2804 1122 2849 ΙΙ
1149 2806 1170 2838 8
1198 2803 1367 2839 cantonis
1383 2802 1422 2839 ,Β
1459 2802 1643 2838 catatonis
1669 2803 1715 2837 H
1748 2815 1807 2839 ca—

97 2851 205 2885 tones
234 2849 274 2884 F
294 2849 307 2894 ΙΙ
336 2849 488 2894 gracchi
512 2849 669 2884 BHM:
701 2850 803 2895 greci
828 2849 949 2885 ASF
969 2850 982 2895 ΙΙ
1011 2853 1032 2885 9
1058 2851 1139 2896 quis
1164 2851 1232 2896 Fu
1258 2862 1321 2886 sex
1346 2851 1392 2885 H
1411 2851 1423 2895 ΙΙ
1456 2854 1499 2886 10
1525 2850 1742 2897 maximum]
1770 2852 1809 2886 et

97 2896 368 2932 Demosthenes
400 2896 439 2931 in
470 2896 638 2932 oratione
670 2898 799 2933 contra
829 2896 1054 2935 Aeschinem
1084 2898 1231 2944 πρῶτον
1265 2896 1351 2944 μὲν,
1383 2894 1413 2933 ὦ
1447 2895 1581 2943 ἄνδρες
1604 2895 1807 2944 Ἀθηναῖοι,

98 2948 176 2985 τοῖς
194 2946 302 2984 θεοῖς
322 2940 481 2989 εὔχομαι
501 2944 592 2979 πᾶσι
613 2943 676 2979 καὶ
695 2942 834 2985 πάσαις
859 2945 944 2980 add.
960 2944 1028 2991 D'fl
1050 2949 1092 2981 12
1120 2948 1283 2991 arguunt
1304 2946 1343 2980 F
1359 2946 1371 2990 ΙΙ
1389 2945 1727 2991 abtemsperauerit
1741 2945 1781 2980 F
1796 2946 1807 2992 Η

101 2996 144 3027 13
171 2990 314 3027 scilicet
339 2993 377 3027 et
401 2991 465 3026 ubi
485 2992 521 3027 R
533 2992 574 3026 H
590 2993 602 3038 ΙΙ
622 2996 666 3027 14
691 2991 890 3027 reuoluunt
910 2991 950 3026 F
965 2992 977 3037 ΙΙ
999 2995 1040 3028 15
1066 2993 1184 3039 volui]
1211 2993 1348 3028 uellem
1374 2993 1411 3027 R
1429 2993 1442 3038 ΙΙ
1462 2996 1505 3028 18
1526 2994 1575 3028 ad
1593 3005 1624 3029 v.
1646 2997 1715 3028 303
1736 2993 1807 3028 hoc

100 3038 351 3074 adiuuandum
388 3040 444 3074 est
477 3039 781 3085 pronuntiatione
815 3038 855 3074 id
886 3040 944 3074 est
972 3041 1058 3084 post
1087 3042 1195 3075 tanta
1227 3051 1322 3084 quae
1354 3041 1574 3085 pertulimus
1606 3041 1706 3075 mala
1735 3040 1768 3074 T
1795 3040 1808 3086 ΙΙ

100 3090 145 3121 20
171 3085 358 3121 existimet
382 3086 423 3121 F
447 3087 459 3132 ΙΙ
497 3091 541 3122 22
568 3086 741 3132 concepit
766 3085 854 3121 RH
857 3086 911 3121 F:
938 3087 1063 3132 coepit
1086 3087 1177 3131 AS,
1204 3098 1269 3122 om.
1293 3088 1342 3122 M
1370 3089 1382 3132 ΙΙ
1412 3087 1591 3133 grandem
1617 3087 1689 3122 AS
1718 3088 1730 3132 ΙΙ
1762 3090 1808 3121 24

101 3133 228 3178 quieto
241 3133 281 3168 F
297 3134 309 3180 ΙΙ
328 3135 456 3179 portus
476 3135 548 3181 est]
572 3133 668 3170 sicut
680 3135 810 3169 contra
822 3135 1072 3179 opportunum
1086 3134 1146 3171 cui
1166 3134 1413 3170 commoditas
1432 3137 1470 3171 et
1490 3134 1632 3170 occasio
1654 3133 1808 3169 obuenit

100 3182 143 3216 ut
166 3181 295 3226 portus
320 3182 404 3218 add.
424 3182 464 3216 D
493 3183 507 3228 fl
538 3185 583 3217 25
610 3193 695 3217 nam
722 3181 793 3217 hoc
818 3181 911 3217 dicit
934 3181 973 3216 in
997 3181 1233 3227 naufragium
1260 3181 1535 3226 quodammodo
1562 3182 1676 3217 fertur
1700 3180 1775 3217 AS
1795 3181 1807 3228 Η

100 3227 169 3263 ilia
194 3227 234 3262 F
250 3229 262 3274 ΙΙ
293 3232 337 3263 26
364 3228 466 3275 quia]
494 3229 600 3275 quasi
626 3229 676 3264 M
688 3230 701 3275 ΙΙ
731 3232 776 3264 27
804 3229 934 3265 enarat
961 3228 996 3264 G
1014 3230 1026 3276 ΙΙ
1050 3229 1177 3276 gente]
1204 3229 1293 3274 igne
1317 3229 1359 3264 F

173 3293 270 3320 Servii
290 3301 394 3322 comm.
415 3294 482 3322 Vol.
501 3294 542 3321 11.
561 3295 646 3321 Fasc.
666 3295 709 3320 H.
1476 3292 1521 3324 34

1836 1018 1879 1051 10

1837 1375 1879 1406 15

1834 1733 1879 1765 20

1833 2090 1879 2122 25
