2092 3614
530 248 680 286 GOMM.
707 249 762 286 IN
786 249 931 285 VERG.
957 248 1071 285 AEN.
1097 249 1131 284 X
1158 252 1358 286 738—763.
1715 246 1803 288 465

90 359 342 403 Numidae
373 359 568 402 infreni
599 359 830 416 cingunt.
875 358 1058 401 dicimus
1084 359 1229 400 autem
1255 359 1298 399 et
1322 356 1514 399 infrenus
1540 359 1585 399 et
1609 355 1804 411 infrenis,

92 431 204 474 sicut
234 431 426 474 inermus
459 434 503 473 et
533 432 724 474 inermis.

213 503 311 546 751.
360 514 686 546 PROCESSERAT
719 513 824 545 AGIS
855 502 1007 545 scilieet
1036 503 1191 544 contra
1221 498 1478 556 Messapum
1502 500 1804 543 dimicaturus:

91 575 205 630 quod
236 575 431 631 nequivit
461 574 648 630 efficere,
677 589 780 617 nam
812 590 838 616 a
864 573 1023 617 Valero
1054 574 1156 615 ante
1188 587 1318 628 quam
1351 572 1405 614 ad
1431 571 1680 628 Messapum
1712 586 1805 627 per-

92 645 278 702 veniret,
311 647 476 690 occisus
509 648 587 690 est.
1286 640 1288 645 ⁸
1831 651 1852 683 5

215 718 314 762 752.
361 730 491 761 HAVD
523 729 701 760 EXPERS
732 732 822 760 non
851 717 1030 774 ignarus
1062 716 1238 759 virtutis
1268 717 1510 771 parentum.

215 790 312 833 754.
362 801 532 833 1Acvno
558 802 618 831 ΕΤ
643 801 803 833 nonen
837 800 1083 831 FALLENTE
1117 799 1319 831 SAfflT'rA
1348 787 1466 830 iactu
1497 788 1627 844 longe
1650 788 1806 830 fallen-

91 861 149 904 tis
182 862 388 918 sagittae:
419 876 520 904 nam
547 861 597 904 ἓν
623 862 699 903 δια
727 861 860 903 δυοῖν
887 860 1013 916 dixit,
1044 863 1094 904 ut
1120 859 1214 916 <III
1233 859 1351 915 467>
1383 859 1548 903 hamis
1581 875 1806 916 auroque

91 933 339 989 trilicem,
370 933 473 976 item
508 932 664 989 <161>
697 933 983 988 molemque
1016 934 1065 975 et
1094 934 1294 975 montes
1325 933 1531 987 insuper
1561 932 1700 974 altos.
1749 946 1807 974 an

93 1004 238 1060 ‘lonye'
270 1004 417 1049 valde?
1836 1011 1878 1042 10

213 1077 308 1120 755.
359 1095 414 1120 m
424 1094 517 1121 roas
543 1077 716 1131 fortuna
747 1077 900 1120 bellica.

213 1149 311 1192 756.
360 1166 519 1192 FVNERA
551 1152 710 1192 mortes.
804 1160 1086 1191 CAEDEBANT
1119 1148 1280 1205 legitur
1312 1150 1356 1190 et
1383 1146 1637 1203 ‘cedebant',
1668 1146 1712 1189 id
1742 1149 1809 1189 est

92 1223 217 1276 terga
249 1221 496 1277 vertebant,
528 1221 764 1264 secundum
798 1221 914 1277 quod
946 1219 1173 1263 ‘ruebant’
1206 1219 1545 1275 insequebantur
1578 1219 1809 1275 significat.

94 1293 130 1334 si
163 1294 309 1335 autem
343 1291 639 1348 ‘caedebant',
670 1292 714 1334 id
748 1294 814 1334 est
841 1291 1113 1347 decidebant,
1146 1290 1377 1334 ‘ruebant'
1409 1291 1454 1333 id
1487 1293 1554 1333 est
1585 1291 1810 1333 cadebant.

214 1364 311 1407 758.
361 1376 477 1407 IRAM
508 1375 813 1407 MISERANTVR
844 1376 1023 1407 INANEM
1063 1364 1324 1420 generaliter
1356 1363 1461 1406 dicit
1493 1377 1667 1406 omnem
1699 1363 1809 1405 iram
1838 1370 1880 1401 15

94 1435 314 1479 bellicam:
347 1436 423 1479 ubi
448 1436 563 1478 enim
589 1438 679 1478 tam
705 1435 847 1478 inanis
883 1435 1107 1478 iracundia
1137 1431 1221 1491 est,
1254 1450 1384 1490 quam
1415 1435 1460 1476 in
1491 1432 1625 1491 bell'o,
1657 1434 1731 1476 ubi
1764 1436 1812 1475 ut

93 1522 320 1563 pereamus
359 1507 616 1550 irascimur?
655 1511 731 1550 ant
759 1508 859 1562 quia
889 1507 1010 1551 nulla
1039 1520 1167 1550 eausa
1198 1510 1283 1549 tam
1314 1507 1426 1549 iusta
1456 1509 1530 1563 est,
1567 1509 1616 1549 ut
1642 1509 1812 1561 propter

94 1593 184 1622 eam
210 1579 358 1623 bellum
379 1580 470 1635 yeri
494 1579 653 1622 debeat:
683 1593 785 1622 nam
809 1580 898 1622 ideo
922 1580 986 1622 ait
1015 1578 1069 1622 ‘et
1093 1582 1228 1622 tantos
1251 1579 1495 1622 mortalibus
1519 1592 1602 1622 esse
1627 1577 1811 1621 labores’.

94 1665 153 1694 an
183 1650 381 1694 ‘inanem'
413 1665 498 1694 non
527 1652 633 1694 iuste
663 1651 924 1703 conceptam?
956 1652 1016 1694 sie
1045 1651 1221 1694 inanis
1249 1650 1404 1705 fletus
1429 1650 1633 1706 Aristaei,
1664 1653 1712 1692 ut
1740 1650 1813 1703 qui

93 1722 245 1765 seilicet
275 1723 382 1765 tanti
411 1736 497 1766 non
524 1723 701 1776 fuerint,
725 1726 895 1778 propter
924 1737 1024 1778 quos
1054 1723 1125 1766 ille
1154 1723 1214 1766 sie
1245 1722 1552 1765 lamentaretur.
1836 1729 1882 1761 20

216 1793 313 1836 759.
362 1811 556 1838 AMBORVM
575 1808 657 1848 pro
689 1792 1011 1849 ‘utrorumque'.

216 1865 314 1908 761.
363 1876 567 1908 PALLIDA
598 1876 851 1908 TISIPHONE
884 1880 972 1908 non
1003 1865 1098 1920 ipsa
1130 1864 1226 1920 dea,
1266 1865 1340 1908 sed
1374 1865 1550 1907 effectus
1582 1864 1737 1920 furiae,
1769 1865 1815 1907 id

95 1939 156 1979 est
180 1937 356 1990 furialis
385 1938 530 1993 ardor,
560 1936 644 1979 hoc
675 1939 742 1979 est
771 1936 955 1980 insania.
1829 1982 1836 1990 ,

217 2009 314 2052 763.
365 2019 511 2052 ORION
557 2019 652 2051 CVM
694 2020 843 2051 PEDES
887 2020 1080 2052 mcnm'r
1124 2021 1260 2051 MEDn
1309 2020 1398 2051 PER
1443 2020 1629 2051 MAXIMA
1671 2020 1813 2051 NEREI

97 2091 282 2123 STAGNA
308 2079 460 2135 Orion,
492 2082 541 2122 ut
573 2080 705 2123 etiam
737 2080 783 2123 in
809 2080 951 2136 primo
979 2079 1125 2135 <535>
1159 2080 1366 2136 diximus,
1398 2080 1663 2136 Oenopionis
1695 2081 1811 2136 regis
1838 2087 1883 2119 25

96 2151 210 2194 filius
252 2151 354 2207 fuit,
403 2151 442 2194 ei
487 2165 715 2194 concessus
760 2167 786 2194 a
822 2151 941 2207 Iove,
982 2151 1198 2194 Mercurio
1243 2150 1549 2208 Neptunoque,
1597 2152 1811 2207 susceptis

96 2222 300 2279 hospitio.
360 2222 432 2266 hic
470 2225 652 2265 venator
689 2222 876 2266 inmensi
909 2223 1102 2278 corporis
1140 2222 1242 2279 fuit,
1282 2223 1357 2279 qui
1394 2223 1580 2279 quodam
1617 2226 1812 2279 tempore

98 2296 324 2350 susceptus
351 2309 377 2336 a
401 2308 503 2351 rege
531 2293 778 2350 Oenopione,
810 2309 906 2336 cum
932 2294 1065 2337 vellet
1089 2294 1181 2337 eius
1208 2295 1344 2337 filiam
1370 2294 1544 2346 vitiare,
1574 2295 1649 2337 ille
1674 2295 1812 2337 iratus

97 2379 210 2420 opem
240 2366 383 2409 Liberi
405 2366 564 2421 patris,
595 2367 712 2409 euius
742 2369 834 2409 erat
861 2366 993 2422 filius,
1024 2366 1260 2420 inploravit.
1322 2367 1360 2409 is
1389 2369 1551 2421 satyros
1581 2367 1712 2418 misit,
1742 2366 1815 2420 qui
1852 2363 1858 2368 ’

96 2451 279 2491 soporem
317 2437 584 2491 infunderent
622 2437 769 2480 Orioni
808 2441 846 2480 et
881 2438 941 2480 sie
979 2437 1088 2480 velut
1125 2438 1307 2481 vinetum
1347 2437 1573 2492 Oenopioni
1609 2438 1816 2480 traderent
1839 2444 1885 2479 30
1956 2454 1963 2458 -

197 2582 240 2614 19
266 2578 403 2625 inanis]
431 2589 557 2625 georg.
583 2578 634 2614 IV
661 2582 730 2615 375
761 2580 774 2626 ΙΙ
810 2582 856 2614 25
883 2578 995 2615 Orion
1022 2590 1053 2615 e.
1079 2590 1114 2624 q.
1143 2579 1188 2626 8.]
1217 2580 1262 2615 cf.
1289 2580 1474 2626 mythogr.
1501 2579 1518 2613 I
1543 2583 1589 2615 33

197 2713 214 2744 1
245 2707 408 2755 cingitur
433 2707 507 2745 AS
541 2708 743 2755 cinguntur
769 2710 819 2745 M
834 2711 847 2755 ΙΙ
878 2714 898 2746 3
926 2721 1120 2755 mesapum
1144 2710 1260 2747 ASR
1279 2712 1291 2758 Η
1322 2714 1345 2746 4
1371 2710 1486 2757 qnod]
1515 2720 1627 2755 quem
1652 2709 1692 2744 F
1709 2710 1720 2755 ΙΙ
1750 2719 1814 2743 ne-

100 2756 190 2801 quid
215 2756 284 2803 Ru
315 2767 338 2791 a
362 2767 429 2792 om.
456 2755 529 2792 AS
550 2758 563 2802 ΙΙ
593 2767 788 2803 mesapum
813 2757 929 2793 ASR
955 2759 966 2804 ΙΙ
994 2757 1142 2794 ueniret
1164 2757 1210 2794 H
1231 2760 1244 2806 Η
1276 2763 1294 2795 7
1321 2759 1441 2805 iactu]
1466 2757 1588 2794 iaculo
1616 2755 1657 2792 F
1678 2758 1689 2803 ΙΙ
1721 2759 1742 2791 8
1768 2767 1814 2791 en

100 2805 174 2850 dya.
198 2803 263 2839 din
289 2804 324 2839 A
363 2815 409 2839 en
435 2803 499 2839 dia
523 2804 611 2839 dum
637 2804 674 2839 R
712 2815 758 2840 en
783 2804 858 2850 dya
881 2805 961 2840 diin
987 2805 1022 2839 L
1058 2816 1104 2840 en
1130 2806 1193 2842 dia
1218 2807 1295 2852 dyn
1320 2807 1419 2841 HM
1454 2817 1500 2841 en
1525 2804 1589 2840 dia
1613 2804 1652 2840 di
1676 2805 1716 2839 in
1741 2803 1782 2838 F
1804 2804 1816 2850 ΙΙ

104 2855 146 2886 10
179 2852 228 2888 ad
252 2863 370 2887 mnes
393 2862 421 2888 s.
447 2863 479 2887 v.
505 2851 616 2887 ualde
645 2851 679 2886 Τ
707 2853 719 2899 ΙΙ
751 2855 794 2887 11
821 2853 872 2888 ad
896 2865 1034 2888 mvons
1059 2863 1086 2888 s.
1112 2864 1145 2889 v.
1172 2853 1211 2889 id
1238 2855 1294 2890 est
1317 2854 1467 2890 fortuna
1498 2851 1637 2888 bellica
1665 2851 1698 2886 Τ
1726 2853 1738 2898 ΙΙ
1770 2854 1814 2886 12

102 2899 232 2936 mortis
257 2899 297 2934 F
325 2900 338 2946 ΙΙ
375 2910 559 2934 οεοΕΒΔΝτ
584 2898 621 2933 R
658 2900 670 2946 {l
706 2899 889 2935 caedebat
912 2899 986 2935 AS
994 2901 1043 2935 M
1048 2900 1083 2935 L
1122 2902 1331 2937 caedebant
1355 2902 1397 2937 H
1431 2902 1444 2947 ΙΙ
1483 2904 1526 2936 13
1552 2900 1725 2935 uertebat
1749 2911 1774 2935 α
1805 2900 1814 2944 11

104 2949 148 2981 14
173 2945 356 2982 cedebant
381 2946 418 2982 R
451 2948 463 2992 ΙΙ
498 2947 660 2982 ruebant
684 2948 743 2982 est
769 2947 836 2981 M:
862 2946 1021 2983 ruebant
1045 2947 1084 2983 id
1109 2950 1168 2984 est
1192 2950 1325 2995 reliqui
1354 2950 1366 2995 11
1404 2948 1612 2984 caedebant
1636 2947 1673 2982 L
1710 2946 1815 2983 cede-

103 2994 195 3028 bant
220 2994 262 3029 H
285 2995 392 3040 (corr.
418 3006 516 3030 man.
542 2995 627 3039 rec.)
646 2995 658 3039 ΙΙ
679 2997 722 3029 15
748 3005 924 3029 msnnm'r
948 2994 985 3030 R
1021 3007 1219 3033 menni-vn
1245 2996 1286 3032 F
1301 2998 1312 3043 ΙΙ
1332 2996 1428 3032 dixit
1452 2996 1488 3031 R
1506 2998 1519 3041 u
1549 2999 1592 3031 17
1619 2996 1669 3030 ad
1692 3006 1725 3030 v.
1748 2997 1815 3030 758

101 3041 145 3075 in
169 3052 283 3087 mary.
308 3041 458 3078 inanem
483 3042 580 3077 iram
612 3041 702 3086 quia
733 3040 838 3077 nulla
869 3053 980 3077 eausa
1009 3043 1088 3079 tam
1119 3044 1218 3079 iusta.
1242 3045 1299 3079 est
1323 3045 1366 3079 ut
1390 3045 1589 3089 propterea
1613 3043 1815 3078 debeamus

102 3087 243 3123 bellum
263 3099 403 3134 gerere.
439 3089 518 3125 siue
536 3089 686 3125 inanem
707 3089 893 3125 inutiliter
912 3091 1129 3136 conceptam
1151 3091 1249 3127 sicut
1266 3091 1374 3127 fletus
1394 3089 1523 3126 aristei
1537 3090 1570 3125 T
1586 3091 1598 3136 Η
1616 3091 1817 3135 propterea

104 3135 274 3181 Danieli!
294 3139 337 3172 18
363 3137 492 3182 generi
516 3137 557 3172 F
571 3139 585 3183 ΙΙ
605 3141 648 3173 19
674 3136 775 3172 iusta
802 3136 843 3171 F
857 3137 869 3183 ΙΙ
888 3136 995 3172 fletur
1020 3137 1086 3184 Gll
1109 3142 1155 3175 24
1181 3140 1231 3175 ad
1256 3150 1353 3179 QVAM
1377 3151 1413 3174 u.
1441 3152 1472 3175 ο.
1499 3149 1526 3174 s.
1552 3149 1584 3173 v.
1613 3148 1724 3181 quam
1751 3146 1816 3180 po-

104 3182 178 3217 suit
201 3194 268 3227 per
293 3183 541 3220 defectionem
566 3185 645 3219 tam
674 3184 708 3219 Τ
724 3186 736 3231 11
761 3188 806 3219 25
831 3183 929 3230 regis
954 3195 1020 3220 om.
1047 3186 1084 3222 R
1102 3188 1115 3233 ΙΙ
1139 3190 1185 3223 26
1212 3185 1262 3232 ei]
1292 3188 1330 3221 et
1355 3186 1444 3221 RH
1457 3188 1470 3232 ΙΙ
1495 3185 1543 3221 ab
1569 3184 1609 3219 F
1625 3186 1636 3230 ΙΙ
1662 3187 1706 3218 27
1733 3182 1813 3229 qui]

105 3228 169 3264 diu
195 3229 235 3264 F
251 3231 264 3276 ΙΙ
293 3234 338 3266 29
365 3230 601 3277 inplorabitis
628 3232 662 3268 G
680 3233 692 3278 ΙΙ
722 3231 855 3268 satiros
881 3231 922 3266 F
