2092 3614
271 659 291 690 5

248 1015 291 1047 10

247 1372 290 1404 15

244 1729 290 1762 20

244 2086 289 2118 25

317 255 404 298 428
592 231 595 233 ’
1091 256 1252 293 seavn

317 367 467 407 torem.
511 365 710 408 novimus
738 368 883 408 autem
903 364 1109 421 Cydonas
1130 364 1358 409 Cretenses
1384 366 1480 409 dici.
1525 381 1627 409 sane
1647 366 1829 423 ‘Cydon'
1853 367 2024 424 quando

317 451 477 479 nomen
503 438 570 479 est
593 437 836 492 proprium,
865 436 960 492 ‘Cy'
987 437 1243 480 naturaliter
1268 437 1483 494 producit3
1516 438 1554 480 si
1579 438 1903 494 appellativum,
1933 454 2026 483 cor-

317 507 422 563 ripit
453 506 568 563 ‘Cy',
606 510 656 550 ut
686 508 798 562 <XII
830 508 944 563 858>
975 508 1202 551 Parthus
1241 509 1348 551 sive
1386 508 1577 565 Cydon,
1614 507 1790 552 telum'
1811 510 2026 553 inmedi-

318 579 486 622 cabile
517 579 689 622 torsit.
738 581 884 622 tamen
917 579 1082 623 Statius
1115 580 1249 622 etiam
1281 580 1326 622 in
1357 580 1535 636 proprio
1568 581 1794 636 corripuit,
1823 583 1872 624 ut
1902 581 2025 625 haec

317 651 426 707 regi
466 650 722 706 promissa
754 650 927 707 Cydon
965 651 1090 694 haec
1121 651 1309 707 Lampe
1348 651 1611 695 dabamus:
1650 653 1763 708 quod
1796 653 1914 709 feeit,
1952 654 2024 696 ab·

317 724 443 764 utens
482 722 658 765 licentia
696 738 781 778 qua
820 725 980 765 utimur
1011 723 1058 765 in
1088 723 1277 778 propriis
1309 723 1568 766 nominibus.
1688 735 1815 767 NOVA
1848 735 2026 767 GAVDIA

320 808 446 848 quem
478 795 581 836 tunc
611 794 798 850 primum
830 809 975 837 amare
1007 797 1219 850 coeperat.

436 865 535 909 326.
586 877 792 909 STRATVS
818 866 862 908 id
888 868 955 908 est
981 881 1127 921 paene.
1229 883 1349 909 secvn
1359 883 1402 909 Vs
1425 883 1593 910 Amen!
1619 866 1691 909 hoc
1716 867 1798 910 loco
1825 866 2024 910 ‘oblitus':

316 937 438 979 aliter
469 936 518 992 <1
539 937 654 992 350>
683 951 885 980 securus
915 951 1135 980 amorum
1161 928 1446 993 yermanae,
1476 938 1522 980 id
1551 941 1610 980 est
1639 941 1910 994 contemnens,
1940 951 2025 981 non

316 1022 479 1051 curans.

435 1080 532 1122 327.
582 1092 852 1123 MISERANDE
883 1095 962 1136 pro
996 1080 1318 1136 ‘miserandus'3
1358 1096 1460 1123 nam
1492 1095 1569 1135 pro
1602 1080 1867 1123 nominativo
1899 1095 2023 1123 voca-

318 1151 455 1193 tivum
486 1151 652 1207 posuit,
685 1154 733 1194 ut
764 1155 916 1195 contra
942 1151 1057 1207 <XII
1079 1152 1193 1206 192>
1226 1166 1372 1194 socer
1403 1167 1541 1194 arma
1568 1151 1786 1194 Latinus
1817 1151 2024 1195 habeto:

317 1221 420 1265 licet
450 1222 540 1265 illic
572 1223 713 1279 possit
745 1223 880 1279 accipi
913 1223 1055 1267 esocer
1087 1238 1207 1266 arma
1239 1223 1417 1266 Latinus
1455 1223 1652 1266 habeat':
1690 1238 1791 1266 nam
1823 1222 2024 1266 ‘habeto'

317 1296 362 1336 et
393 1294 581 1337 secunda
612 1296 655 1337 et
684 1295 818 1337 tertia
849 1310 1033 1350 persona
1066 1297 1143 1337 est.
1193 1297 1338 1337 tamen
1364 1295 1495 1337 etiam
1519 1298 1556 1337 et
1580 1295 1684 1337 alibi
1713 1294 2025 1337 nominativum

316 1381 394 1421 pro
421 1366 619 1409 vocativo
651 1367 816 1422 posuit,
847 1368 897 1409 ut
921 1365 1164 1422 <VII177>
1191 1367 1431 1422 corniger
1455 1365 1798 1421 Hesperidum
1828 1365 2024 1409 fluvius

314 1439 564 1493 regnator
595 1452 854 1494 aquarum.

435 1509 533 1552 328.
585 1521 779 1552 STIPATA
811 1521 993 1553 COHORS
1025 1510 1072 1552 id
1100 1513 1159 1553 est
1188 1509 1451 1552 unanimiter
1484 1509 1669 1551 veniens,

435 1581 534 1623 329.
584 1598 737 1624 SEPTEM
757 1597 918 1625 nmmo
953 1581 1026 1624 hoc
1055 1585 1114 1624 est
1136 1595 1216 1636 pro
1249 1579 1447 1635 ‘septem’s
1486 1584 1524 1622 et
1551 1581 1659 1623 deest
1690 1579 1841 1634 ‘quia':
1878 1583 2025 1623 veteres

314 1652 425 1695 enim
463 1653 525 1694 ita
555 1653 845 1695 enuntiabant:
880 1653 1070 1696 Lucilius
1099 1654 1146 1695 in
1169 1670 1232 1696 -ιν,
1263 1652 1314 1694 ki
1342 1666 1467 1706 prae
1496 1666 1543 1694 se
1565 1654 1774 1705 portant
1802 1652 2024 1706 inqentes

314 1737 513 1767 munere
540 1725 705 1778 pisces
743 1725 959 1779 triyinta
994 1738 1205 1767 numero.
1267 1739 1324 1766 an
1350 1724 1490 1778 potius
1512 1723 1712 1778 proprie?
1753 1723 1939 1766 credibile
1967 1726 2026 1766 est

315 1797 424 1839 enim
447 1800 496 1838 ut
517 1797 682 1851 saepius
706 1797 882 1839 iecerint.
980 1807 1285 1846 SEPTENAQVE
1307 1807 1432 1838 TELA
1457 1809 1576 1837 more
1603 1809 1680 1837 suo
1706 1809 1784 1850 pro
1812 1793 2023 1850 ‘septem’,

317 1870 366 1910 ut
398 1867 532 1910 ‘bina'
565 1882 643 1923 pro
675 1868 860 1910 duobus:
893 1866 1027 1921 <VIII
1055 1867 1167 1921 168>
1195 1867 1436 1921 frenaque
1466 1866 1593 1909 bina.

434 1939 533 1982 331.
583 1956 841 1982 smnvofflvru
874 1955 1017 1982 GORPVS
1057 1934 1228 1992 quidam
1272 1937 1629 1995 ἐμφατικοότερον
1665 1939 1836 1991 putant,
1879 1937 1928 1980 id
1967 1940 2025 1980 est

315 2011 402 2052 iam
432 2011 687 2065 stringentia.
737 2011 816 2053 alii
838 2011 1112 2064 participium
1135 2023 1333 2064 praesens
1356 2023 1436 2063 pro
1464 2009 1608 2063 'futuro
1637 2009 1861 2062 accipiunt,
1891 2008 1938 2051 id
1965 2011 2025 2051 est

314 2095 418 2135 quae
447 2082 532 2124 nisi
562 2085 692 2124 essent
721 2081 877 2136 deflexa
885 2115 897 2138 ,
933 2082 1131 2136 strinyere
1161 2080 1400 2123 habuerant.
1520 2092 1750 2122 DEFLEXIT
1782 2091 1956 2135 ΡᾼΒΤΙΜ
1987 2091 2021 2123 s.

316 2163 354 2194 c.
386 2163 515 2194 ALMA
546 2163 700 2196 VENVS
732 2153 844 2195 male
877 2153 940 2195 ait
969 2152 1190 2208 Donatus,
1225 2151 1307 2194 hoc
1338 2152 1434 2195 loco
1467 2153 1565 2194 ante
1598 2151 1807 2193 dictorum
1840 2150 2021 2194 oblitum

315 2237 410 2265 esse
440 2222 704 2279 Vergilium,
744 2224 858 2280 quod
895 2226 996 2280 post
1025 2223 1141 2266 Iovis
1174 2223 1515 2279 prohibitionem
1545 2222 1673 2264 bellis
1704 2221 1811 2264 facit
1840 2222 2022 2265 numina

315 2294 544 2349 interesse,
581 2309 668 2337 non
705 2295 961 2351 respiciens,
998 2294 1146 2337 Iovem
1177 2294 1316 2350 magis
1349 2293 1451 2336 deos
1482 2294 1704 2336 hortatum
1737 2307 1828 2335 esse
1859 2292 1905 2335 in
1935 2293 2021 2335 foe-

409 2414 432 2445 4
459 2411 618 2458 Statius]
646 2410 760 2447 Theb.
781 2411 816 2446 II
837 2415 904 2447 623
924 2413 936 2458 ΙΙ
957 2415 1000 2447 19
1026 2410 1191 2446 Lucilius
1216 2410 1256 2446 in
1279 2410 1346 2457 1v.]
1371 2409 1505 2456 fragm.
1531 2408 1652 2445 XXVI
1679 2419 1737 2455 ap.
1766 2407 1892 2445 Muell.
1918 2421 1951 2455 p.
1974 2413 2019 2445 25

412 2523 430 2552 1
457 2517 628 2553 nouimus
654 2516 754 2552 enim
779 2518 820 2553 F
847 2519 859 2564 ΙΙ
896 2517 1057 2562 cydones
1086 2518 1135 2552 M
1161 2518 1175 2563 11
1205 2517 1354 2562 quando
1381 2543 1389 2551 .
1411 2543 1419 2551 .
1441 2544 1449 2552 .
1475 2515 1552 2552 sive
1578 2514 1706 2560 Cydon
1730 2526 1797 2551 om.
1825 2515 1866 2551 F
1892 2517 1904 2562 ΙΙ
1941 2519 1961 2551 2
1988 2515 2020 2551 si

313 2576 380 2600 om.
400 2563 530 2600 RLH
552 2565 652 2610 (add.
673 2565 699 2610 l)
718 2566 772 2610 114
798 2565 929 2611 etiam]
956 2564 1069 2600 etiam
1096 2566 1135 2600 et
1159 2565 1205 2599 H
1217 2565 1230 2610 ΙΙ
1248 2566 1291 2599 ut
1315 2575 1381 2600 om.
1402 2563 1442 2598 F
1458 2565 1469 2610 ΙΙ
1499 2568 1519 2599 5
1545 2563 1621 2608 legi
1647 2563 1688 2598 F
1702 2564 1715 2609 ΙΙ
1734 2568 1755 2599 6
1781 2575 1856 2608 qua
1879 2562 2020 2599 utimur

312 2612 352 2647 in
377 2611 549 2648 omnibus
574 2611 734 2657 propriis
762 2613 810 2647 M
817 2612 857 2647 F
878 2614 890 2659 ΙΙ
923 2616 942 2647 ’1
969 2612 1097 2658 quem]
1125 2622 1218 2656 quae
1244 2611 1280 2646 R
1318 2622 1405 2657 ergo
1431 2622 1543 2656 quem
1568 2611 1609 2646 F
1623 2612 1637 2657 ΙΙ
1660 2612 1740 2646 tum
1767 2611 1834 2656 Fu
1858 2610 2019 2656 primum

314 2671 381 2695 om.
409 2660 459 2695 M
480 2662 494 2705 ΙΙ
523 2662 544 2694 8
570 2659 610 2694 id
635 2659 707 2706 est]
734 2658 842 2695 deest
868 2660 916 2694 M
923 2659 964 2694 F
984 2661 998 2704 ΙΙ
1028 2670 1170 2704 poenae
1197 2659 1236 2694 F
1257 2660 1269 2705 ΙΙ
1300 2660 1349 2694 ad
1374 2671 1525 2694 sncvnvs
1550 2670 1584 2694 A.
1609 2669 1637 2695 s.
1663 2670 1694 2695 v.
1722 2657 1860 2694 oblitus
1885 2657 1924 2693 in
1948 2657 2019 2694 hoc

314 2707 398 2743 loco
424 2706 517 2743 alibi
543 2707 782 2742 contemnens
805 2707 837 2741 T
853 2708 865 2753 u
885 2707 1040 2753 oblitus]
1067 2718 1134 2743 om.
1149 2707 1197 2750 F,
1222 2706 1420 2752 indulgens
1443 2706 1650 2741 Masvicius
1669 2707 1680 2752 ΙΙ
1707 2710 1727 2741 9
1755 2707 2019 2750 contempnens

318 2755 355 2790 F
370 2756 382 2801 ΙΙ
410 2758 452 2790 12
479 2755 608 2790 contra
633 2765 699 2790 om.
721 2753 789 2798 Fu
819 2758 862 2789 13
888 2754 983 2800 illic]
1009 2754 1071 2790 hic
1097 2754 1132 2789 L
1151 2755 1163 2801 ΙΙ
1194 2757 1239 2789 14
1265 2755 1303 2790 et
1328 2755 1510 2789 secundae
1537 2755 1575 2788 et
1598 2754 1732 2789 tertiae
1757 2763 1937 2798 personae
1962 2753 2020 2787 est

315 2802 390 2848 ΜΙΙ
408 2812 566 2847 persona
590 2813 657 2837 om.
671 2801 736 2847 Lu
757 2804 800 2837 15
823 2800 966 2847 posuit]
993 2813 1058 2836 om.
1074 2802 1121 2846 L,
1146 2802 1305 2847 legimus
1326 2801 1366 2836 F
1381 2802 1392 2847 ΙΙ
1414 2805 1455 2837 17
1478 2813 1588 2836 coons
1609 2800 1687 2835 AL
1714 2812 1851 2835 cnoons
1870 2798 2018 2835 SRFa

315 2861 450 2884 conons
476 2849 522 2884 H
535 2851 548 2894 ΙΙ
572 2848 815 2884 unianimiter
839 2848 928 2883 LH
931 2848 971 2883 F
986 2850 998 2894 ΙΙ
1025 2853 1067 2884 19
1093 2848 1149 2896 hi]
1178 2848 1217 2884 bi
1243 2848 1310 2895 ΕΗ
1330 2849 1540 2893 mhigentes
1567 2848 1614 2884 F.
1653 2847 1704 2882 mi
1728 2846 1898 2892 ingentes
1924 2847 2016 2881 coni.

315 2896 517 2932 Muellerus
553 2898 564 2942 ΙΙ
601 2900 645 2931 21
671 2895 830 2932 iacerint
854 2895 901 2932 F.
940 2899 1094 2931 ceterum
1126 2898 1164 2932 et
1189 2896 1295 2931 deest
1322 2896 1432 2941 ‘qui’,
1462 2897 1514 2931 sic
1539 2896 1634 2931 enim
1653 2905 1724 2939 pro
1749 2893 1839 2938 quia
1861 2894 2018 2929 scriben-

315 2945 404 2980 dum
439 2944 601 2987 videtur,
637 2947 718 2988 post
748 2943 892 2980 Lucilii
920 2944 1046 2988 verba,
1085 2955 1132 2979 an
1163 2943 1287 2988 potius
1320 2972 1328 2980 .
1355 2971 1363 2978 .
1391 2972 1398 2978 .
1431 2942 1588 2978 iecerint
1613 2946 1698 2987 post
1722 2941 1938 2977 Servianum
1968 2941 2018 2976 ad

315 3003 540 3032 snmnnsovs
566 3005 597 3026 rr.
622 2992 797 3026 scholium
822 2988 1033 3027 collocanda
1057 3002 1129 3026 esse
1148 2995 1252 3036 puto.
1271 2991 1284 3036 ΙΙ
1309 2994 1354 3026 23
1380 2991 1429 3025 ad
1454 3000 1685 3025 srmmnuru
1705 3002 1734 3024 c.
1759 2999 1787 3024 s.
1808 2999 1838 3040 ιζ.
1865 2988 2017 3032 quidam

315 3038 498 3074 enfaticos
532 3037 723 3082 accipiunt
753 3038 792 3073 id
824 3039 881 3073 est
909 3038 987 3073 iam
1018 3038 1248 3083 stringentia.
1300 3048 1388 3082 ergo
1419 3036 1642 3081 stringentia
1672 3035 1857 3071 nudantia
1881 3045 1925 3070 ac
1951 3046 2018 3080 per

314 3086 386 3122 hoc
412 3085 659 3121 uulnerantia.
709 3085 775 3121 alii
799 3085 990 3131 accipiunt
1012 3096 1189 3130 praesens
1214 3097 1281 3130 pro
1306 3085 1430 3120 futuro
1455 3082 1654 3129 participio
1679 3081 1719 3117 id
1744 3084 1802 3117 est
1826 3093 1920 3126 quac
1945 3081 2016 3117 nisi

315 3135 438 3169 essent
462 3132 606 3168 deflexa
631 3131 813 3178 stringere
839 3133 1048 3178 habuerant
1077 3133 1109 3167 T
1132 3133 1144 3178 ΙΙ
1175 3133 1444 3168 enfaticoteron
1469 3131 1510 3166 F
1530 3132 1543 3177 ΙΙ
1573 3134 1619 3165 24
1643 3141 1710 3175 pro
1736 3140 1802 3165 om.
1830 3128 1872 3164 F
1890 3131 1904 3174 ss
1934 3140 2016 3165 aco-

314 3181 423 3274 ἔξω,
449 3179 483 3215 G
501 3181 583 3262 111Ξό
611 3180 792 3226 stringere
818 3180 1022 3216 debuerant
1049 3181 1273 3224 Masvicius,
1297 3180 1358 3215 sed
1383 3179 1427 3223 cf.
1449 3179 1569 3224 praef.
1590 3189 1630 3223 p.
1658 3177 1809 3212 LXXIII
1829 3178 1841 3223 ΙΙ
1866 3180 1910 3212 27
1936 3187 2016 3211 uer·

374 3228 446 3263 'um
473 3228 518 3262 H
641 3230 644 3234 '
