2092 3614
533 273 683 310 COMM.
710 273 763 309 IN
788 272 934 310 VERG.
961 271 1073 310 AEN.
1099 272 1150 308 XI
1176 277 1375 309 sos-842.
1725 273 1812 315 567

99 384 209 437 quod
233 383 406 436 facilius
429 386 564 438 potest
592 386 720 426 morte
749 383 989 443 coutiuyere,
1020 383 1127 425 sicut
1145 396 1283 437 supra
1315 382 1461 438 <591>
1494 383 1646 426 dictum
1678 387 1745 426 est.

97 464 380 503 ΔηΜΑῖηΕιιΝρ
389 471 485 498 VENs
514 455 593 497 alii
624 454 771 498 ‘arma-
791 453 1045 509 relinquunt'
1073 454 1219 509 lequut.
1264 454 1425 497 Probus
1456 455 1701 510 hypallayen
1726 455 1815 497 vult

96 539 180 569 esse
222 526 284 569 vel
322 527 595 582 contrarium,
638 530 686 569 ut
719 527 812 581 ipsa
848 526 1065 580 relinquat.
1126 525 1207 568 alii
1245 524 1388 567 ‘arma
1423 526 1682 581 reliuquuut’
1721 540 1813 569 cum

97 597 217 640 laude
255 596 408 640 dictum
446 598 671 653 accipiunt,
708 598 755 640 id
782 601 840 640 est
869 597 945 640 illa
975 597 1209 640 decidebant
1238 611 1259 639 e
1289 597 1481 641 manibus
1512 597 1715 641 Camillae
1745 612 1811 641 ea·-

97 669 264 712 auimis.
1838 678 1858 710 5

218 741 317 784 831.
367 752 570 791 vrrAQVE
605 751 701 783 CVM
732 751 911 783 GEMlTv
936 751 1078 783 FVGIT
1106 751 1373 782 INDIGNATA
1400 751 1484 783 svss
1510 753 1693 784 VMBRAs
1728 757 1811 783 ser-

96 814 171 854 vat
201 811 286 854 hoc
318 811 495 867 ubique,
527 813 575 853 ut
605 811 809 866 iuvenum
842 811 1008 854 animas
1041 826 1067 854 a
1098 811 1351 866 corporibus
1385 812 1500 854 dicat
1532 827 1628 855 eum
1663 813 1811 856 dolore

95 883 324 939 discedere,
351 882 464 938 quod
494 882 634 926 adhuc
660 897 753 925 esse
781 883 1037 939 superstites
1058 885 1278 938 poterant:
1305 884 1417 940 quod
1439 884 1571 926 etiam
1592 884 1643 926 de
1664 883 1810 927 Turno

93 954 286 998 dicturus
321 957 396 997 est.

215 1027 312 1070 832.
364 1037 554 1069 CLAMOR
591 1025 878 1069 Troianorum
918 1026 1096 1082 scilicet,
1136 1026 1211 1082 qui
1249 1027 1522 1084 exultabant,
1563 1032 1602 1071 et
1636 1042 1810 1083 quorum
1840 1037 1881 1068 10

91 1098 228 1141 animi
257 1099 370 1142 aucti
398 1101 498 1141 suut
526 1097 708 1141 Camilla
739 1099 944 1140 moriente.

214 1170 312 1213 833.
364 1180 622 1213 CRVDESCIT
654 1169 952 1212 crudelior‘fit
984 1169 1112 1212 caede
1145 1171 1392 1214 multorum.

210 1241 310 1286 834.
364 1258 482 1284 OMNIS
513 1258 620 1284 copm
645 1255 726 1295 pro
766 1240 888 1284 ‘totus
919 1239 1148 1296 exercitus'‚
1189 1244 1238 1284 ut
1267 1241 1340 1297 <11
1372 1242 1489 1298 564>
1522 1247 1565 1286 et
1593 1258 1715 1298 quae
1745 1246 1812 1287 sit

90 1327 159 1356 mc
190 1314 375 1356 circum
406 1313 568 1367 copia,
601 1313 770 1355 lustro.
808 1326 811 1328 ’

191 1385 311 1428 836.
360 1396 421 1427 AT
456 1396 643 1427 TRIVIAE
677 1395 849 1427 CVSTOS
882 1384 941 1427 vel
972 1384 1184 1440 ministra,
1214 1386 1276 1428 vel
1306 1387 1567 1431 observatrix.
1611 1391 1743 1442 potest
1773 1392 1810 1431 et
1837 1394 1880 1426 15

82 1471 163 1511 pro
194 1458 336 1499 comite
366 1457 521 1511 accipi:
552 1456 613 1498 vel
644 1454 805 1499 ‘custos'
837 1458 1131 1499 mandatorum
1166 1457 1342 1514 Triviae,
1375 1473 1427 1501 ue
1456 1460 1595 1502 inulta
1627 1459 1809 1503 Camilla

90 1529 306 1572 moriatur.

210 1600 308 1643 839.
358 1616 571 1642 MvLcATAM
595 1599 809 1652 affectam:
837 1599 1045 1643 emulcari'
1065 1601 1175 1643 euim
1186 1603 1358 1655 proprie
1376 1602 1604 1646 verberibus
1622 1604 1807 1647 dicimus.

209 1672 307 1715 842.
358 1681 547 1713 CONATA
573 1659 838 1714 LAcnssn'RE
866 1683 1076 1715 Tnvcnos
1103 1675 1281 1728 propter
1305 1673 1414 1715 illud
1442 1674 1586 1729 <305>
1614 1675 1806 1717 bellum

88 1744 419 1799 inportunum
465 1743 601 1785 cives
646 1757 755 1785 cum
793 1745 945 1797 gente
984 1742 1200 1786 deorum.
1350 1762 1437 1788 HEV
1470 1749 1608 1788 autem
1651 1747 1806 1790 cloloris
1832 1755 1877 1786 20

87 1814 332 1858 exclamatio
357 1817 424 1857 est.
528 1831 708 1857 carons
738 1830 873 1856 vasrz
900 1830 1139 1858 svppzzown
1164 1815 1274 1858 iuris
1297 1816 1415 1858 verbo
1439 1831 1540 1860 usus
1564 1821 1632 1860 est.
1666 1818 1804 1861 ‘luere’

87 1887 196 1929 enim
233 1886 371 1929 debere
409 1885 561 1928 dicitur
598 1886 670 1939 quii
699 1886 921 1939 pecuniam
957 1886 1099 1928 solvit:
1143 1887 1252 1940 quod
1285 1886 1351 1929 hic
1386 1892 1635 1943 usurpatum
1672 1893 1730 1932 est
1761 1891 1805 1933 iu

88 1958 237 2012 capitis
254 1971 444 2012 poenam.
475 1957 645 2011 quidam
669 1957 793 2000 liuius
820 1957 897 1999 leci
922 1957 1086 2011 louyam
1112 1958 1401 2011 expositionem
1425 1961 1616 2003 tradunt:
1644 1961 1805 2004 Volscos

86 2044 113 2071 a
135 2029 387 2072 Volscatibus
406 2029 582 2084 Hylinis
607 2030 805 2084 oriyinem
830 2030 983 2083 (lucere,
1008 2029 1222 2084 †eoeclytas
1248 2034 1396 2086 autem,
1422 2031 1529 2074 iuter
1553 2046 1653 2086 quos
1674 2033 1802 2075 Ama-

85 2114 203 2144 zones
234 2104 342 2153 suut,
373 2101 576 2155 reyionem
606 2100 826 2155 Illyricam
857 2101 1039 2143 incolere.
1090 2102 1212 2144 luisse
1243 2116 1335 2157 erqo
1366 2103 1613 2161 supplicium
1647 2103 1801 2148 Camil-
1828 2111 1873 2142 25

87 2173 172 2215 lam
203 2173 354 2224 dicunt,
386 2186 491 2226 quae
521 2173 738 2215 adversum
766 2172 970 2215 Troianos
1001 2186 1124 2215 arma
1156 2173 1304 2229 tulerit,
1336 2174 1483 2228 quibus
1514 2176 1691 2218 maiores
1715 2177 1803 2219 eius

5 2264 18 2270 -
86 2244 308 2287 auxilium>
325 2246 485 2286 constat
515 2243 666 2299 tulisse,
696 2237 744 2286 'id
772 2246 829 2286 est
859 2243 1168 2287 Penthesileam.

183 2364 226 2396 15
251 2361 313 2396 vel
338 2333 511 2396 ministra
536 2372 567 2396 e.
593 2372 627 2406 q.
655 2361 700 2408 s.]
729 2360 775 2396 cf.
803 2361 967 2397 Macrob.
997 2361 1073 2396 eat.
1100 2361 1152 2397 ΙΙΙ
1180 2366 1213 2407 e,
1242 2366 1286 2397 15
1313 2363 1351 2398 et
1376 2363 1409 2398 V
1435 2366 1491 2408 22,
1519 2367 1540 2398 2

182 2459 203 2490 2
230 2456 279 2491 ad
303 2467 335 2491 v.
362 2459 431 2491 830
458 2455 524 2492 alii
549 2467 654 2492 arma
678 2456 894 2502 relinquunt
918 2457 1058 2502 legunt.
1097 2456 1236 2502 probus
1272 2458 1499 2504 hypallagen
1532 2459 1615 2495 uult
1646 2472 1726 2496 esse
1759 2463 1801 2496 ut

86 2503 169 2549 ipsa
193 2502 390 2548 relinquat.
430 2503 497 2539 alii
524 2515 607 2540 cum
632 2504 743 2540 laude
770 2503 911 2539 dictum
939 2503 1132 2550 accipiunt
1156 2505 1195 2540 id
1221 2506 1279 2541 est
1302 2505 1369 2542 illa
1394 2506 1617 2543 decidebant
1642 2520 1661 2544 e
1682 2509 1798 2544 mani-

85 2551 153 2586 bus
179 2562 262 2586 cum
287 2551 355 2586 illa
380 2550 456 2586 iam
483 2553 582 2587 esset
608 2552 788 2588 exanimis
819 2552 853 2587 T
866 2554 878 2597 ss
910 2556 930 2586 3
958 2563 1037 2587 esse
1064 2563 1130 2588 om.
1157 2553 1197 2588 F
1213 2554 1224 2600 ΙΙ
1256 2554 1433 2599 relinquit
1459 2554 1500 2590 F
1514 2556 1526 2601 ΙΙ
1555 2566 1637 2590 cum
1665 2584 1672 2591 .
1696 2584 1703 2591 .
1726 2584 1732 2591 .
1760 2556 1796 2591 id

86 2599 160 2645 est]
186 2598 343 2634 laudant
368 2598 508 2634 dictum
535 2600 592 2635 est
617 2599 658 2635 F
673 2601 685 2646 ΙΙ
709 2604 731 2634 4
758 2598 909 2635 cumille
935 2599 976 2634 F
991 2601 1003 2647 ΙΙ
1028 2599 1189 2636 exanimi
1215 2601 1265 2644 F,
1291 2613 1381 2637 corr.
1411 2603 1620 2638 Masvieius
1638 2605 1650 2650 ΙΙ
1676 2608 1696 2639 6
1724 2615 1797 2639 ser-

86 2648 152 2682 vat
175 2645 247 2681 hoc
272 2645 428 2692 ubique]
454 2646 579 2681 ferunt
604 2647 674 2682 hoc
701 2647 766 2683 alii
792 2658 888 2692 quae
909 2647 949 2682 F
963 2648 976 2693 ΙΙ
995 2651 1016 2683 8
1042 2650 1244 2693 potuerunt
1269 2648 1310 2683 F
1325 2651 1337 2695 ΙΙ
1356 2654 1376 2684 9
1404 2648 1571 2685 dicturus
1598 2651 1669 2697 est]
1698 2651 1795 2686 idem

86 2694 206 2729 cicero
231 2693 271 2728 in
296 2694 429 2728 catone
449 2693 588 2730 maiore
610 2693 693 2740 (XX
714 2697 773 2740 72)
802 2695 893 2730 ‘iam
914 2694 1034 2730 omnis
1054 2696 1327 2741 conglutinatio
1353 2707 1480 2732 recens
1506 2709 1627 2742 aegre,
1654 2700 1797 2734 inuete-

84 2744 169 2776 rata
194 2740 372 2776 facillime
398 2740 619 2777 diuellitur’.
670 2744 709 2778 et
734 2744 791 2777 est
816 2742 962 2777 homeri
986 2742 1053 2786 (Il.
1080 2742 1165 2778 XVl
1192 2747 1275 2788 856)
1302 2745 1386 2780 add.
1414 2744 1454 2779 D
1478 2746 1490 2798 Ι]
1518 2748 1559 2780 11
1588 2745 1689 2781 aucti
1714 2745 1796 2782 Da-

84 2789 173 2825 niel:
201 2788 293 2823 uicti
319 2788 359 2823 F
374 2790 387 2832 ss
408 2792 451 2823 12
477 2788 695 2835 multorum]
723 2801 808 2824 nam
836 2789 970 2824 crudus
997 2792 1036 2824 et
1061 2790 1223 2827 crudehs
1250 2803 1272 2827 a
1298 2803 1425 2827 cruore
1452 2792 1589 2827 dlcitur
1613 2794 1699 2829 acld.
1723 2794 1760 2827 D
1785 2794 1796 2839 Η

87 2841 130 2871 14
156 2836 311 2871 lustrum
342 2835 382 2870 F
403 2837 414 2882 ΙΙ
447 2839 490 2870 15
516 2847 543 2871 s.
571 2847 601 2871 υ.
629 2840 699 2873 836
724 2836 895 2872 ministra
921 2836 982 2878 uel
1009 2838 1210 2873 obseruans
1237 2840 1317 2884 (sic)
1345 2868 1351 2874 .
1374 2867 1381 2874 .
1404 2867 1410 2874 .
1438 2840 1620 2876 moriatur
1645 2840 1796 2876 camilla

85 2885 165 2923 (sic)
195 2883 226 2917 T
243 2884 256 2929 ΙΙ
287 2882 514 2919 obseruatris
535 2883 576 2918 F
590 2886 603 2929 ΙΙ
634 2885 684 2919 ad
707 2896 899 2919 MVLTATAM
924 2896 951 2919 s.
978 2896 1008 2920 v.
1036 2885 1223 2922 adfectam
1254 2887 1286 2921 T
1303 2888 1314 2933 ΙΙ
1339 2899 1531 2922 MVLTATAM
1557 2887 1795 2924 debilitatam

86 2931 286 2966 Fabricius
323 2931 372 2966 M.
400 2930 638 2967 debilitatam
664 2932 879 2967 damnatam
905 2931 1112 2977 Stephanus
1148 2935 1160 2979 ΙΙ
1196 2934 1427 2970 uerberimus
1454 2935 1495 2969 F
1530 2937 1542 2982 ῃ
1579 2939 1624 2971 20
1651 2937 1700 2971 acl
1725 2949 1795 2972 nav

84 2989 214 3013 211va
238 2989 265 3013 s.
286 2990 319 3014 v.
346 2977 485 3014 doloris
512 2979 736 3014 exclamatio
763 2979 821 3014 est
845 2979 916 3014 hoc
942 2979 1024 3015 loco
1050 2981 1123 3015 heu
1147 2981 1180 3016 T
1194 2983 1205 3027 ΙΙ
1225 2983 1274 3017 ool
1298 2995 1414 3018 nwsvrx
1441 2983 1482 3017 in
1506 2994 1619 3027 maro.
1648 2983 1792 3018 soluisti

84 3027 123 3062 et
146 3026 236 3060 iuris
261 3026 377 3060 uerbo
403 3037 490 3060 usus
518 3027 575 3061 est
601 3053 608 3061 .
631 3054 638 3062 .
661 3054 667 3061 .
695 3027 738 3061 ut
765 3026 968 3071 pentesilea
997 3027 1029 3062 T
1051 3028 1068 3109 'l
1095 3032 1138 3063 22
1166 3029 1301 3064 debere
1328 3040 1394 3064 om.
1424 3030 1484 3076 ΤΗ
1515 3035 1560 3066 23
1588 3031 1696 3066 huius
1725 3059 1732 3066 .
1755 3057 1761 3064 .
1785 3059 1791 3066 .

84 3071 355 3119 expositionem
379 3085 446 3109 om.
471 3073 503 3108 T
526 3075 537 3119 ΙΙ
574 3074 705 3109 uuleos
732 3073 813 3108 FT
835 3074 847 3120 11
884 3078 930 3109 24
955 3085 978 3109 a
1002 3087 1051 3110 uu
1070 3075 1215 3111 catibus
1241 3076 1354 3120 ylinis
1380 3076 1421 3111 F
1456 3078 1504 3112 ab
1530 3078 1652 3113 illiriis
1683 3078 1716 3112 T
1746 3080 1792 3121 cf.

84 3121 277 3165 Hauptius
301 3131 359 3165 op.
387 3121 438 3155 111
460 3132 498 3167 p.
527 3126 614 3164 331,
649 3122 714 3166 qui
739 3122 881 3166 Hylleis
904 3133 973 3166 pro
999 3122 1146 3167 Hylinie
1172 3125 1377 3168 proposuit.
1415 3125 1428 3169 ΙΙ
1465 3125 1630 3168 exclytas
1657 3125 1696 3159 F
1732 3137 1792 3159 ex·

84 3168 196 3203 cithis
226 3167 259 3202 Τ
287 3169 299 3214 ΙΙ
330 3171 417 3204 sunt
442 3180 636 3205 amazones
666 3169 698 3203 Τ
726 3170 739 3215 ΙΙ
770 3179 972 3214 amagones
999 3169 1040 3205 F
1063 3171 1076 3216 ΙΙ
1107 3174 1151 3206 ‘25
1183 3171 1404 3216 religionem
1430 3171 1471 3206 F
1503 3173 1515 3218 ΙΙ
1552 3171 1727 3207 illiricum
1755 3172 1796 3207 F

82 3224 233 3296 ylliriou
264 3250 297 3286 T
317 3253 329 3297 ΙΙ
360 3255 404 3287 26
432 3251 562 3287 dicunt
586 3263 652 3288 om.
674 3251 715 3287 F
735 3253 748 3298 ΙΙ
779 3256 824 3288 27
850 3253 1059 3298 pontesilea
1086 3253 1134 3297 F,
1160 3265 1251 3290 corr.
1278 3253 1482 3290 Masoicius

1961 1451 1985 1459 l

1988 1438 2024 1451 s
