2124 3600
315 312 399 341 VIII
486 337 491 341 ,
594 234 611 348 i
1020 294 1308 331 PRAEFATIO.

619 360 625 385 1

315 412 400 461 γῆν
438 389 696 462 δέρκεσῧὴιι,
740 405 823 448 hoc
862 406 928 446 est
966 419 987 446 e
1024 404 1261 459 longinquo
1299 402 1523 445 Schoellius
1558 403 1571 458 11
1599 417 1644 457 p.
1677 402 1776 459 545,
1809 404 1864 445 16
1907 403 2022 445 haud

318 478 434 520 aliud
480 477 593 519 enim
637 463 796 519 homan
831 475 1059 529 famulae,
1085 490 1214 530 quam
1253 473 1421 515 servilis
1461 474 1719 530 significatio
1758 473 2021 516 condicionis

315 550 422 591 idem
452 547 466 603 ΙΙ
494 563 539 602 p.
571 548 670 603 553,
706 549 756 590 17
798 561 899 589 sane
938 561 1046 602 quae
1079 546 1322 588 saevierunt
1354 560 1450 587 cum
1483 545 1587 587 duce
1620 544 1887 587 Amazonum
1919 545 2024 586 dicit

317 620 437 662 velut
468 619 758 662 Amazonidas
790 620 894 661 idem
930 618 943 673 ΙΙ
973 632 1017 672 p.
1050 617 1147 672 557,
1182 617 1236 659 15
1277 632 1379 659 sane
1412 613 1567 673 equum
1600 632 1650 659 ex
1681 616 1821 659 vicino
1852 616 2022 658 intelle-

318 692 461 748 gimus
494 691 531 733 ei
564 705 656 732 esse
688 690 910 733 Schoellius
946 690 959 744 Η
994 704 1038 743 p.
1071 689 1170 743 565,
1202 689 1229 730 2
1267 689 1489 743 vatillum,
1526 689 1634 742 quod
1662 687 1793 731 ASR
1829 687 2024 742 exhibent,

317 776 456 805 verum
486 776 568 805 esse
598 762 758 804 monuit
786 762 892 803 idem
916 761 929 815 l}
949 775 989 814 p.
1016 760 1114 815 566,
1141 760 1198 802 20
1229 774 1278 802 ex
1302 761 1479 802 eiusdem
1511 760 1739 802 coniectura
1769 759 2024 801 scribendum

317 837 376 876 est
403 836 453 875 ut
478 833 586 874 nihil
617 833 734 874 aliud
769 832 956 874 moriens
990 845 1116 886 quam
1150 830 1202 873 de
1233 845 1279 872 re
1311 831 1482 886 publica
1514 831 1674 873 tuenda
1700 832 1743 872 et
1768 830 1881 871 bello
1908 844 2026 871 man—

318 904 441 946 daret
464 903 478 958 ΙΙ
500 918 545 958 p.
566 904 664 957 567,
695 903 747 945 18
776 903 957 945 mulcari
984 902 1098 943 enim
1125 901 1296 957 proprie
1324 902 1374 944 de
1400 902 1649 944 verberibus
1676 901 1854 944 dicimus
1883 902 1990 943 idem
2015 898 2026 957 Η
2115 945 2118 947 ,

310 990 354 1031 p.
386 976 493 1031 567,
527 976 584 1017 24
629 974 814 1030 Scythas
853 977 995 1016 autem
1032 974 1139 1015 idem
1175 972 1188 1027 ΙΙ
1223 987 1269 1027 p.
1301 973 1406 1028 568,
1441 974 1495 1015 14
1541 973 1714 1029 quidam
1754 973 2025 1015 Dercennum

321 1061 467 1103 regem
495 1046 783 1101 Aboriginum
809 1046 997 1100 tradunt,
1030 1045 1106 1087 alii
1131 1044 1212 1087 hoc
1238 1059 1395 1086 nomen
1423 1045 1570 1087 fictum
1597 1045 1752 1099 putant
1775 1045 1893 1099 idem,
1921 1044 2029 1097 quod

316 1133 457 1162 verum
494 1131 576 1160 esse
606 1118 751 1160 iudico.
815 1118 862 1159 iu
898 1118 1035 1159 adnot.
1073 1117 1131 1158 ad
1159 1115 1196 1158 h.
1225 1116 1249 1158 l.
1313 1116 1393 1170 leye
1429 1115 1644 1158 Dercenni
1676 1119 1713 1157 et
1742 1126 1982 1157 DERGENNI
2016 1111 2027 1171 Η

312 1205 356 1245 p.
389 1190 494 1244 570,
527 1191 552 1232 9
593 1189 704 1231 sicut
745 1189 790 1230 in
830 1187 1037 1231 Sallustio
1075 1188 1276 1244 legimus]
1319 1188 1367 1230 de
1403 1188 1494 1242 Iuy.
1527 1188 1602 1243 45,
1635 1187 1662 1229 2
1700 1186 1889 1230 Servium
1925 1187 2027 1240 6091Β

319 1265 423 1304 tasse
465 1264 502 1303 et
537 1260 732 1303 Danielis
776 1261 1049 1302 eouieeturam
1100 1260 1259 1301 circum
1304 1259 1428 1314 signa
1472 1259 1560 1301 sint
1599 1258 1856 1312 probandam
1899 1257 2029 1300 videri

318 1333 478 1375 ‘monuit
518 1333 625 1375 idem
660 1332 674 1386 ss
713 1346 753 1386 p.
787 1331 890 1387 570,
925 1331 978 1374 19
1023 1345 1073 1374 ecc
1115 1331 1292 1374 eiusdem
1334 1331 1563 1373 coniectura
1605 1330 1797 1372 notanda
1841 1328 2027 1371 elocutio

317 1404 572 1447 scribendum
602 1403 760 1445 videtur
795 1402 809 1458 ΙΙ
837 1417 880 1457 p.
913 1402 1012 1457 572,
1045 1403 1100 1445 26
1134 1404 1182 1444 ut
1213 1401 1331 1444 velut
1363 1402 1506 1443 fumus
1540 1402 1597 1443 sit
1626 1402 1744 1443 idem.

385 1463 393 1475 “
440 1476 530 1518 Lib.
557 1474 641 1516 XII
665 1489 709 1529 p.
736 1473 841 1529 574,
883 1475 933 1516 17
975 1476 1049 1516 aut
1086 1473 1278 1516 fabulam
1314 1487 1394 1527 pro
1438 1475 1486 1514 ut
1531 1473 1713 1515 similem
1753 1471 1975 1514 Schoenus
2017 1467 2029 1527 Η

313 1562 357 1601 p.
390 1548 488 1602 574,
525 1547 577 1589 19
619 1546 791 1601 quidam
831 1544 946 1587 ‘ille'
987 1559 1164 1600 prorsus
1204 1544 1463 1601 superfluum
1501 1545 1606 1587 idem
1643 1544 1656 1599 ΙΙ
1684 1559 1729 1598 p.
1762 1544 1860 1599 577,
1893 1544 1945 1585 17
1981 1545 2030 1584 ut

323 1621 423 1674 post
452 1618 663 1660 inferatur
692 1618 800 1660 idem
823 1617 837 1672 ΙΙ
858 1631 902 1671 p.
931 1617 1030 1672 597,
1057 1617 1084 1659 3
1117 1631 1219 1658 sane
1251 1617 1373 1658 iuxta
1398 1615 1578 1659 Homeri
1610 1616 1753 1658 locum
1778 1614 1928 1656 foedus
1959 1613 2029 1655 hic

320 1691 346 1733 i.
373 1690 400 1731 f.
438 1691 544 1732 idem
586 1689 600 1745 ΙΙ
634 1704 677 1743 p.
712 1690 810 1745 611,
845 1688 899 1731 15
937 1687 1141 1731 Serviaua
1177 1702 1280 1742 quae
1315 1691 1413 1730 suut
1448 1702 1549 1729 nam
1587 1687 1631 1728 in
1668 1686 1899 1728 herbarum
1938 1719 1945 1727 .
1978 1719 1986 1728 .
2021 1718 2029 1726 .

325 1761 649 1816 comparatione
685 1763 783 1815 post
823 1775 910 1803 non
952 1760 999 1801 in
1035 1760 1203 1802 ratione
1242 1761 1515 1802 constantem
1555 1759 1788 1801 collocanda
1831 1758 2028 1799 videntur.

323 1833 546 1876 Schoellius
570 1846 655 1875 11011
673 1836 798 1887 putat
815 1832 880 1874 vis
902 1834 970 1874 est
990 1846 1098 1887 quae
1120 1831 1306 1886 δύναμις
1333 1831 1488 1873 dicitur
1511 1830 1630 1872 verba
1655 1843 1698 1872 eo
1725 1830 1817 1880 loco,
1843 1842 1960 1882 quem
1985 1829 2031 1869 iu

321 1905 583 1948 Floriaeeusi
613 1904 770 1956 habeut,
801 1904 997 1945 movenda
1021 1916 1102 1945 esse
1125 1903 1138 1957 ΙΙ
1163 1917 1204 1956 p.
1233 1902 1330 1953 612,
1351 1902 1376 1943 9
1404 1902 1708 1944 Floriaeeusem
1734 1903 1892 1943 secutus
1918 1899 2031 1955 quod

322 1977 490 2019 forvum
516 1977 734 2027 edideram,
765 1978 812 2017 ut
835 1990 900 2027 ap.
926 1974 1036 2017 Serv.
1064 1975 1121 2016 acl
1143 1974 1247 2016 Aere.
1268 1972 1378 2015 VIII
1398 1973 1496 2015 453.
1545 1976 1713 2026 utroque
1738 1972 1819 2014 loeo
1845 1971 2030 2012 formum

322 2048 575 2090 scribendum
606 2061 688 2090 6336
717 2047 853 2089 docuit
882 2046 1107 2089 Seboellius
1137 2046 1244 2088 eorl.
1277 2044 1385 2087 Fest.
1418 2044 1540 2087 Paul.
1563 2059 1609 2098 p.
1639 2043 1707 2097 84,
1733 2043 1760 2084 3
1791 2046 1829 2084 et
1858 2043 1927 2097 91,
1954 2042 2030 2096 13;

327 2119 498 2161 Placido
529 2134 572 2173 p.
602 2119 675 2173 43,
711 2119 764 2161 15
801 2118 991 2169 Deuerl.;
1035 2118 1153 2161 schol.
1194 2118 1336 2161 Veron.
1374 2117 1432 2159 ad
1460 2117 1562 2158 Aeu.
1601 2114 1661 2157 IV
1699 2114 1802 2170 1493
1844 2113 2030 2167 Philary.

324 2192 380 2233 ad
405 2205 534 2245 96619.
567 2190 630 2233 IV
662 2190 764 2245 1753
795 2189 905 2232 Dou.
937 2191 994 2232 ad
1025 2190 1114 2231 Ter.
1147 2188 1315 2231 Phorm.
1342 2188 1362 2229 I
1388 2188 1427 2243 2,
1453 2187 1507 2228 57
1518 2204 1527 2241 3
1567 2184 1747 2228 Cassiod.
1780 2185 1827 2227 de
1858 2184 2031 2238 ortboyr.

317 2276 362 2316 p.
397 2262 493 2317 161,
525 2262 551 2303 2
583 2262 639 2303 K.
671 2261 685 2317 ΙΙ
712 2276 757 2316 p.
786 2262 884 2316 614,
920 2262 944 2303 8
982 2263 1126 2316 potest
1159 2259 1378 2301 subaudiri
1411 2260 1453 2300 et
1485 2260 1583 2299 ante
1617 2256 1753 2299 earte'
1787 2253 2032 2305 ‘humana',

317 2347 362 2387 p.
396 2334 494 2388 614,
531 2334 583 2375 12
629 2349 683 2375 an
723 2334 823 2388 quia
861 2334 968 2375 idem
1004 2332 1017 2387 ΙΙ
1045 2346 1089 2385 p.
1122 2330 1220 2385 615,
1254 2330 1307 2372 16
1347 2328 1644 2372 Commeliuum
1680 2328 1793 2382 sequi
1823 2327 2031 2369 debebam:

325 2405 484 2447 videtur
513 2406 622 2447 euim
653 2407 888 2460 tempestas
926 2418 974 2446 ex
998 2404 1146 2446 scholio
1179 2403 1235 2445 ad
1269 2416 1303 2443 v.
1335 2400 1419 2443 451
1452 2413 1670 2454 perperam
1701 2399 1880 2441 inlatum
1909 2411 1991 2440 esse
2020 2394 2032 2453 Η

317 2490 362 2529 p.
396 2475 498 2529 625,
533 2476 586 2518 19
625 2476 726 2518 licet
765 2475 963 2519 Catullus
1008 2474 1164 2517 dixerit
1208 2472 1433 2525 feminino]
1479 2470 1668 2514 Servium
1709 2484 1793 2512 11011
1830 2468 1918 2512 Cat.
1950 2468 1972 2510 I
2004 2468 2030 2510 2

328 2545 472 2604 ‘arida
500 2547 685 2601 pumiee'
731 2548 868 2602 leyisse
909 2548 979 2590 secl
1014 2545 1141 2587 XXII
1174 2545 1200 2587 6
1245 2543 1416 2598 epumice
1458 2541 1655 2596 aequata'
1700 2541 1808 2583 male
1848 2540 2034 2582 iuuxisse

326 2619 560 2672 suspicatur
584 2619 807 2662 Schoellius
830 2619 843 2675 ΙΙ
866 2634 909 2673 p.
931 2620 1030 2675 627,
1058 2618 1113 2660 15
1142 2618 1317 2670 fortasse
1345 2615 1619 2669 desperantes
1643 2613 1658 2668 ss
1685 2627 1730 2667 p.
1751 2612 1850 2666 628,
1873 2612 1926 2654 10
1950 2624 2033 2664 sqq.

329 2689 418 2732 sive
457 2690 569 2732 bona
614 2692 701 2732 sint
745 2692 834 2733 sive
873 2691 999 2733 mala.
1061 2699 1264 2731 DIVERSA
1303 2697 1490 2728 CLAMOR
1528 2685 1770 2740 hypallage.
1831 2683 2033 2737 intellege

330 2760 544 2802 ‘diversus
584 2761 766 2804 clamor'
805 2762 1030 2805 Schoellius
1065 2761 1078 2816 ΙΙ
1111 2775 1156 2815 p.
1189 2759 1288 2813 631,
1323 2757 1376 2799 13
1421 2757 1529 2810 quocl
1556 2756 1756 2813 proposui
1793 2755 1854 2796 ita
1883 2752 2035 2808 probat

329 2831 570 2883 Schoellius,
613 2836 660 2874 ut
701 2834 903 2875 scribatur
945 2835 1090 2888 partes
1136 2829 1377 2874 cohortium
1422 2842 1499 2882 pro
1545 2842 1671 2882 opere
1715 2826 1949 2867 instructae
1990 2826 2034 2865 et

331 2902 539 2945 stationes
584 2903 750 2946 locatae
794 2921 871 2960 pro
917 2905 1072 2947 castris
1114 2903 1128 2958 ΙΙ
1161 2917 1204 2956 p.
1238 2901 1342 2955 631,
1377 2900 1428 2941 18
1479 2898 1583 2940 milii
1624 2898 1670 2939 111
1714 2899 1883 2938 mentem
1925 2895 2035 2937 veuit

332 2972 607 3030 στρέψασκον
646 2972 722 3030 (Il.
755 2975 905 3018 XVIII
942 2973 1048 3031 546)
1087 2975 1100 3029 ΙΙ
1130 2988 1171 3028 p.
1204 2973 1302 3024 632,
1337 2972 1388 3014 11
1435 2969 1697 3021 abundabat]
1737 2968 1787 3021 ef.
1824 2966 1942 3009 schol.
1979 2967 2037 3023 ad

331 3046 437 3090 Aeu.
469 3044 512 3086 II
543 3045 628 3087 609
659 3045 672 3099 ΙΙ
700 3060 745 3099 p.
778 3047 876 3101 633,
911 3048 965 3089 10
1003 3046 1208 3101 quoniam
1238 3045 1394 3086 servato
1424 3042 1484 3083 sio
1513 3040 1767 3083 scribendum
1796 3051 1877 3080 esse
1907 3039 2036 3078 censet

287 3105 290 3107 v
332 3117 556 3161 Seboellius
587 3118 630 3157 et
662 3117 836 3171 quidam
863 3117 1015 3172 ‘lapsa'
1041 3118 1209 3168 notant,
1241 3114 1444 3170 quoniam
1468 3127 1555 3154 non
1585 3125 1615 3153 6.
1640 3124 1674 3164 q.
1700 3111 1730 3152 s'.
1755 3108 1769 3164 ΙΙ
1784 3123 1829 3164 p.
1855 3108 1952 3162 633,
1977 3108 2031 3148 21

329 3186 562 3244 Ἀμάζονος
601 3188 774 3241 emempli
810 3202 935 3230 eausa
964 3188 1183 3242 proposuit
1223 3187 1347 3241 idem,
1387 3184 1551 3226 omuino
1590 3181 1816 3236 yeuetivum
1855 3179 2035 3220 nominis

333 3261 547 3303 cuiusdam
565 3259 856 3302 restituendum
875 3263 1042 3312 putaris.
1085 3258 1189 3301 mihi
1212 3259 1259 3300 iu
1283 3259 1453 3299 mentem
1477 3255 1588 3296 vemt
1604 3254 1842 3309 συρίζουσα
1867 3247 1965 3305 μαλ’
1992 3249 2035 3300 ἐς
