2092 3614
262 650 284 681 <7¹

240 1009 283 1040 10

311 248 398 290 438
1086 249 1248 286 SERVII

310 358 525 413 ticipium:
565 373 667 399 nam
707 357 899 399 ‘iubeor'
938 373 1027 400 non
1065 359 1263 413 dicimus,
1305 358 1416 399 unde
1455 360 1598 413 potest
1635 360 1779 402 venire
1818 360 2014 403 ‘iussus'.

312 430 373 471 sic
417 443 520 483 ergo
564 429 634 471 hic
677 428 952 484 participium
996 429 1238 485 usurpavit,
1283 432 1331 471 ut
1374 429 1582 472 Horatius
1627 431 1823 486 verbum,
1871 432 2016 474 dicens

310 501 435 542 haec
461 514 553 556 ego
585 515 863 555 procurare
888 503 937 541 et
961 501 1177 542 idoneus
1204 501 1427 556 imperor
1453 503 1502 543 et
1526 515 1625 543 non
1657 501 1868 544 invitus.
1913 517 2014 558 ergo

311 572 419 614 satis
451 572 630 614 licenter
660 572 823 614 dictum
855 574 938 627 est,
971 572 1076 614 adeo
1103 575 1150 614 ut
1179 572 1279 613 huic
1310 572 1405 614 loco
1434 572 1600 615 Probus
1634 572 1721 625 [hic
1747 575 2015 628 corruptum]

309 643 484 699 alogum
518 644 781 699 adposuerit.

427 715 528 757 445.
579 727 675 757 TVM
713 715 877 757 deinde.

427 786 528 829 446.
577 804 727 830 STVPET
756 804 802 830 IN
832 804 959 830 wmvo
989 788 1037 829 id
1063 790 1122 829 est
1150 787 1197 829 in
1230 786 1420 829 Turnum
1450 787 1623 829 intuens.

427 858 527 900 447.
579 876 699 901 omm
729 873 833 912 quae
863 858 1034 900 omnia?
1065 873 1123 900 an
1153 859 1262 900 eirea
1297 858 1432 900 Turni
1462 872 1584 900 arma
1614 862 1652 900 et
1680 860 1855 912 corpus?

427 930 526 972 448.
576 941 783 972 TYRANNI
815 930 929 986 regis
961 930 1146 985 superbi.

427 1000 528 1042 449.
577 1013 670 1043 Avr
696 1012 872 1044 sponns
899 1012 994 1044 EGO
1019 1013 1102 1043 IAM
1128 1012 1291 1043 RAPr1s
1317 1012 1570 1044 LAVDABOR
1597 1012 1753 1044 0P1M1s
1777 1013 1868 1044 Av'r
1888 1014 2014 1048 mero

307 1082 486 1114 INSIGNI
525 1072 730 1114 dilemma
762 1075 1085 1129 argumentum,
1123 1072 1236 1128 quod
1270 1075 1336 1115 est
1367 1073 1421 1114 ab
1453 1075 1635 1128 utraque
1667 1075 1789 1127 parte
1821 1074 2015 1116 firmissi-

308 1158 425 1185 mum
464 1146 508 1186 et
548 1144 767 1186 concludit
808 1145 1113 1186 adversarium.
1236 1155 1414 1187 SPOLIIS
1453 1155 1609 1186 OPIMIS
1649 1158 1757 1199 quae
1796 1145 1881 1187 dux
1920 1146 2014 1188 duci

309 1214 516 1270 detrahit,
549 1217 598 1257 ut
628 1215 814 1259 diximus
848 1231 978 1271 supra
1010 1214 1101 1269 <VI
1133 1215 1267 1271 855>,
1301 1218 1402 1257 sunt
1434 1216 1573 1270 spolia
1604 1216 1758 1270 opima.

424 1286 525 1328 450.
575 1304 689 1330 sorem
716 1304 840 1330 PATER
870 1304 1026 1335 AEQVVS
1060 1305 1171 1335 VTRJQ
1180 1305 1227 1330 VE
1255 1305 1329 1330 EST
1360 1286 1503 1330 ‘sorti'
1534 1301 1614 1341 pro
1647 1286 1802 1330 ‘casui'
1839 1291 1878 1330 et
1914 1287 2014 1341 ‘for-

306 1356 462 1400 tunae'.
583 1375 738 1406 Arovvs
766 1358 839 1401 hoc
869 1362 927 1401 est
955 1373 1082 1413 aequo
1112 1359 1252 1401 animo
1281 1359 1400 1412 feret,
1431 1360 1469 1401 si
1499 1359 1693 1401 cecidero:
1724 1360 1823 1413 quia
1854 1360 2016 1403 dixerat

307 1429 474 1472 Turnus
507 1429 705 1484 ‘cuperem
736 1431 822 1484 ipse
844 1444 1001 1484 parens
1030 1433 1230 1484 spectator
1259 1429 1445 1472 adesset'.

420 1501 521 1543 452.
570 1513 794 1544 chmvs
827 1513 1089 1544 ARCADIBvs
1118 1513 1227 1544 corr
1254 1514 1305 1543 IN
1330 1513 1627 1544 PRAECORDIA
1661 1513 1857 1544 SANGVIS
1890 1517 2011 1557 prae-

302 1573 426 1629 sagio
459 1574 615 1615 mortis
647 1573 833 1615 futurae.

419 1644 519 1687 453.
570 1662 693 1688 prees
718 1662 899 1688 APPARAT
927 1645 1010 1687 uer*
1023 1658 1073 1687 ne
1101 1644 1289 1687 videatur
1311 1658 1480 1699 puynae
1509 1637 1728 1699 iniquitate
1756 1645 1907 1688 vicisse.

398 1802 419 1832 2
446 1797 637 1843 Horatius]
666 1809 722 1842 ep.
749 1797 765 1832 I
791 1801 823 1843 5,
851 1802 895 1832 21

445 1953 533 1976 nam
558 1940 718 1977 iubeor.
770 1939 860 1976 .hic
885 1940 1126 1986 participium
1152 1951 1218 1976 om.
1234 1940 1268 1974 L
1276 1941 1321 1975 H
1336 1941 1433 1985 (add.
1456 1941 1481 1986 l)
1500 1942 1513 1986 ΙΙ
1537 1941 1674 1988 iussus]
1701 1942 1871 1995 quamvis
1895 1941 2011 1977 inter-

309 1990 395 2024 dum
429 1989 481 2024 sic
512 1989 675 2032 dicatur,
707 1970 750 2023 ut
781 1988 950 2024 Lucanus
976 1989 1042 2033 (ΙΙΙ
1070 1989 1151 2033 146)
1187 1987 1307 2024 ‘cuius
1339 1988 1543 2024 servaveris
1575 1988 1746 2023 umbram
1772 1988 1804 2024 si
1829 1988 2011 2034 quidquid

301 2037 453 2072 iubeare
474 2036 566 2072 velis
586 2016 675 2072 addi
688 2035 890 2072 Fabricius
908 2037 920 2082 ΙΙ
940 2040 960 2071 2
981 2036 1033 2071 sic
1053 2047 1120 2071 om.
1135 2035 1172 2070 R
1189 2037 1202 2080 ΙΙ
1221 2036 1291 2071 hoc
1310 2034 1552 2082 participium
1570 2036 1607 2071 R
1626 2037 1637 2083 ΙΙ
1657 2036 1781 2072 dicens
1801 2047 1868 2072 om.
1883 2037 1960 2071 RL
1969 2037 2012 2071 Η

302 2085 402 2129 (add.
418 2085 444 2128 l)
463 2086 476 2129 11
495 2089 516 2120 3
537 2095 628 2129 ergo
649 2084 737 2119 libri
754 2085 766 2130 ΙΙ
785 2082 951 2119 icloneus
971 2083 1018 2126 L,
1045 2087 1087 2119 ut
1104 2084 1260 2126 videtur,
1278 2082 1432 2119 idoneos
1455 2085 1504 2118 M
1510 2085 1522 2119 l
1540 2085 1552 2131 ΙΙ
1570 2083 1719 2130 inperor
1738 2084 1782 2119 H
1797 2085 1809 2130 ΙΙ
1827 2089 1850 2119 4
1869 2083 2011 2119 dictum

301 2132 374 2178 est]
404 2132 569 2167 dicemus
595 2132 630 2166 L
656 2134 761 2176 (corr.
789 2133 815 2177 l)
853 2130 975 2167 dicem
1001 2131 1045 2166 H
1059 2132 1071 2177 ΙΙ
1096 2130 1184 2166 huic
1210 2131 1346 2167 Masi:
1372 2131 1434 2166 hic
1458 2131 1670 2167 ASRLH
1683 2133 1695 2178 ΙΙ
1721 2132 1858 2177 probus
1884 2143 1906 2167 a
1931 2132 2010 2167 lon-

302 2191 389 2225 gam
414 2179 583 2225 posuerit
601 2179 677 2214 AS
712 2179 851 2224 probus
876 2179 924 2214 ad
950 2179 1103 2223 longam
1129 2178 1298 2224 posuerit
1315 2178 1448 2214 RLH
1481 2180 1619 2224 probus
1645 2179 1705 2215 hic
1730 2180 1945 2224 corruptum
1964 2191 2008 2215 .a.

301 2227 454 2273 longam
485 2226 653 2272 posuerit
679 2227 736 2262 M.
775 2227 869 2262 adeo
900 2227 944 2260 ut
973 2227 1061 2261 huic
1093 2227 1176 2264 loco
1203 2225 1346 2261 Probus
1378 2226 1439 2261 hic
1471 2229 1683 2272 correptum
1709 2227 1742 2262 A
1767 2226 1921 2272 longum
1945 2237 2010 2272 po-

301 2274 419 2310 suerit
449 2274 676 2320 Stephanus,
710 2274 804 2310 adeo
835 2275 878 2309 ut
908 2273 1050 2309 Probus
1081 2273 1169 2309 huic
1200 2274 1283 2309 loco
1316 2276 1490 2319 corrupto
1523 2273 1675 2320 alogum
1707 2273 1921 2319 apposuerit
1956 2274 2011 2309 vel

301 2323 371 2357 hoc
402 2322 485 2358 loco
517 2323 692 2368 corrupto
723 2322 875 2367 alogum
908 2321 1076 2367 posuerit
1098 2322 1360 2365 Burmannus,
1390 2325 1433 2357 ut
1465 2322 1534 2356 hoe
1567 2322 1651 2357 loco
1683 2320 1828 2356 Probus
1858 2322 1901 2356 ut
1931 2332 2009 2357 eor-

300 2371 411 2415 rupto
445 2370 602 2427 alogum³
627 2368 796 2415 posuerit
821 2369 995 2414 Steupius
1025 2370 1068 2404 de
1093 2369 1225 2404 Probis
1245 2380 1284 2414 p.
1311 2372 1375 2413 85,
1412 2370 1455 2403 ut
1478 2368 1620 2404 Probus
1651 2369 1750 2404 hunc
1781 2369 1906 2404 locum
1932 2380 2009 2404 cor-

300 2418 451 2462 ruptum
484 2418 551 2452 aut
580 2414 832 2462 ἄκυρολογίαν
861 2417 1030 2462 posuerit
1062 2416 1350 2461 Wollenberyius
1381 2417 1424 2451 de
1451 2416 1573 2451 Probo
1594 2427 1632 2461 p.
1662 2420 1718 2451 11.
1756 2417 1802 2460 ef.
1827 2416 2010 2462 Berykius

300 2475 420 2509 opusc.
441 2466 570 2510 philol.
597 2465 613 2499 I
634 2476 674 2509 p.
701 2467 788 2509 591,
818 2463 1040 2500 Ribbeekius
1058 2465 1156 2509 prol.
1177 2475 1216 2508 p.
1247 2467 1324 2498 151.
1369 2464 1429 2499 hic
1455 2464 1669 2509 corruptum
1694 2475 1776 2499 cum
1800 2475 1898 2499 unus
1924 2465 2009 2500 Mo-

300 2513 467 2547 nacensis
491 2512 622 2546 habeat
645 2512 746 2547 haud
770 2512 845 2547 scio
870 2523 921 2547 an
945 2522 1023 2547 eam
1047 2512 1270 2556 scripturam
1294 2511 1427 2546 rectius
1452 2511 1555 2546 dicas
1573 2512 1660 2547 inde
1682 2515 1799 2547 ortam
1818 2522 1889 2547 esse
1912 2512 2010 2557 quod

300 2560 350 2594 ad
381 2571 404 2594 a
429 2559 582 2604 longam
614 2559 750 2604 aliquis
780 2559 1015 2603 adscripserit
1046 2558 1118 2593 hoc
1150 2559 1381 2603 corruptum,
1417 2562 1459 2593 ut
1485 2558 1604 2594 Servii
1628 2560 1703 2594 sint
1735 2559 1829 2594 adeo
1855 2561 1898 2594 ut
1922 2559 2008 2594 huic

301 2607 383 2641 loco
409 2607 478 2650 (vel
502 2606 574 2641 hoc
598 2606 695 2650 loco)
721 2605 864 2641 Probus
890 2605 1043 2651 alogum
1069 2605 1285 2650 adposuerit
1311 2607 1379 2651 (vel
1403 2606 1594 2652 posuerit).
1633 2607 1729 2662 quod
1753 2607 1787 2641 si
1811 2618 1933 2642 verum
1958 2610 2009 2642 est

303 2654 448 2690 Probus
473 2654 619 2699 aloyum
637 2654 804 2698 posuisse
826 2654 1018 2698 putandus
1043 2656 1094 2688 est
1118 2654 1214 2698 quod
1234 2656 1380 2699 poetam
1404 2655 1567 2689 mendose
1583 2655 1788 2699 scripsisse,
1813 2665 1889 2689 non
1913 2654 2009 2699 quod

301 2702 410 2737 verba
435 2705 609 2746 corrupta
633 2711 706 2736 esse
729 2701 957 2736 iudicaverit.
997 2701 1043 2744 cf.
1066 2701 1159 2737 Isid.
1181 2711 1231 2736 or.
1252 2701 1269 2735 I
1288 2704 1347 2745 20,
1366 2705 1411 2736 27
1440 2701 1584 2747 ‘alogus
1607 2705 1696 2737 nota
1720 2713 1811 2747 quae
1837 2702 1886 2736 ad
1909 2712 2006 2736 men-

300 2750 368 2784 das
393 2748 614 2785 adhibetuff’.
650 2747 711 2783 hic
736 2745 874 2793 ἄλογον
899 2747 1042 2784 Probus
1067 2748 1235 2793 posuerit
1258 2748 1306 2784 F.
1328 2729 1537 2784 Schoellius.
1573 2752 1725 2784 ceterum
1741 2749 2007 2784 Maximiliano

300 2797 446 2832 Bonnet
476 2797 541 2852 qui
565 2795 779 2831 Parisinum
805 2798 915 2839 7530,
948 2807 995 2831 ex
1024 2807 1094 2841 quo
1126 2797 1404 2832 commentarius
1434 2797 1477 2832 de
1502 2798 1598 2832 notis
1629 2797 1747 2832 editus
1777 2800 1845 2839 est,
1877 2797 2007 2831 iterum

300 2844 470 2888 eontulit,
501 2844 544 2878 in
574 2854 613 2879 eo
643 2844 763 2879 codice
794 2855 818 2878 a
836 2843 964 2888 prima
994 2854 1108 2879 manu
1139 2845 1296 2889 alongus
1326 2844 1502 2889 scriptum
1534 2855 1622 2887 esse,
1653 2844 1784 2888 alogus
1815 2843 2007 2878 correctori

300 2892 421 2927 deberi
444 2892 562 2926 visu-m
586 2893 647 2926 est.
673 2892 686 2935 ΙΙ
718 2894 738 2926 7
764 2891 814 2926 ad
838 2902 967 2926 srvrsr
992 2903 1016 2926 1.
1044 2906 1075 2926 T.
1102 2902 1130 2929 s.
1156 2902 1187 2927 v.
1215 2892 1364 2927 intuens
1388 2893 1538 2926 turnum
1566 2891 1600 2925 Τ
1622 2892 1634 2937 ΙΙ
1663 2894 1684 2925 8
1711 2891 1762 2926 ad
1786 2901 1894 2925 omns
1918 2901 1946 2925 s.
1972 2901 2005 2925 v.

301 2939 339 2974 et
358 2949 463 2974 arma
481 2941 519 2974 et
538 2949 671 2982 corpus
694 2938 728 2972 T
749 2939 762 2984 ΙΙ
788 2941 830 2973 11
851 2937 1097 2973 dilemnatum
1117 2940 1379 2984 argumentum
1398 2938 1472 2974 AS
1503 2938 1642 2974 delima
1660 2939 1920 2983 argumentum
1939 2938 2007 2972 Ml

302 2987 563 3032 argumentum
598 2985 859 3021 dilemmatam
883 2985 931 3021 F.
970 2984 1158 3021 Dilemma
1189 2988 1227 3022 et
1257 2988 1315 3021 est
1340 2987 1516 3022 cornutus
1542 2985 1781 3039 syllogismus
1808 2995 2005 3030 argumen-

299 3035 382 3069 tum
407 3033 623 3079 Stephanus.
674 3034 720 3077 cf.
749 3033 847 3069 Serv.
874 3034 924 3068 ad
948 3033 1038 3069 Aen.
1066 3034 1100 3068 ΙΙ
1127 3037 1194 3069 675
1231 3035 1244 3078 n
1281 3033 1416 3079 quod.
1468 3060 1476 3068 .
1503 3031 1772 3085 adversarium]
1809 3032 1910 3077 quod
1941 3033 2005 3067 ad-

301 3081 508 3117 uersarium
526 3081 573 3116 ab
593 3082 750 3125 utraque
768 3081 876 3126 parte
895 3080 1087 3115 concludit
1104 3081 1145 3115 F
1159 3082 1172 3126 ΙΙ
1194 3085 1236 3116 13
1256 3092 1367 3125 supra
1385 3091 1451 3117 om.
1466 3079 1507 3114 F
1521 3080 1534 3124 ΙΙ
1553 3079 1672 3125 spolia
1692 3078 1818 3124 opima
1837 3080 1925 3114 sunt
1938 3079 1979 3114 F

304 3133 347 3164 14
379 3130 429 3164 ad
454 3141 554 3164 son⁷r1
580 3139 607 3164 s.
632 3140 664 3164 v.
692 3128 901 3164 condicioni
933 3128 1035 3163 casui
1067 3128 1256 3173 fortunae,
1289 3130 1338 3163 ad
1362 3139 1497 3168 Anovvs
1522 3138 1550 3162 s.
1576 3138 1607 3162 v.
1634 3137 1752 3172 aequo
1778 3128 1902 3162 animo
1931 3127 1965 3161 Τ

301 3177 354 3222 et]
374 3188 426 3211 an
444 3176 506 3212 vel
518 3180 535 3211 ‘1²
554 3177 566 3222 ΙΙ
587 3178 630 3210 15
644 3176 732 3211 ferit
745 3176 785 3210 F
805 3175 902 3211 feret
921 3176 959 3210 et
977 3175 1007 3210 si
1024 3175 1069 3210 F.
1086 3176 1285 3211 Schoellius
1303 3178 1315 3221 ΙΙ
1334 3175 1502 3210 occidero
1516 3174 1656 3209 Daniel
1673 3175 1686 3219 ΙΙ
1704 3173 1806 3220 quia]
1828 3185 1922 3219 quae
1937 3173 1977 3209 F

303 3229 346 3259 16
367 3224 565 3270 spectabor
583 3223 625 3259 F
638 3224 651 3269 ΙΙ
681 3227 723 3258 19
743 3224 794 3259 ad
811 3235 919 3258 rems
938 3235 972 3259 A.
991 3235 1015 3258 1.
1042 3234 1069 3258 s.
1089 3234 1120 3258 v.
1141 3235 1188 3258 ne
1213 3223 1402 3258 uideretur
1425 3232 1545 3266 aequa
1569 3233 1643 3257 non
1668 3221 1801 3257 uicisse
1826 3233 1952 3268 pugna
