2092 3614
239 1030 281 1061 10

237 1387 280 1419 15

236 1746 281 1777 20

236 2104 281 2136 25

309 266 396 308 382
1082 269 1243 305 SERVII

309 378 452 418 castra-
488 375 689 419 Troiana.
748 392 831 420 non
871 380 979 421 nulli
1014 393 1113 422 sanc
1144 379 1478 423 ‘Dardanidum'
1507 396 1590 435 pro
1628 381 2013 426 ‘Dardanidarum'

307 448 520 503 adserunt,
550 452 598 490 ut
626 450 681 491 sit
706 451 914 504 ,qenctivus
939 451 1099 505 generis
1130 452 1353 494 masculini
1382 453 1508 506 specie
1535 454 1751 506 feminina.

427 519 466 561 5.
515 532 855 565 BIPATENTIBVS
893 522 1072 578 physice
1110 523 1236 565 dixit:
1274 538 1375 565 nam
1407 525 1572 566 caelum
1603 527 1724 580 patet
1755 526 1809 568 ab
1842 529 1940 569 ortu
1971 530 2015 570 et

310 605 477 632 occasu.
529 595 596 634 est
621 595 765 635 autem
793 609 933 636 sermo
959 594 1202 649 Ennianus,
1233 597 1397 636 tractus
1430 595 1484 637 ab
1512 596 1655 652 ostiis,
1687 613 1796 652 quae
1822 613 1874 639 ex
1898 600 2013 640 utra-

308 676 389 717 que
426 665 550 717 parte
587 665 854 720 aperiuntur:
897 666 1006 707 unde
1039 668 1082 707 et
1115 666 1242 707 modo
1277 665 1616 720 ‘bipatentibus'
1651 669 1810 722 apertis
1847 669 2013 712 intelle-

307 734 461 790 gimus,
581 738 882 790 BJPATENTIBVS]
914 738 1023 791 quod
1052 738 1304 779 intrantibus
1334 740 1373 779 ct
1401 738 1636 781 coecuntibus
1658 742 1841 792 pateant.

427 807 465 848 6.
516 819 807 850 CAELICOLAE
835 820 987 851 MAGNI
1014 809 1222 852 orationis
1248 809 1374 851 istius
1407 810 1591 852 intentio
1623 810 1705 853 hoc
1739 811 1848 866 agit,
1879 813 1928 853 ut
1959 813 2013 854 ab

308 876 417 918 odiis
445 877 729 921 Troianorum
761 879 869 922 Iuno
902 883 1138 924 revocetur.
1243 892 1455 932 QVIANAM
1487 896 1578 937 cur,
1609 896 1757 935 quare:
1789 881 2013 926 Ennianus

308 963 450 991 sermo
483 952 550 991 est
579 952 817 1004 quianam
851 953 1064 1007 leyioncs
1094 953 1342 994 caedimus
1370 953 1537 1005 ferra·

429 1021 464 1063 7.
514 1034 662 1065 VERSA
696 1035 848 1065 RETRO
890 1015 1071 1078 mutata,
1110 1027 1157 1064 ut
1188 1023 1236 1074 <I
1268 1023 1382 1077 237>
1414 1023 1541 1078 quae
1579 1018 1627 1066 te
1664 1026 1869 1080 genitor
1906 1041 2014 1069 sen-

306 1092 474 1134 tentia
519 1094 707 1135 vertit?
768 1094 938 1147 quidam
981 1093 1119 1136 ‘versa
1158 1093 1285 1135 rctro'
1330 1092 1583 1148 intellcyunt,
1626 1097 1734 1148 quod
1774 1110 1919 1139 rursus
1961 1099 2018 1141 ad

306 1164 534 1206 discordias
563 1165 750 1207 videntur
774 1166 935 1208 redisse.
985 1166 1063 1207 alii
1088 1164 1220 1207 ‘versa
1244 1164 1367 1207 retro’
1391 1179 1472 1219 pro
1500 1165 1720 1209 ‘inversum
1745 1167 1866 1220 acta',
1895 1170 2016 1222 quasi

305 1249 410 1288 quae
431 1237 557 1290 prius
581 1240 734 1279 rectum
759 1238 836 1279 iter
858 1237 1068 1293 perycbat,
1101 1237 1298 1279 derivata.
1393 1247 1621 1280 CERTATIS
1649 1241 1724 1280 aut
1751 1242 1899 1282 contra
1929 1255 2015 1297 VOS,

307 1309 384 1349 aut
415 1310 565 1350 contra
596 1323 736 1350 meam
769 1309 1043 1351 sententiam.

427 1380 464 1422 8.
514 1391 768 1422 ABNVERAM
795 1393 947 1423 BELLo
974 1392 1169 1423 ITALIAM
1196 1392 1504 1423 CONCVRRERE
1533 1393 1727 1424 'rnvcms
1760 1382 1802 1424 id
1829 1385 1894 1424 est
1919 1399 2015 1438 pro-

306 1450 531 1492 hibueram
570 1451 744 1494 Italiam
783 1454 934 1495 contra
972 1452 1183 1494 Troianos
1227 1443 1606 1508 bella'suscipere.
1669 1453 1789 1509 atqui
1828 1454 1936 1496 dixit
1972 1455 2015 1497 in

305 1522 446 1577 primo
474 1522 619 1577 <263>
647 1523 837 1566 bellum
869 1524 1050 1580 ingens
1084 1526 1230 1580 geret
1261 1524 1431 1566 Italia.
1477 1524 1591 1579 quod
1617 1525 1680 1567 ita
1705 1525 1907 1568 solvitur:
1942 1530 2016 1569 aut

307 1594 409 1649 quia
449 1608 547 1636 cum
584 1609 669 1637 uno
708 1595 785 1637 deo
825 1596 891 1638 vel
932 1596 1012 1638 dea
1050 1596 1175 1650 aliter
1215 1596 1405 1651 loquitur
1444 1621 1498 1626 —
1539 1596 1650 1638 unde
1690 1598 1755 1639 est
1791 1597 1835 1639 in
1873 1598 2013 1652 primo

307 1665 450 1720 (261)
469 1665 552 1707 hic
578 1666 695 1722 tibi,
721 1657 871 1709 tabor
896 1662 1046 1723 0111111,
1067 1667 1267 1723 quando
1293 1667 1418 1710 haec
1443 1670 1492 1709 te
1519 1682 1640 1710 cura
1666 1667 1925 1710 remordet
1951 1694 2014 1725 ——,

308 1737 434 1792 011101·
464 1752 566 1780 vero
599 1753 696 1780 cum
728 1739 928 1781 omnibus
967 1739 1048 1782 diis
1087 1739 1292 1782 utilitatis
1331 1754 1460 1781 causa
1497 1741 1677 1795 propter
1713 1740 2015 1782 removendam

308 1824 456 1851 eorum
495 1811 818 1853 contentionem
850 1814 894 1853 et
926 1811 1255 1853 dissensionem:
1294 1813 1369 1853 aut
1406 1813 1518 1852 certe
1557 1811 1659 1866 quia
1696 1810 1757 1852 ait
1794 1811 1838 1852 in
1875 1812 2015 1866 primo

307 1881 452 1936 <266>
485 1884 735 1937 ternaque
774 1883 1086 1924 transierint
1118 1882 1325 1924 Rutulis
1364 1881 1583 1924 hiberna
1622 1882 1868 1924 subactis.
1928 1883 2016 1926 illic

308 1952 422 1994 enim
449 1952 558 1995 dixit
578 1953 757 1996 Aenean
783 1954 828 1996 in
853 1953 984 1996 Italia
1009 1956 1158 1996 contra
1182 1953 1367 1996 Rutulos
1393 1955 1564 1995 tantum
1592 1968 1684 1996 esse
1710 1956 2015 2011 pugnaturum,

306 2038 420 2066 nunc
458 2026 602 2066 autem
642 2026 780 2067 omnis
820 2027 885 2067 est
921 2024 1051 2067 Italia
1088 2026 1134 2067 in
1173 2025 1287 2067 bella
1325 2027 1542 2067 commota
1579 2024 1756 2067 Iunonis
1794 2025 2016 2081 instinctu,

309 2095 420 2150 quod
452 2099 496 2138 et
516 2095 686 2139 Allecto
712 2096 931 2152 promisit,
963 2099 1012 2138 ut
1038 2095 1152 2151 <VII
1173 2096 1288 2151 549>
1314 2095 1572 2138 finitimas
1603 2096 1654 2138 in
1685 2096 1824 2138 bella
1856 2096 2014 2139 feram

307 2167 600 2209 rumoribus
638 2168 809 2222 urbes,
848 2170 891 2210 et
922 2167 1030 2210 Iuno
1068 2167 1263 2223 pollicita
1302 2170 1368 2210 est
1406 2182 1450 2209 se
1489 2167 1629 2223 magis
1667 2182 1759 2210 esse
1790 2167 2015 2223 facturam,

308 2240 357 2280 ut
394 2238 507 2293 <VII
540 2239 656 2294 559>
696 2253 807 2295 ego,
853 2239 1002 2294 siqua
1047 2254 1198 2294 super
1238 2239 1450 2281 fortuna
1488 2238 1721 2280 laborum
1764 2242 1859 2294 051,
1902 2239 2016 2294 ipsa

308 2324 493 2366 regam.
537 2309 804 2353 ‘abnueram’
830 2314 967 2353 autem
991 2311 1316 2366 prohibueram,
1343 2313 1391 2352 ut
1415 2312 1565 2352 contra
1591 2309 1772 2351 ‘adnuit’
1799 2310 2016 2364 promittit

402 2432 426 2462 4
451 2439 571 2464 sermo
597 2428 802 2474 Ennianus]
830 2439 913 2463 ann.
940 2440 973 2463 v.
995 2431 1039 2463 62
1066 2427 1175 2463 Vahl.
1195 2429 1248 2472 {18
1275 2427 1463 2462 Ennianus
1490 2427 1628 2472 sermo]
1655 2437 1739 2462 ann.
1760 2440 1793 2463 v.
1818 2431 1884 2462 130
1904 2427 2013 2463 Vahl.

404 2541 424 2571 2
446 2535 588 2581 species
608 2535 749 2570 femina
767 2535 802 2569 G
820 2536 832 2579 ΙΙ
851 2539 871 2569 3
894 2546 980 2569 nam
1000 2534 1145 2569 caelum
1165 2534 1211 2569 ab
1232 2534 1313 2569 orto
1333 2535 1371 2569 et
1389 2533 1437 2569 ob
1458 2545 1592 2569 occasu
1611 2535 1718 2579 patet
1738 2533 1778 2567 F
1793 2534 1805 2579 ΙΙ
1828 2537 1851 2568 4
1871 2533 2012 2580 0010111]

308 2583 408 2618 enim
433 2583 468 2618 L
487 2584 499 2630 ΙΙ
518 2582 650 2618 11051115
674 2582 762 2617 libri
780 2582 792 2628 ΙΙ
812 2586 832 2617 6
859 2583 908 2617 ad
934 2593 1183 2617 mpAraN'rmvs
1208 2593 1234 2617 s.
1255 2593 1288 2616 v.
1314 2582 1454 2626 apertis
1479 2581 1579 2625 quod
1605 2580 1832 2616 intrantibus
1857 2582 2014 2626 pateant

313 2631 346 2665 Τ
361 2633 374 2674 ΙΙ
392 2632 543 2676 patrant
567 2630 608 2665 F
624 2631 636 2676 ΙΙ
655 2633 676 2664 8
702 2641 860 2670 0111151111
886 2629 937 2664 R:
964 2640 1106 2669 ovinum
1126 2629 1199 2663 AS
1215 2649 1223 2657 ι
1236 2640 1404 2669 avarum
1424 2628 1511 2663 LH
1517 2629 1566 2663 M
1572 2629 1619 2664 F.
1659 2630 1704 2672 cf.
1726 2628 1825 2664 Serv.
1853 2629 1903 2663 ad
1922 2628 2014 2665 Aen.

309 2679 340 2713 V
369 2683 412 2714 13
438 2680 450 2726 ΙΙ
482 2679 531 2714 ad
555 2689 715 2718 QVIANAM
739 2688 766 2713 s.
792 2688 824 2712 v.
852 2688 917 2711 cur
942 2688 1058 2721 quare
1087 2676 1120 2711 T
1139 2678 1151 2722 n
1183 2680 1203 2711 9
1230 2676 1351 2711 sermo
1378 2676 1556 2711 ennianus
1583 2676 1632 2719 F,
1657 2677 1714 2711 est
1738 2676 1902 2711 omittens
1927 2677 1941 2720 ΙΙ
1971 2680 2013 2711 12

308 2726 474 2762 reddisse
503 2725 542 2761 F
570 2727 582 2772 ΙΙ
611 2726 661 2761 ad
686 2736 717 2760 v.
746 2728 764 2759 ‘1
791 2725 833 2759 in
857 2735 971 2770 mary.
997 2724 1148 2768 quidam
1182 2735 1291 2759 uersa
1319 2723 1545 2769 intellegunt
1572 2723 1691 2766 {Qsa
1716 2724 1796 2766 (sic)
1822 2722 1929 2767 quasi
1953 2722 2014 2757 de-

309 2774 415 2809 uiata
442 2785 536 2818 quae
562 2775 649 2808 ante
673 2772 777 2807 recto
802 2771 935 2806 itinere
961 2772 1142 2816 pergebat
1169 2772 1202 2805 T
1227 2773 1240 2817 ΙΙ
1270 2771 1333 2806 0111
1358 2771 1408 2815 F,
1433 2782 1524 2807 corr.
1551 2771 1690 2807 Daniel
1719 2771 1732 2816 ΙΙ
1762 2774 1807 2805 13
1832 2771 1938 2805 schol.
1965 2770 2015 2805 ad

310 2834 479 2856 carmus
504 2832 571 2856 om.
591 2820 632 2855 F
647 2821 660 2866 ΙΙ
681 2822 724 2855 15
749 2831 938 2855 ABNVEBAM
963 2832 995 2855 B.
1022 2833 1045 2854 1.
1068 2831 1096 2854 0.
1118 2832 1147 2853 T.
1175 2819 1439 2864 prohibueram
1466 2847 1474 2854 .
1496 2847 1504 2855 .
1529 2848 1533 2854 .
1561 2818 1758 2863 suscipere.
1803 2828 1877 2862 quo
1902 2817 2013 2852 modo

310 2869 512 2904 abnueram
539 2880 622 2903 cum
648 2870 728 2913 ipse
753 2865 793 2902 in
816 2867 936 2912 primo
963 2866 1100 2901 dixerit
1123 2866 1265 2901 bellum
1292 2895 1299 2901 .
1321 2888 1329 2901 -.
1350 2895 1358 2902 .
1384 2865 1503 2902 italia.
1542 2865 1608 2901 sed
1633 2865 1832 2901 secundum
1853 2891 1861 2899 .
1883 2892 1890 2899 .
1913 2891 1920 2898 .
1941 2864 2013 2899 dis-

310 2916 527 2951 sensionem.
567 2917 635 2950 aut
659 2914 748 2960 quia
771 2914 826 2950 ait
846 2944 853 2950 .
876 2942 884 2949 .
905 2942 912 2947 .
935 2914 1099 2949 subactis
1124 2926 1222 2949 nunc
1247 2916 1371 2949 autem
1394 2941 1401 2949 .
1418 2941 1423 2949 .
1441 2941 1449 2949 .
1469 2912 1678 2948 rumoribus
1703 2911 1823 2946 urbes.
1863 2912 1902 2946 et
1925 2911 2014 2947 iuno

310 2963 406 2998 dixit
436 2974 475 2997 se
508 2963 625 3008 magis
658 2974 735 2998 esse
768 2963 952 2997 staturum
983 2962 1074 3005 (sic).
1125 2961 1326 2997 abnueram
1358 2962 1484 2996 autem
1518 2959 1780 3006 prohibueram
1810 2959 1854 2993 ut
1884 2960 2014 2994 contra

310 3022 435 3046 annuo
459 3010 638 3055 promitto
664 3009 834 3055 significa
859 3010 898 3044 et
922 3008 1115 3044 consentio
1135 3009 1175 3043 F
1191 3011 1203 3055 ΙΙ
1222 3010 1271 3044 ad
1294 3020 1326 3043 v.
1348 3012 1370 3043 8
1396 3009 1437 3043 in
1461 3018 1575 3052 mary.
1601 3005 1707 3051 atqui
1733 3017 1846 3051 supra
1869 3005 2015 3042 dixerat

310 3058 452 3094 bellum
476 3057 607 3102 ingens
634 3060 740 3100 geret
762 3056 880 3092 italia.
931 3055 996 3091 sed
1022 3056 1222 3091 secundum
1256 3055 1445 3101 sapientes
1477 3055 1552 3089 0110
1581 3054 1639 3088 051
1663 3053 1815 3088 deorum
1840 3052 2014 3089 uoluntas

311 3105 389 3140 alia
412 3104 482 3140 fati
505 3105 721 3140 necessitas.
770 3106 810 3139 et
832 3103 927 3138 illud
952 3103 1091 3138 bellurn
1117 3103 1207 3138 feris
1233 3105 1272 3139 01
1295 3101 1488 3138 indomitis
1514 3101 1688 3146 gentibus
1713 3100 1907 3135 illaturum
1933 3112 2013 3136 esse

311 3163 467 3188 aeneam
490 3152 783 3197 praenuntiabat
806 3151 868 3187 hic
893 3152 1019 3186 autem
1050 3151 1147 3185 hanc
1178 3151 1291 3186 fuisse
1323 3147 1608 3194 dispositionem
1640 3147 1733 3182 dicit
1758 3159 1803 3183 ne
1828 3148 1912 3183 itali
1936 3150 2013 3183 tro-

310 3200 406 3235 ianis
432 3199 510 3235 uim
535 3199 626 3235 belli
650 3198 838 3235 inferrent.
862 3199 895 3233 T
918 3198 972 3243 (et
995 3197 1091 3232 illud
1116 3198 1256 3233 bellum
1281 3224 1288 3232 .
1311 3226 1318 3234 .
1340 3225 1349 3232 .
1373 3196 1553 3231 inferrent
1579 3195 1719 3231 Tiberii
1736 3195 1880 3231 Donati
1897 3198 1984 3231 sunt
2002 3195 2012 3241 Η

313 3251 360 3283 20
384 3258 472 3283 vero
497 3258 563 3283 om.
590 3246 626 3282 R
645 3248 657 3294 ΙΙ
688 3250 732 3282 23
758 3247 797 3282 111
822 3245 970 3281 11011010
995 3244 1085 3280 RH
1099 3246 1110 3291 ΙΙ
1141 3249 1187 3280 24
1211 3245 1250 3280 111
1274 3245 1414 3280 bellum
1439 3243 1476 3279 R
1500 3244 1513 3290 ΙΙ
1540 3247 1585 3278 26
1610 3243 1775 3277 futuram
1799 3242 1873 3278 AS
