2092 3614
257 1010 300 1041 10

254 1366 298 1397 15

253 1722 299 1753 20

329 249 417 291 240
810 294 814 297 ,
1103 251 1263 289 SERVII

328 373 478 401 eversa
516 359 712 415 civitate,
748 360 971 403 interemit
1006 359 1222 416 Eurytum
1260 363 1303 403 et
1333 360 1454 403 Iolen
1492 362 1678 404 sustulit.
1811 381 1935 407 MILLE
1956 378 2038 418 pro

327 430 480 473 multis.

447 501 546 544 292.
594 514 737 544 Mlnnn
775 515 986 546 LABOREs
1025 515 1149 545 REGE
1189 515 1274 547 svn
1312 515 1589 548 EVRYSTHEO
1634 506 1754 547 cuius
1801 506 2038 561 asperrima

327 572 510 627 imperia
541 574 806 616 sustinuerat
835 574 1044 617 Hercules
1077 576 1300 617 voluntate
1333 575 1529 618 Iunonis:
1567 591 1667 618 nam
1706 577 1788 619 hoc
1826 579 1892 619 est
1923 577 2036 633 quod

326 643 432 685 dicit
452 642 569 686 ‘fatis
588 644 797 700 Iunonis',
821 645 865 687 id
885 648 951 687 est
977 647 1219 688 voluntate:
1245 647 1304 689 vel
1328 650 1429 688 certe
1447 649 1661 702 responsis,
1679 662 1784 701 quae
1802 647 2035 703 Eurystheo

326 715 373 757 in
403 715 623 758 Herculem
653 717 827 759 dederat.
876 720 915 759 et
943 718 1114 771 quidam
1145 718 1246 761 bono
1277 719 1459 772 auspicio
1493 718 1610 771 ‘fatis
1633 718 1825 761 Iunonis'
1851 720 2035 774 positum

324 787 482 841 volunt,
519 786 591 829 hoc
622 791 680 830 est
708 801 835 841 quam
865 788 990 830 etiam
1023 789 1200 831 Troiani
1226 803 1393 843 yravem
1423 791 1641 845 sustinent,
1674 793 1723 832 ut
1750 791 1815 832 clei
1845 791 2036 832 inventur

324 858 521 913 exemplo,
550 860 623 912 qui
654 859 814 901 tametsi
843 859 986 902 multis
1010 860 1097 903 eius
1127 861 1325 903 instinctu
1348 861 1597 904 subiacuerit
1626 862 1855 916 aerumnis,
1886 862 2037 904 virtute

325 932 461 971 tamen
491 930 549 972 acl
576 930 832 972 divinitatem
856 932 1098 984 pervenerit.

445 1001 544 1042 293.
594 1012 857 1044 NVBIGENAS
897 1002 946 1043 de
978 1002 1128 1044 Ixione
1167 1005 1210 1044 et
1241 1002 1366 1046 Nube
1405 1006 1655 1058 procreatos
1688 1002 1946 1054 Centauros,
1988 1005 2037 1045 ut

326 1072 522 1126 superius
555 1071 647 1126 <VI
679 1071 795 1126 286>
829 1071 1027 1115 diximus.
1083 1073 1297 1117 Pindarus
1327 1076 1530 1130 †opsum,
1571 1089 1662 1117 cum
1693 1089 1817 1142 equas
1841 1078 2035 1130 pasceret,

324 1143 539 1185 incestasse
569 1156 654 1198 eas,
685 1143 780 1185 inde
812 1141 1037 1186 Centauros
1067 1148 1188 1187 natos
1218 1146 1327 1189 dicit.

443 1214 542 1256 294.
590 1225 911 1265 HYLAEVMQVE
959 1227 1247 1267 PHOLVMQVE
1297 1215 1513 1272 Hylaeum
1565 1217 1756 1259 Theseus
1806 1216 2036 1271 interemit,

324 1284 487 1327 Pholus
526 1300 627 1328 vero
665 1285 898 1328 Herculem
936 1288 1126 1343 suscepit
1165 1288 1357 1342 hospitio
1401 1302 1449 1330 eo
1491 1291 1702 1343 tempore,
1747 1302 1830 1343 quo
1875 1288 1929 1329 ad
1967 1302 2036 1328 ex-

323 1357 580 1412 pugnandos
613 1355 855 1400 Centauros
893 1362 1008 1400 esset
1046 1358 1283 1414 profectus:
1330 1359 1530 1401 Lucanus
1570 1358 1661 1413 <VI
1694 1357 1809 1413 391>
1848 1358 2035 1413 hospes

325 1430 374 1470 et
405 1428 618 1471 Alcidae
651 1429 843 1485 magni,
874 1428 1047 1472 Phole.
1108 1431 1221 1472 unde
1254 1433 1433 1486 apparet
1464 1445 1540 1486 per
1570 1430 1784 1485 poeticam
1816 1429 2035 1471 licentiam

324 1500 502 1542 nomina
545 1515 638 1543 esse
681 1515 759 1556 pro
797 1502 1046 1544 nominibus
1084 1502 1240 1558 posita.
1301 1503 1379 1545 alii
1415 1502 1596 1544 Pholum
1635 1515 1719 1543 non
1758 1500 1973 1553 abhorrere
2010 1514 2036 1541 a

323 1585 419 1614 vera
460 1571 635 1614 historia
678 1572 859 1614 tradunt.
921 1572 1080 1615 Pholus
1116 1573 1225 1615 enim
1264 1574 1363 1615 dum
1403 1574 1583 1615 miratur
1621 1573 1794 1626 sayittas
1829 1572 2035 1623 Herculis,

324 1643 470 1696 quibus
506 1646 563 1686 tot
599 1641 823 1686 Centauros
859 1643 1131 1697 interfecerat,
1171 1641 1259 1686 und
1295 1658 1343 1687 ex
1378 1644 1465 1687 illis
1501 1645 1548 1686 in
1577 1644 1722 1697 pedem
1762 1643 1847 1685 cius
1878 1643 2034 1697 decidit,

325 1715 442 1757 cuius
466 1715 631 1757 vulnere
654 1715 803 1758 sanari
827 1728 911 1757 non
939 1716 1082 1768 potuit.
1181 1726 1347 1758 CRESIA
1372 1726 1554 1757 MAcrAs
1580 1725 1806 1757 momen
1837 1711 2033 1756 ‘maetas'

325 1785 432 1827 bene
465 1786 518 1827 ad
548 1787 736 1842 leonem,
768 1801 896 1841 quem
927 1787 1167 1842 interemit,
1207 1787 1409 1829 refertur:
1447 1801 1548 1828 nam
1581 1785 1827 1844 Cretensem
1860 1788 2032 1828 taurum

324 1871 412 1898 non
444 1858 670 1913 mactavit,
709 1857 784 1899 sed
814 1871 904 1899 cum
936 1871 1027 1900 eum
1058 1858 1318 1900 incolumem
1352 1858 1405 1900 ad
1435 1857 1733 1913 Eurystheum
1764 1856 2035 1912 perduxisset,

325 1928 395 1970 ille
425 1942 517 1971 eum
555 1929 647 1971 licet
681 1929 876 1982 flammas
912 1930 1112 1972 vomuisse
1148 1930 1280 1972 dictus
1316 1930 1387 1981 sit,
1427 1930 1598 1972 inlectus
1626 1928 1950 1983 pulchritudine,
1987 1928 2034 1970 in

324 1999 511 2042 Atticam
547 2000 750 2054 reqionem
786 1999 963 2053 reliquit.
1023 2001 1095 2053 qui
1132 2014 1224 2042 cum
1260 1999 1554 2051 Marathonem
1590 2003 1783 2055 vastaret,
1823 2014 1850 2042 a
1883 1999 2034 2041 Theseo

253 2079 299 2110 25
317 2074 462 2124 postea
502 2072 653 2114 occisus
693 2075 760 2114 est.
824 2086 908 2113 uno
949 2072 1097 2113 tamen
1139 2071 1270 2113 verbo
1311 2074 1541 2126 utrumque
1587 2086 1713 2126 saepe
1754 2070 2035 2124 concluditur,

325 2141 587 2196 aliquotiens
619 2156 706 2184 una
737 2156 857 2197 pars,
887 2143 937 2183 ut
969 2140 1082 2207 <XII
1114 2140 1231 2196 435>
1264 2141 1403 2184 disce
1434 2157 1558 2196 puer
1588 2142 1836 2185 virtutem
1868 2156 1926 2183 ex
1958 2155 2031 2182 me

324 2227 596 2268 verumque
634 2213 883 2268 laborem,
922 2211 1185 2255 fortunam
1224 2227 1279 2255 ex
1313 2212 1447 2255 aliis.
1507 2213 1586 2255 alii
1617 2211 1815 2254 ‘mactas'
1847 2213 1904 2254 aa
1933 2211 2031 2253 Cen-

325 2287 465 2326 tauros
494 2284 600 2326 sicut
629 2285 687 2326 acl
716 2284 867 2327 leonem
897 2283 1046 2337 referri
1075 2284 1226 2326 volunt.

419 2427 462 2459 18
489 2424 629 2459 Pholus
655 2423 755 2459 enim
781 2453 789 2460 .
815 2451 824 2458 .
853 2452 860 2459 .
887 2422 1027 2469 potuit]
1062 2422 1108 2458 cf.
1136 2434 1267 2459 comm.
1293 2423 1380 2459 Luc.
1407 2423 1458 2459 VI
1483 2427 1569 2468 391,
1603 2424 1707 2458 Luct.
1734 2422 1834 2458 Plac.
1861 2423 1909 2457 ad
1935 2422 2029 2459 Stat.

322 2471 798 2555 gghsstsstss'lg'hiebssllihlil.
821 2498 828 2507 .
851 2500 858 2507 .
887 2470 1028 2507 occisus
1055 2471 1125 2517 est]
1154 2471 1199 2507 cf.
1226 2472 1411 2517 mythogr.
1439 2470 1455 2505 I
1480 2475 1524 2506 47
1551 2472 1589 2506 et
1616 2472 1648 2505 ll
1677 2474 1761 2514 12Ο;
1798 2471 1902 2506 Luct.
1929 2471 2029 2505 Plac.

419 2652 437 2683 1
458 2648 558 2684 iolen
578 2648 632 2684 F:
653 2648 766 2684 iolem
785 2648 877 2684 ΑΒΖ
913 2648 1038 2685 ionem
1057 2650 1190 2694 reliqui
1208 2650 1220 2694 ΙΙ
1240 2653 1260 2684 3
1282 2648 1404 2695 cuius]
1427 2648 1538 2684 huius
1559 2649 1599 2684 F
1615 2650 1626 2696 ΙΙ
1647 2654 1666 2685 7
1686 2648 1861 2684 inventur
1878 2648 2027 2693 scripsi:

321 2697 497 2732 iubentur
516 2696 556 2731 F
572 2697 583 2742 ΙΙ
602 2699 623 2730 8
642 2697 720 2730 tam
742 2698 781 2731 et
806 2696 917 2731 simul
939 2696 980 2731 F
1014 2700 1092 2732 tam
1110 2697 1239 2732 multis
1257 2697 1395 2732 Daniel
1414 2698 1426 2743 ΙΙ
1445 2701 1465 2732 9
1492 2696 1752 2732 adiuinitatem
1771 2696 1811 2731 F
1827 2697 1838 2742 ΙΙ
1859 2699 1902 2730 10
1928 2706 2027 2730 crea-

321 2746 379 2779 tos
404 2744 441 2778 R
459 2745 471 2789 ΙΙ
493 2747 534 2777 11
561 2746 673 2788 supra
697 2743 770 2779 AS
786 2745 797 2789 ΙΙ
817 2744 964 2789 opsum]
991 2744 1118 2789 Ipsum
1143 2744 1291 2780 Daniel.
1320 2745 1402 2789 fort.
1430 2744 1611 2779 Pindarus
1637 2744 1874 2788 Centaurum,
1900 2743 2026 2778 Ixione

322 2794 362 2826 et
387 2791 484 2825 nube
510 2792 633 2825 ortum
659 2801 685 2825 e.
706 2802 739 2835 q.
759 2801 787 2825 s.
814 2793 859 2832 cf.
882 2791 995 2826 Pina.
1022 2791 1128 2836 Pyth.
1155 2791 1189 2825 ΙΙ
1210 2796 1253 2827 78
1266 2802 1340 2838 sqq.
1366 2796 1399 2827 et
1423 2792 1559 2827 scholia
1584 2793 1597 2837 ΙΙ
1621 2802 1735 2836 equos
1761 2791 1812 2834 F,
1836 2801 1926 2826 corr.
1946 2789 2026 2824 Da-

323 2838 397 2873 niel
416 2839 428 2884 ΙΙ
449 2841 492 2872 12
513 2838 622 2873 natus
642 2837 690 2880 F,
710 2848 802 2873 corr.
816 2836 956 2872 Daniel
974 2839 985 2884 ΙΙ
1007 2842 1050 2872 13
1075 2839 1282 2885 interemit]
1305 2838 1443 2875 occidit
1463 2839 1504 2874 F
1519 2840 1530 2885 ΙΙ
1551 2843 1595 2874 15
1617 2843 1673 2874 est
1690 2838 1878 2884 profectus
1897 2836 1998 2871 Lion
2015 2838 2026 2883 Ι]

322 2886 416 2930 hosp
419 2897 457 2920 es
484 2886 522 2919 et
546 2884 716 2920 alchidae
743 2886 781 2920 et
805 2884 951 2929 magnis
978 2885 1074 2920 folus
1094 2886 1134 2920 F
1150 2887 1162 2932 Η
1183 2890 1226 2922 16
1252 2886 1392 2922 alcides
1411 2886 1499 2921 LH
1514 2888 1525 2933 11
1547 2890 1587 2921 17
1616 2886 1784 2921 aborrere
1805 2884 1846 2919 F
1859 2884 1872 2929 ΙΙ
1889 2895 1912 2919 a
1938 2895 2026 2919 vera

321 2932 476 2969 Daniel:
503 2943 592 2967 uera
611 2932 651 2967 F
666 2933 679 2976 ΙΙ
700 2936 743 2967 18
762 2931 903 2967 Pholus
922 2932 1077 2967 Daniel.
1104 2933 1188 2977 plus
1209 2933 1250 2968 F
1264 2935 1277 2979 ΙΙ
1304 2938 1347 2969 19
1366 2934 1404 2969 in
1423 2934 1556 2979 pedem
1577 2933 1730 2968 Daniel.
1756 2932 1794 2967 in
1818 2932 1942 2976 palem
1958 2930 2017 2965 F
2015 2935 2025 2977 A

323 2985 366 3015 21
394 2979 504 3026 bene]
531 2990 619 3014 sane
645 2979 682 3015 R
700 2981 713 3025 ΙΙ
740 2990 827 3014 nam
853 2978 1066 3014 Cretensem
1094 3006 1101 3013 .
1123 3007 1129 3014 .
1152 3007 1160 3015 .
1186 2993 1262 3016 mss
1289 2993 1468 3017 aypnosvs
1495 2983 1539 3025 (v.
1567 2981 1650 3025 298)
1675 2990 1741 3015 om.
1768 2979 1812 3013 H
1825 2979 1838 3024 ΙΙ
1869 2982 1913 3013 22
1941 2989 2023 3013 cum

323 3039 407 3063 eum
433 3038 462 3062 e.
482 3039 512 3072 q
533 3026 578 3072 s.]
606 3027 663 3062 his
687 3027 940 3062 additionibus
965 3026 1184 3062 Servianum
1208 3029 1383 3063 scholium
1407 3029 1548 3063 moleste
1571 3026 1860 3071 interrumpitur.
1893 3026 2022 3069 fabula

320 3076 406 3120 ipsa
428 3075 650 3120 neyleyenter
674 3078 833 3110 narrata
857 3078 917 3110 est.
962 3074 1007 3117 cf.
1034 3074 1250 3119 mythoyr.1
1275 3079 1332 3119 47,
1359 3076 1392 3109 Π
1413 3076 1574 3120 1201123
1599 3074 1806 3110 uomuisset
1831 3073 1950 3109 dictos
1976 3073 2024 3108 sit

322 3123 480 3158 inlectos
505 3121 755 3167 pulcritudine
781 3121 830 3165 F,
855 3132 946 3157 corr.
973 3121 1112 3156 Daniel
1138 3122 1150 3167 ΙΙ
1187 3125 1232 3156 24
1257 3121 1418 3166 reliquid
1443 3122 1484 3158 F
1508 3123 1519 3168 ΙΙ
1555 3124 1600 3156 25
1627 3131 1737 3166 saepe
1764 3149 1771 3156 .
1793 3149 1801 3156 .
1824 3121 2022 3156 .1aborem

321 3181 387 3205 om.
407 3170 442 3204 L
469 3170 524 3215 (in
547 3170 909 3215 mary.aad.l)1127
935 3179 1137 3213 uerumque
1163 3179 1275 3214 saepe
1301 3169 1467 3204 laborem
1485 3169 1526 3203 F
1541 3170 1552 3215 ΙΙ
1571 3170 1621 3204 acl
1645 3180 1781 3203 meus
1806 3179 1906 3213 supr.
1933 3178 2020 3203 vers.

321 3218 475 3261 quidam
501 3216 549 3251 ad
576 3216 702 3251 omnia
728 3216 918 3262 superiora
943 3216 1108 3252 referunt
1134 3218 1274 3252 mactas
1303 3216 1336 3250 T
1361 3217 1373 3263 ΙΙ
1405 3216 1581 3252 centauro
1608 3215 1648 3251 F
