2092 3614
536 237 687 274 COMM.
713 238 766 274 IN
793 237 939 275 VERG.
965 237 1076 273 AEN.
1104 235 1138 271 X
1163 239 1364 272 421—444.
1724 232 1810 275 437

213 348 313 391 430.
365 359 500 391 GRAIS
539 359 797 390 INPERDITA
836 357 1050 390 CORPORA
1090 356 1264 387 'rsvom
1303 359 1411 400 quos
1443 342 1599 386 Graeci
1635 342 1814 398 perdere

95 420 395 476 nequiverunt.
458 419 647 462 Teucros
680 421 823 461 autem
864 418 1100 473 accipimus
1140 431 1247 471 quos
1287 431 1433 458 secum
1471 414 1594 457 duxit
1626 413 1816 468 Aeneas3

98 507 197 534 nam
233 491 295 534 ait
328 491 466 547 <VIII
498 491 615 546 547>
650 505 862 546 quorum
894 490 952 532 de
983 502 1192 531 numero
1225 488 1311 543 qui
1344 502 1454 530 sese
1485 488 1537 529 in
1568 486 1708 528 bella
1740 500 1817 527 se-

100 565 324 618 quantur
360 565 693 618 praestantes
731 562 929 605 virtute
966 560 1110 617 legit.
1174 559 1302 601 aliter
1339 573 1429 601 non
1464 557 1677 614 procedit.
1716 571 1816 598 nam

95 635 225 690 paulo
258 637 358 689 post
389 634 582 690 erupturi
617 638 718 676 sunt
749 634 822 689 qui
853 633 1106 675 obsidentur
1131 631 1176 672 in
1204 630 1369 711 castris.
1414 628 1652 684 inperclita’
1679 631 1816 670 autem

96 707 189 760 quis
220 710 315 749 ante
345 706 482 748 hune?

215 779 578 820 432.EXTREM1
605 787 887 818 ADDENSENT
915 786 1049 818 Acms
1076 773 1276 816 Lucanus
1304 771 1396 828 <IV
1421 772 1535 826 780>
1570 773 1816 827 quantum

98 849 222 904 pede
260 850 425 905 prima
463 849 632 891 relato
672 847 995 902 constringit
1033 861 1189 903 gyros
1228 845 1377 887 acies.
1435 843 1638 886 ‘denseo'
1673 846 1815 884 autem

99 920 310 963 secundae
342 919 662 977 coniugationis
697 922 774 961 est.
884 930 975 961 NEC
1009 929 1164 960 TVRBA
1194 928 1377 959 MOVERI
1410 927 1530 959 TELA
1563 926 1817 965 MANVSQVE

99 1002 222 1041 SINIT
255 991 453 1034 Lucanus
487 990 745 1045 <V11495>
778 990 1086 1046 gladiosque
1121 1003 1238 1031 suos
1272 1002 1554 1044 conpressa
1586 986 1818 1028 timebat.

97 1063 268 1117 quidam
305 1076 405 1106 sane
444 1061 649 1105 ‘turbam'
689 1061 994 1104 multitudinem
1037 1060 1266 1114 accipiunt;
1311 1073 1412 1102 nam
1446 1059 1612 1113 plurali
1648 1071 1818 1100 numero

99 1133 271 1177 ‘turbas'
297 1135 627 1188 perturbationes
654 1134 851 1176 dixerunt
874 1136 911 1175 et
934 1132 1149 1186 strepitus:
1180 1132 1289 1174 unde
1315 1135 1354 1174 et
1379 1131 1616 1173 Terentium
1648 1130 1820 1172 turbas

101 1207 362 1260 lampadas
396 1209 561 1261 propter
596 1206 812 1260 strepitum
850 1205 992 1248 volunt
1028 1204 1200 1259 dimisse,
1237 1218 1330 1246 eum
1363 1217 1517 1258 pareus
1557 1215 1678 1245 senex
1711 1199 1819 1256 (nec)

92 1291 342 1332 puerperam
366 1292 444 1332 per
465 1278 679 1332 publicum
703 1277 798 1320 duci
822 1278 996 1319 suadeat
1018 1290 1091 1318 nee
1115 1277 1330 1330 strepitum
1353 1289 1432 1329 per
1457 1274 1599 1317 turbas
1623 1273 1820 1316 adbiberi.

220 1350 320 1392 438.
370 1361 550 1393 MAIORE
576 1361 661 1392 SVB
689 1361 843 1392 IIOSTE
879 1349 958 1391 sub
992 1348 1252 1390 hostilitate:
1284 1362 1386 1389 nam
1419 1347 1498 1388 sub
1532 1345 1714 1388 diversis
1747 1345 1821 1387 ho-

101 1421 240 1462 stibus
273 1423 468 1475 pereunt.
1112 1414 1117 1415 ⁷

219 1493 317 1535 439.
369 1510 501 1536 ΜοΝΕΤ
528 1509 753 1536 SVGCEDERE
783 1509 830 1534 LA
841 1509 908 1535 rso
938 1491 1132 1546 esopo-sitio
1166 1490 1263 1533 talis
1293 1493 1374 1532 est:
1415 1490 1597 1532 monitus
1626 1503 1654 1531 a
1684 1502 1821 1531 sorore

100 1565 292 1606 continuo
323 1567 431 1606 secat
459 1578 625 1619 aymen,
655 1566 777 1617 atque
806 1566 854 1605 ut
882 1563 988 1606 vidit
1017 1564 1157 1606 socios.

219 1635 319 1678 442.
371 1635 494 1678 maoz}
517 1649 598 1690 pro
632 1634 752 1688 ‘ferri
781 1635 898 1677 debeo
907 1634 933 1690 ',
964 1635 1011 1677 icl
1038 1638 1098 1677 est
1126 1635 1187 1676 ire
1217 1633 1344 1677 debeo.

219 1707 320 1749 443.
371 1724 553 1750 GVPEREM
569 1722 656 1749 IPSE
673 1723 824 1750 PARENS
842 1723 980 1749 SPEGTA
988 1724 1056 1749 Τοκ
1076 1723 1251 1749 ADESSET
1265 1719 1407 1760 aspere
1426 1708 1463 1747 et
1481 1718 1624 1748 amare
1644 1705 1820 1747 dictum:

92 1779 234 1831 ,multa
276 1779 387 1821 enim
429 1779 545 1821 mala
583 1778 781 1833 yraviora
819 1779 1010 1820 videntur
1046 1779 1085 1820 si
1120 1781 1217 1820 ante
1254 1778 1389 1820 oeulos
1424 1781 1585 1819 nostros
1622 1778 1820 1830 eveniant,

101 1865 227 1905 quam
257 1851 295 1893 si
324 1850 566 1892 audiantur.
624 1850 703 1892 tale
734 1853 792 1892 est
821 1852 860 1891 et
889 1850 936 1891 in
965 1850 1139 1892 secundo
1172 1849 1318 1904 <538>
1352 1850 1399 1891 de
1432 1848 1567 1891 Polite
1596 1850 1682 1903 qui
1712 1850 1822 1891 nati

102 1936 265 1965 eoram
301 1936 370 1964 me
405 1935 601 1964 eernere
641 1921 791 1963 letum
828 1921 1023 1974 fecisti:
1067 1935 1151 1963 non
1188 1921 1297 1963 enim
1334 1920 1455 1963 obicit
1490 1920 1672 1975 Pyrrho,
1715 1922 1824 1974 quod

102 1995 305 2050 occiderit,
342 1994 443 2048 quia
479 1994 551 2036 boe
589 1994 655 2036 ius
686 1993 780 2035 belli
815 1993 1015 2048 exiyebat,
1053 1993 1124 2035 secl
1158 2006 1286 2047 quare
1322 1993 1478 2035 vidente
1506 1996 1652 2046 patre:
1690 1995 1729 2034 et
1757 1992 1822 2034 his

102 2067 279 2122 similia,
310 2070 358 2109 ut
388 2065 481 2122 <VI
501 2065 619 2120 308>
651 2065 957 2119 inpositique
987 2065 1122 2119 royis
1153 2064 1350 2106 iuvenes
1381 2067 1495 2106 ante
1526 2078 1612 2106 ora
1642 2077 1821 2118 paren·

104 2141 204 2180 tum
235 2141 274 2180 et
303 2137 416 2193 <XII
450 2137 566 2193 636>
598 2151 663 2179 an
691 2137 878 2190 fratris
908 2137 1085 2179 miseri
1123 2137 1270 2178 letum
1300 2139 1348 2179 ut
1377 2137 1572 2179 crudele
1601 2136 1821 2178 videres?

103 2212 142 2252 et
177 2208 299 2265 (XII.
325 2208 441 2263 638>
479 2210 583 2252 vidi
620 2209 784 2252 oeulos
821 2211 936 2251 ante
972 2209 1076 2262 ipse
1111 2221 1239 2250 meos
1275 2211 1313 2250 et
1343 2206 1456 2262 <XII
1489 2208 1605 2263 936>
1643 2209 1823 2251 victum

104 2281 297 2323 tendere
323 2281 521 2335 palmas
551 2281 771 2323 Ausonii
800 2281 975 2323 videre.

223 2353 324 2395 444.
374 2364 596 2403 AEQVORE
630 2364 762 2396 IVSSO
801 2367 878 2408 pro
912 2351 1019 2408 ‘ipsi
1051 2350 1195 2395 iussi'.
1257 2353 1300 2393 et
1331 2354 1398 2393 est
1429 2353 1685 2406 usurpatum
1723 2366 1821 2406 par-

205 2510 247 2541 12
275 2505 508 2552 Terentium]
536 2505 694 2552 Adelph.
721 2505 753 2540 V
781 2509 813 2550 7,
835 2509 854 2541 9
875 2507 887 2553 11
913 2509 958 2541 29
985 2516 1051 2552 pro
1077 2505 1150 2551 ipsi
1176 2503 1283 2551 iussi]
1313 2505 1358 2540 cf.
1385 2505 1549 2541 Macrob.
1578 2505 1654 2541 Sat.
1675 2505 1725 2541 VI
1747 2509 1780 2549 6,
1801 2509 1821 2540 3

205 2653 223 2683 1
251 2660 346 2694 quae
373 2648 413 2683 F
433 2649 446 2695 11
476 2653 497 2683 2
523 2650 672 2685 teucros
700 2660 788 2685 uero
814 2647 1043 2694 accipiamus
1070 2647 1111 2683 F
1135 2650 1146 2695 11
1178 2653 1199 2683 4
1226 2648 1337 2683 aliter
1361 2648 1435 2683 AS
1446 2649 1493 2683 M
1500 2662 1508 2683 ι
1535 2648 1628 2683 alias
1653 2649 1787 2694 reliqui
1811 2649 1822 2694 11

108 2701 129 2732 5
155 2697 279 2742 erupti
303 2696 381 2731 RL
406 2697 510 2742 (corr.
533 2697 559 2741 l)
579 2697 591 2743 11
611 2696 676 2742 qui
701 2696 921 2732 obsidentur
945 2707 1011 2732 om.
1034 2695 1075 2731 F
1090 2697 1102 2743 11
1129 2701 1148 2731 7
1174 2707 1384 2731 ΑυοιςΝεΛΝΤ
1410 2696 1497 2730 HF
1513 2697 1524 2742 11
1544 2700 1565 2731 8
1592 2696 1711 2741 primo
1739 2697 1788 2730 M
1811 2695 1823 2743 11

107 2745 229 2780 relatu
249 2744 285 2779 R
321 2743 462 2780 relecto
484 2744 523 2778 F
538 2745 551 2789 11
573 2747 616 2778 10
642 2744 874 2790 gaudiusque
894 2744 931 2778 R
939 2744 983 2778 H
997 2745 1009 2789 ΙΙ
1032 2748 1072 2778 11
1100 2744 1150 2779 ad
1174 2755 1205 2779 v.
1228 2747 1296 2779 432
1322 2744 1434 2779 turba
1460 2743 1711 2779 multitudinis
1738 2755 1822 2779 con-

109 2791 274 2837 stipatio.
309 2803 398 2827 nam
422 2791 562 2837 plurali
580 2803 733 2827 numero
756 2820 762 2827 .
779 2819 810 2828 ..
832 2791 1003 2827 adhiberi
1021 2792 1103 2828 hab.
1123 2791 1156 2826 Τ
1171 2793 1184 2836 11
1212 2795 1255 2826 13
1276 2802 1344 2827 nec
1365 2792 1450 2827 add.
1465 2791 1665 2827 Schoellius
1683 2793 1695 2836 11
1713 2802 1821 2836 puer—

107 2851 235 2885 peram
254 2839 516 2875 Burmannus:
542 2850 739 2884 perperam
760 2839 848 2874 libri
866 2839 879 2883 11
907 2842 950 2873 14
970 2838 1186 2875 dissuadeat
1204 2839 1447 2875 Burmannus
1465 2840 1477 2886 11
1504 2842 1547 2874 15
1567 2839 1734 2874 aduersis
1754 2838 1794 2874 F
1810 2839 1814 2885 1

108 2887 176 2922 bus
196 2888 254 2933 (de
272 2886 458 2932 hostibus)
478 2888 638 2932 pereunt
656 2897 720 2922 om.
737 2886 778 2921 F
792 2887 804 2933 11
837 2890 881 2921 17
908 2886 957 2922 ad
981 2898 1098 2922 Moser
1118 2899 1146 2921 s.
1168 2900 1198 2922 L.
1225 2898 1252 2922 s.
1272 2898 1304 2923 v.
1333 2886 1546 2932 expositio,
1588 2886 1739 2922 .soci0s
1762 2886 1814 2933 ΤΙ

110 2938 155 2971 18
181 2936 449 2980 agmentatque
475 2935 516 2970 F
549 2936 561 2979 11
600 2938 643 2969 19
670 2935 720 2969 ad
744 2946 858 2969 senon
882 2944 908 2968 3.
936 2944 967 2969 v.
993 2934 1083 2969 ferri
1113 2935 1232 2970 debeo
1265 2934 1304 2970 id
1339 2935 1396 2969 est
1426 2934 1480 2970 ire
1509 2934 1542 2968 T
1576 2936 1588 2980 11
1625 2935 1678 2969 ire
1704 2934 1821 2969 debeo

109 2983 257 3035 scripsi:
284 2983 443 3019 credebo
463 2981 504 3017 F
531 2981 660 3017 redibo
680 2982 820 3017 Daniel
837 2983 850 3026 11
869 2985 914 3016 20
935 2982 984 3017 ad
1002 2993 1035 3017 v.
1050 2985 1118 3017 443
1146 2982 1218 3018 hoc
1237 2993 1367 3026 aspere
1389 2982 1428 3017 et
1446 2982 1578 3018 acerbe
1598 2983 1655 3017 est
1679 2981 1822 3017 dictum

109 3028 198 3073 quia.
222 3030 341 3066 multo
367 3031 455 3066 sunt
486 3030 660 3075 grauiora
693 3030 794 3064 mala
824 3039 919 3073 quae
945 3030 1033 3065 ante
1060 3029 1185 3065 oculos
1210 3030 1356 3064 nostros
1382 3029 1561 3065 eueniunt
1586 3041 1699 3074 quam
1725 3039 1821 3074 quae

111 3077 319 3113 audiuntur.
364 3078 442 3113 tale
469 3079 527 3113 est
551 3079 590 3113 et
613 3077 653 3112 in
679 3077 841 3112 secundo
868 3103 875 3110 .
898 3103 906 3111 .
927 3104 935 3112 .
962 3075 1108 3112 ausonii
1132 3077 1261 3113 uidere
1288 3076 1321 3111 Τ
1345 3077 1358 3121 ΙΙ
1389 3080 1434 3112 22
1461 3077 1513 3122 et]
1540 3078 1582 3112 ut
1607 3077 1647 3111 F
1661 3078 1674 3121 11
1702 3076 1822 3121 polito

116 3124 148 3157 Τ
169 3125 183 3169 11
213 3128 258 3159 23
284 3125 416 3161 lictum
441 3125 481 3160 F
502 3127 515 3171 11
546 3124 686 3171 fecisti]
714 3124 845 3159 fecisse
872 3123 922 3167 F,
947 3134 1014 3159 om.
1044 3124 1104 3170 Τ11
1133 3124 1234 3170 pirro
1260 3123 1302 3159 F
1334 3123 1444 3167 pitho
1473 3124 1507 3159 Τ
1535 3125 1547 3170 11
1579 3127 1624 3158 24
1650 3124 1720 3158 hoc
1746 3123 1821 3169 ius]

112 3172 214 3206 ocius
234 3172 267 3207 G
285 3173 298 3216 ΙΙ
323 3176 367 3208 25
392 3173 493 3218 regis
513 3173 553 3208 F
580 3172 683 3218 rugis
708 3173 738 3206 T
755 3173 767 3218 11
794 3175 838 3206 26
864 3170 996 3207 misere
1018 3171 1059 3206 F
1086 3172 1243 3208 miserae
1269 3171 1302 3206 T
1315 3172 1328 3217 ΙΙ
1352 3173 1395 3206 ut
1420 3183 1486 3207 om.
1511 3172 1544 3206 Τ
1560 3172 1573 3216 11
1598 3170 1764 3206 uiderem
1786 3170 1826 3205 F

112 3218 238 3254 uidere
268 3219 302 3253 Τ
314 3221 327 3264 11
351 3224 397 3256 29
422 3221 526 3256 schol.
552 3221 601 3257 ad
626 3231 658 3256 v.
678 3223 750 3255 444
774 3231 841 3254 om.
864 3219 903 3253 F
918 3222 930 3264 11
954 3218 1029 3264 ipsi
1054 3218 1163 3266 iussi]
1190 3219 1308 3264 ipsius
1334 3219 1370 3254 R

1464 3279 1537 3330 2⁹*

1842 637 1862 668 27!

1847 997 1890 1028 10

1849 1356 1892 1387 15

1846 1715 1891 1747 20

1847 2074 1892 2106 25
