2092 3614
533 256 684 293 COMM.
712 257 765 292 IN
790 255 932 293 VERG.
959 255 1069 292 AEN.
1096 255 1131 291 X
1158 259 1356 292 102—113.
1709 253 1795 296 399

208 367 304 410 107.
355 378 478 417 QVAE
503 378 675 417 CVIQVE
695 377 782 409 Es'r
809 377 1027 409 FORTVNA
1051 376 1201 407 nomn
1229 364 1473 419 specialiter
1496 363 1693 420 Iuppiter
1717 378 1796 418 pro

87 439 287 482 Troianis
319 438 429 494 agit,
462 438 535 480 sed
566 439 647 481 hac
677 440 788 493 arte,
819 440 868 480 ut
893 437 1090 479 videatur
1116 438 1256 478 totum
1285 451 1363 491 pro
1390 436 1555 479 Iunone
1580 436 1711 493 loqui.
1753 439 1797 479 et

89 525 135 552 re
162 525 263 553 vera
288 510 421 552 verba
445 524 522 565 pro
548 509 713 552 Iunone
741 512 860 564 sunt,
886 509 960 551 sed
987 507 1117 550 altius
1143 507 1317 549 intuens
1344 507 1626 563 deprehendit
1650 507 1796 550 Troia-

88 596 242 624 norum
273 581 485 624 favorem:
515 596 618 623 nam
649 581 827 623 dicendo
861 580 986 622 ‘nulli
1015 578 1187 622 favebo'
1220 581 1264 620 et
1294 580 1340 621 in
1371 593 1422 622 eo
1456 581 1573 621 statu
1604 579 1696 621 fore
1727 594 1796 621 res

86 653 131 695 in
164 668 249 709 quo
281 656 384 695 sunt
413 653 560 708 hodie,
599 652 815 708 significat
846 666 891 694 se
922 651 1068 693 favere
1100 650 1319 703 Troianis,
1361 665 1542 706 quorum
1576 651 1694 693 ducis
1727 651 1797 693 ad-

88 727 219 767 ventu
252 725 399 767 statim
430 724 613 767 victoria
645 724 932 779 consequitur.
982 725 1025 765 et
1052 723 1148 765 vult
1177 722 1288 764 nihil
1319 722 1466 765 valere
1499 737 1549 764 ea
1581 737 1690 777 quae
1722 725 1798 764 aut

89 796 235 839 Venus
280 798 517 852 conquesta
559 796 702 837 fuerat
745 795 796 837 de
840 795 1038 838 absentia
1076 794 1265 847 Aeneae,
1310 796 1387 836 aut
1424 793 1532 836 Iuno
1571 794 1621 835 de
1660 794 1798 836 Turni

88 868 339 923 parentibus
377 867 563 923 dixerat,
600 867 646 909 in
684 867 775 909 eius
807 866 973 909 scilicet
1004 865 1436 909 commendationem.
1558 876 1704 908 SEOAT
1736 880 1798 907 se-

88 939 252 995 quitur,
292 942 432 995 tenet,
472 939 624 994 habet,
661 941 711 981 ut
749 938 842 993 <VI
874 937 990 993 899>
1030 938 1122 979 ille
1159 937 1293 980 viam
1338 939 1481 979 secat
1523 937 1582 978 ad
1625 952 1798 979 naves:

87 1010 199 1053 unde
237 1013 282 1053 et
318 1013 458 1054 sectas
491 1011 669 1054 dicimus
703 1010 880 1052 habitus
912 1010 1154 1052 animorum
1187 1011 1230 1050 et
1261 1008 1465 1051 instituta
1495 1008 1798 1064 philosophiae

88 1083 202 1125 circa
233 1083 520 1138 disciplinam.

210 1154 307 1197 108.
357 1166 480 1197 FVAT
506 1154 549 1196 id
569 1156 637 1196 est
656 1153 833 1196 ‘fuerit’t
859 1153 995 1196 futuri
1013 1153 1223 1209 temporis
1245 1154 1311 1195 est
1329 1147 1516 1194 verbum*
1530 1151 1799 1195 defectivum.

210 1227 306 1268 109.
357 1237 444 1269 snv
487 1237 622 1268 FATIS
667 1237 846 1268 ITALVM
891 1237 1071 1268 CAsTRA
1113 1235 1367 1268 osssmmNE
1413 1236 1665 1267 TENENTVR
1709 1224 1799 1266 sive

90 1297 242 1351 [malo]
275 1297 367 1340 fato
400 1297 612 1340 Italorum
645 1297 898 1340 obsidentur
929 1299 1071 1339 castra
1103 1297 1310 1352 Troiana,
1351 1297 1441 1339 sive
1474 1296 1653 1338 Troiani
1685 1296 1799 1338 malo

86 1383 228 1411 errore
260 1371 303 1410 et
334 1368 523 1412 sinistris
561 1369 740 1411 monitis
780 1369 834 1411 ad
865 1369 1041 1411 Italiam
1083 1370 1308 1423 venerunt,
1346 1368 1563 1410 neminem
1602 1368 1800 1410 absolvo:

22 1463 39 1499 ἡ
87 1440 201 1482 unde
239 1442 418 1496 propter
453 1440 766 1496 amphiboliam
798 1438 1016 1496 distingue
1050 1433 1243 1482 ‘Italum'
1276 1442 1320 1481 et
1350 1439 1463 1481 infer
1494 1438 1656 1482 ‘castra
1688 1439 1801 1481 obsi-

88 1511 216 1554 dione
240 1510 471 1567 tenentur',
497 1511 664 1554 scilicet
688 1512 990 1567 Troianorum3
1023 1512 1108 1567 ipsi
1135 1511 1250 1554 enim
1277 1511 1546 1566 obsidentur,
1572 1525 1659 1553 non
1686 1510 1801 1553 Itali.

208 1584 302 1626 110.
352 1601 428 1627 NEC
454 1600 631 1627 ernos
659 1584 733 1627 hoc
771 1587 810 1626 ct
842 1585 891 1626 de
924 1584 1121 1626 Troianis
1151 1584 1297 1637 accipe.
1419 1594 1571 1626 SOLVO
1605 1582 1801 1625 absolvo:

85 1670 186 1697 nam
217 1655 476 1710 aphaeresin
506 1656 687 1711 pertulit
717 1654 868 1698 ζ.ςοῑυο’.
971 1666 1166 1698 nonnus
1198 1658 1336 1697 autem
1367 1665 1592 1697 snwswms
1624 1656 1802 1709 propter

90 1726 206 1781 <68>
239 1725 564 1770 Cassandrae
595 1726 837 1783 inpulsus
868 1727 1039 1769 furiis
1729 1767 1734 1772 .

210 1798 303 1841 111.
354 1809 538 1842 EXORSA
569 1813 713 1841 rerum
744 1799 890 1850 initia,
922 1800 1044 1841 actus
1075 1798 1273 1840 hodierni
1298 1798 1400 1840 diei:
1430 1799 1477 1840 id
1499 1801 1559 1840 est
1581 1798 1802 1841 seeundum

87 1883 166 1912 sua
196 1872 333 1924 coepta
363 1870 523 1913 habebit
551 1873 744 1913 eventum.
781 1891 784 1894 ·
844 1881 1069 1913 LABOREM
1103 1881 1457 1920 FORTVNAMQVE
1488 1869 1726 1925 periculum
1760 1872 1803 1910 et

86 1941 351 1984 felicitatem.

211 2013 306 2056 113.
357 2024 478 2055 FATA
498 2025 613 2056 VIAM
634 2025 892 2056 INVENIENT
919 2013 1001 2055 scit
1026 2012 1142 2055 enim
1167 2013 1248 2055 hoc
1275 2027 1368 2055 esse
1393 2012 1539 2067 fatale,
1566 2015 1613 2054 ut
1635 2012 1802 2053 Aeneas

87 2085 271 2139 imperet
311 2084 354 2126 in
392 2083 535 2126 Italia.
596 2088 635 2126 et
669 2085 829 2127 videtur
867 2081 933 2127 hie
972 2085 1208 2139 ostendisse,
1253 2085 1373 2127 alind
1411 2098 1494 2127 esse
1533 2084 1644 2139 fata,
1687 2084 1806 2126 aliud

185 2240 206 2272 8
234 2249 341 2271 enon
366 2235 549 2283 sequitur]
577 2237 623 2273 cf.
650 2237 744 2272 Non.
772 2249 807 2282 p.
834 2240 917 2281 404,
944 2241 964 2272 9
992 2237 1059 2279 Μ.;
1086 2236 1172 2272 Isid.
1200 2248 1251 2272 or.
1278 2236 1364 2271 XIX
1392 2240 1449 2281 19,
1476 2240 1496 2271 8
1527 2237 1540 2283 ΙΙ
1573 2240 1617 2271 10
1643 2236 1740 2271 unde
1767 2237 1805 2271 et

91 2313 99 2319 .
121 2312 128 2319 .
151 2312 158 2320 .
185 2284 442 2330 disciplinam]
480 2295 594 2320 exscr.
628 2284 714 2319 Isid.
742 2296 793 2320 or.
819 2284 907 2319 VIII
933 2289 966 2329 3,
993 2289 1015 2319 4
1052 2286 1064 2332 ΙΙ
1103 2288 1146 2319 12
1173 2297 1264 2320 svm
1290 2284 1314 2320 i.
1341 2296 1371 2320 e.
1396 2284 1527 2331 fuerit]
1564 2285 1609 2319 cf.
1638 2284 1730 2319 Don.
1756 2285 1803 2318 ad

91 2332 173 2369 Ter.
200 2333 290 2367 Hec.
317 2332 367 2367 IV
394 2337 428 2376 3,
454 2337 475 2367 4
500 2334 512 2378 ΙΙ
547 2336 590 2367 18
618 2332 730 2368 somio
759 2332 929 2378 absolvo]
960 2331 1005 2369 cf.
1033 2333 1128 2368 Non.
1156 2345 1190 2378 p.
1218 2336 1299 2377 390,
1326 2336 1369 2367 33
1398 2332 1445 2367 M.

1827 1016 1870 1047 10

1829 1374 1872 1406 15

1828 1734 1874 1765 20

1829 2090 1875 2121 25

189 2478 206 2509 1
234 2486 467 2515 QvAncvavn
487 2474 527 2509 F
543 2476 555 2521 ΙΙ
574 2475 742 2520 Iuppiter
766 2486 832 2511 om.
848 2475 898 2510 M
910 2475 923 2520 ΙΙ
942 2480 962 2511 2
989 2475 1045 2511 ait
1064 2475 1136 2511 AS
1143 2475 1178 2509 L
1197 2477 1209 2522 ΙΙ
1228 2475 1348 2521 loqui]
1377 2475 1500 2510 dicere
1523 2475 1571 2510 M
1578 2475 1617 2510 F
1634 2477 1645 2522 ΙΙ
1664 2478 1686 2510 4
1710 2475 1806 2510 nulli
1838 2462 1841 2466 Ἴ

90 2521 227 2557 fabobe
252 2521 320 2567 Fu
339 2525 360 2557 ὅ
385 2521 543 2558 troianis
570 2533 609 2558 se
634 2523 761 2558 fauere
787 2522 975 2568 significat
1002 2523 1051 2557 M
1057 2523 1097 2558 F
1112 2524 1125 2568 ΙΙ
1144 2523 1348 2558 aduentum
1374 2523 1408 2557 L
1434 2523 1540 2567 (corr.
1563 2524 1589 2568 l)
1608 2524 1620 2568 ΙΙ
1641 2529 1661 2559 6
1689 2524 1805 2559 victo-

92 2569 162 2615 ria]
188 2568 335 2605 inadria
359 2569 400 2604 F
416 2570 429 2616 ΙΙ
447 2571 696 2615 consequetur
721 2570 778 2606 ΕΖ
815 2573 1105 2615 consequeretur
1129 2571 1169 2605 F
1186 2572 1197 2617 ΙΙ
1217 2571 1271 2616 et]
1298 2573 1364 2605 aut
1387 2570 1424 2605 R
1443 2571 1454 2617 ΙΙ
1474 2575 1494 2606 8
1522 2570 1803 2606 commentatio-

91 2627 175 2652 nem
202 2615 276 2652 AS
310 2617 635 2653 commendatione
659 2617 746 2653 RF
782 2618 1108 2653 commendacione
1135 2619 1179 2653 M
1200 2621 1212 2663 fl
1241 2630 1349 2653 secu
1374 2630 1463 2652 semi
1491 2619 1538 2653 M
1547 2618 1587 2653 F
1601 2620 1614 2664 ΙΙ
1642 2622 1664 2653 9
1689 2618 1806 2654 habet

91 2675 158 2706 orn.
174 2664 224 2699 M
229 2663 270 2698 F
285 2665 297 2711 ΙΙ
318 2667 361 2699 10
376 2663 552 2710 dicimus]
573 2665 894 2710 phylosophorum
913 2666 998 2701 add.
1011 2665 1051 2700 F
1067 2666 1079 2712 ΙΙ
1099 2664 1249 2701 habitus
1271 2694 1278 2701 .
1294 2693 1302 2701 .
1320 2695 1327 2702 .
1349 2665 1585 2711 disciplinam
1605 2677 1671 2701 om.
1689 2667 1737 2700 M
1744 2666 1806 2712 Fu

93 2715 137 2746 12
163 2710 203 2746 id
228 2713 286 2746 est
310 2711 424 2747 fuerit
448 2715 482 2747 et
505 2713 660 2747 verbum
685 2712 914 2748 defectivum
939 2724 1005 2748 om.
1035 2713 1082 2748 Μ
1090 2713 1130 2748 F
1164 2714 1175 2759 ΙΙ
1211 2713 1251 2748 id
1277 2714 1335 2749 est
1359 2712 1473 2749 fuerit
1497 2714 1535 2748 D
1562 2714 1622 2758 (cf.
1652 2713 1805 2760 [Sei-yiz']

92 2759 238 2804 eaeplan.
264 2759 306 2793 in
331 2759 428 2794 Don.
450 2769 490 2803 p.
518 2762 598 2803 557,
628 2763 677 2801 16ι
691 2759 742 2795 Κ.
770 2760 869 2804 ‘fuat
888 2761 1045 2805 ponitur
1068 2772 1136 2805 pro
1159 2762 1275 2805 fuerit
1299 2762 1423 2805 futuri
1448 2761 1666 2807 tempm·z·s’):
1694 2762 1807 2795 suerit

92 2816 160 2843 om.
186 2806 260 2842 AS
267 2806 392 2841 RLH
411 2807 422 2852 ΙΙ
451 2810 493 2841 13
520 2819 642 2842 mons
667 2807 712 2841 H
726 2808 740 2852 ΙΙ
758 2807 852 2853 sive]
881 2818 945 2842 seu
973 2808 1019 2842 M
1037 2809 1049 2854 ΙΙ
1081 2812 1124 2843 14
1148 2809 1267 2854 malo]
1293 2820 1359 2844 om.
1386 2808 1432 2843 H
1451 2812 1560 2851 recte,
1585 2812 1627 2843 nt
1651 2809 1806 2852 videtur,

93 2854 192 2889 malo
224 2865 268 2889 ex
298 2854 400 2889 mah]
426 2853 467 2888 F
496 2854 508 2900 ΙΙ
544 2853 645 2889 facto
671 2854 835 2889 ASLH
861 2856 966 2899 (corr.
993 2858 1054 2900 as)
1079 2855 1160 2891 fatu
1188 2857 1235 2890 M
1265 2858 1276 2901 ΙΙ
1313 2855 1433 2891 troiae
1459 2856 1551 2890 MF
1579 2857 1590 2902 ΙΙ
1629 2867 1694 2891 seu
1720 2856 1770 2890 M
1795 2857 1807 2903 Η

96 2904 139 2936 15
164 2901 317 2936 monitis
343 2900 509 2937 aduersis
536 2901 584 2936 M
591 2901 630 2935 F
658 2902 670 2947 ΙΙ
701 2901 888 2936 neminem
920 2902 1071 2938 absoluo
1102 2914 1189 2938 nam
1222 2903 1354 2939 afferes
1380 2903 1418 2938 in
1445 2903 1621 2948 (aferesin
1647 2903 1701 2948 F)
1726 2902 1806 2949 per-

93 2948 182 2983 tulit
199 2976 208 2984 .
224 2978 232 2985 .
249 2977 257 2985 .
278 2948 386 2984 furiis
402 2949 451 2983 M
456 2948 496 2983 F
512 2949 523 2994 11
544 2952 588 2984 16
614 2948 844 2994 amphibolia.
858 2948 945 2984 LH
961 2951 974 2995 ΙΙ
993 2949 1044 2985 sio
1064 2949 1254 2996 distingue
1274 2950 1347 2986 AS
1354 2951 1366 2985 Z
1384 2953 1396 2996 ΙΙ
1415 2951 1576 2986 inferrae
1591 2952 1626 2986 A
1645 2952 1753 2995 (corr.
1768 2953 1805 2996 a)

94 2995 230 3031 inferre
250 2996 278 3031 S
316 2996 434 3031 insere
454 2997 499 3030 H
513 2998 525 3041 ΙΙ
547 2999 589 3031 18
616 3009 660 3030 ΝΕ
681 2996 714 3031 G
733 2997 745 3042 Η
764 2997 910 3041 accipe]
937 2997 1076 3032 dictum
1097 2998 1226 3043 accipe
1246 2998 1385 3034 Daniel
1403 2999 1416 3044 ΙΙ
1437 3002 1479 3033 19
1507 2998 1611 3034 soluo
1631 3000 1712 3034 hab.
1729 2999 1778 3033 M
1794 2999 1807 3045 Η

94 3044 218 3077 autem
243 3044 326 3080 hab.
348 3044 398 3078 M
412 3045 426 3089 ΙΙ
450 3047 496 3078 20
520 3043 679 3088 inpulsis
706 3045 766 3079 As
802 3043 969 3088 inpulsos
994 3044 1030 3079 L
1056 3047 1162 3091 (corr.
1190 3046 1216 3090 l)
1254 3045 1407 3091 inpulsa
1434 3046 1483 3080 M
1499 3046 1512 3091 ΙΙ
1535 3045 1651 3081 furias
1678 3046 1715 3081 R
1752 3045 1804 3080 fa-

95 3091 159 3124 riis
187 3089 227 3124 F
241 3092 254 3134 ΙΙ
272 3094 316 3126 21
343 3103 479 3126 axonso
508 3092 555 3126 M
564 3091 605 3126 F
620 3093 632 3138 ΙΙ
651 3091 790 3137 rerum]
816 3089 918 3126 faeta
942 3092 993 3126 M
1024 3092 1103 3128 fata.
1126 3093 1166 3128 F
1181 3094 1193 3138 ΙΙ
1213 3094 1319 3128 aetus
1342 3103 1408 3129 om.
1426 3093 1475 3127 M
1481 3093 1521 3128 F
1537 3094 1548 3139 ΙΙ
1567 3093 1748 3128 hodierna
1772 3093 1806 3126 L

96 3137 299 3173 hodiernae
325 3139 368 3184 ΖΙΙ
397 3138 437 3174 id
462 3141 521 3174 est
546 3168 554 3175 .
577 3166 585 3174 .
608 3166 615 3174 .
643 3140 818 3174 eventum
843 3139 925 3173 hab.
953 3139 1001 3174 M
1017 3141 1029 3186 ΙΙ
1061 3141 1225 3176 secunda
1252 3140 1300 3174 M
1314 3141 1326 3186 ΙΙ
1358 3144 1403 3175 22
1429 3141 1495 3176 sua‘.
1521 3141 1568 3175 F.
1603 3141 1728 3175 malim
1753 3152 1806 3175 se-

97 3185 258 3219 cundum
284 3196 352 3220 sua
376 3185 531 3230 quisque
558 3188 690 3231 coepta
709 3188 721 3232 ΙΙ
740 3198 993 3226 FORTVNAMQVE
1012 3200 1148 3223 penem*
1170 3188 1219 3222 Μ
1226 3187 1266 3222 F
1281 3189 1294 3233 ΙΙ
1313 3188 1479 3223 laborem
1501 3187 1707 3233 periculum
1733 3187 1806 3222 for·

95 3234 225 3267 tunam
251 3233 289 3267 et
313 3231 535 3269 felicitatem
561 3233 600 3268 F
617 3235 628 3280 ΙΙ
660 3237 705 3268 24
731 3234 810 3269 fato
835 3233 876 3268 F
890 3234 904 3279 ΙΙ
934 3237 980 3269 25
1006 3233 1151 3270 italiam
1178 3235 1224 3270 H
