<?xml version="1.0" encoding="UTF-8"?>
<!DOCTYPE html PUBLIC "-//W3C//DTD XHTML 1.0 Transitional//EN"
    "http://www.w3.org/TR/xhtml1/DTD/xhtml1-transitional.dtd">
<html xmlns="http://www.w3.org/1999/xhtml" xml:lang="en" lang="en">
 <head>
  <title>
</title>
<meta http-equiv="Content-Type" content="text/html;charset=utf-8" />
  <meta name='ocr-system' content='tesseract 3.04.00' />
  <meta name='ocr-capabilities' content='ocr_page ocr_carea ocr_par ocr_line ocrx_word'/>
</head>
<body>
  <div class='ocr_page' id='page_1' title='image "./invergiliicarmin02servuoft_0532.png"; bbox 0 0 2092 3614; ppageno 0'>
   <div class='ocr_carea' id='block_1_1' title="bbox 305 296 1242 355">
    <p class='ocr_par' dir='ltr' id='par_1_1' title="bbox 305 296 1242 355">
     <span class='ocr_line' id='line_1_1' title="bbox 305 296 1242 355; baseline -0.022 -3"><span class='ocrx_word' id='word_1_1' title='bbox 305 309 358 352; x_wconf 78' lang='lat'><strong>51</strong></span> <span class='ocrx_word' id='word_1_2' title='bbox 366 309 390 351; x_wconf 87' lang='grc'>8</span> <span class='ocrx_word' id='word_1_3' title='bbox 425 352 428 355; x_wconf 61' lang='grc'><strong><em>,</em></strong></span> <span class='ocrx_word' id='word_1_4' title='bbox 1081 296 1242 334; x_wconf 82' lang='lat' dir='ltr'><strong>SERVII</strong></span> 
     </span>
    </p>
   </div>
   <div class='ocr_carea' id='block_1_2' title="bbox 246 397 2051 2614">
    <p class='ocr_par' dir='ltr' id='par_1_2' title="bbox 307 397 2016 686">
     <span class='ocr_line' id='line_1_2' title="bbox 307 397 2013 474; baseline -0.013 -13"><span class='ocrx_word' id='word_1_5' title='bbox 307 417 477 474; x_wconf 86' lang='lat' dir='ltr'><strong>quando</strong></span> <span class='ocrx_word' id='word_1_6' title='bbox 516 414 765 468; x_wconf 85' lang='lat' dir='ltr'><strong>tenuerunt,</strong></span> <span class='ocrx_word' id='word_1_7' title='bbox 801 411 845 453; x_wconf 89' lang='lat' dir='ltr'><strong>id</strong></span> <span class='ocrx_word' id='word_1_8' title='bbox 884 412 951 452; x_wconf 85' lang='lat' dir='ltr'><strong>est</strong></span> <span class='ocrx_word' id='word_1_9' title='bbox 988 408 1124 464; x_wconf 79' lang='lat' dir='ltr'><strong>usqu‘e</strong></span> <span class='ocrx_word' id='word_1_10' title='bbox 1163 406 1216 448; x_wconf 88' lang='lat' dir='ltr'><strong>ad</strong></span> <span class='ocrx_word' id='word_1_11' title='bbox 1255 420 1304 447; x_wconf 85' lang='lat' dir='ltr'><strong>ea</strong></span> <span class='ocrx_word' id='word_1_12' title='bbox 1335 405 1432 446; x_wconf 88' lang='lat' dir='ltr'><strong>loca</strong></span> <span class='ocrx_word' id='word_1_13' title='bbox 1464 403 1510 444; x_wconf 98' lang='grc'><strong>111</strong></span> <span class='ocrx_word' id='word_1_14' title='bbox 1542 400 1697 457; x_wconf 86' lang='lat' dir='ltr'><strong>quibus</strong></span> <span class='ocrx_word' id='word_1_15' title='bbox 1727 412 1842 441; x_wconf 88' lang='lat' dir='ltr'><strong>nunc</strong></span> <span class='ocrx_word' id='word_1_16' title='bbox 1872 397 2013 439; x_wconf 85' lang='lat' dir='ltr'><strong>Roma</strong></span> 
     </span>
     <span class='ocr_line' id='line_1_3' title="bbox 308 470 2014 534; baseline -0.013 -2"><span class='ocrx_word' id='word_1_17' title='bbox 308 492 391 532; x_wconf 87' lang='lat' dir='ltr'><strong>est:</strong></span> <span class='ocrx_word' id='word_1_18' title='bbox 423 489 530 530; x_wconf 87' lang='lat' dir='ltr'>haec</span> <span class='ocrx_word' id='word_1_19' title='bbox 561 485 674 528; x_wconf 90' lang='lat' dir='ltr'><strong>enim</strong></span> <span class='ocrx_word' id='word_1_20' title='bbox 701 482 834 527; x_wconf 90' lang='lat' dir='ltr'><strong>Siculi</strong></span> <span class='ocrx_word' id='word_1_21' title='bbox 863 480 1183 534; x_wconf 86' lang='lat' dir='ltr'><strong>habitaverunt,</strong></span> <span class='ocrx_word' id='word_1_22' title='bbox 1213 477 1326 519; x_wconf 90' lang='lat' dir='ltr'><strong>unde</strong></span> <span class='ocrx_word' id='word_1_23' title='bbox 1352 477 1418 517; x_wconf 92' lang='lat' dir='ltr'><strong>est</strong></span> <span class='ocrx_word' id='word_1_24' title='bbox 1444 472 1584 529; x_wconf 87' lang='lat' dir='ltr'>&lt;VIII</span> <span class='ocrx_word' id='word_1_25' title='bbox 1605 471 1720 526; x_wconf 78' lang='lat'>328&gt;</span> <span class='ocrx_word' id='word_1_26' title='bbox 1753 472 1802 512; x_wconf 89' lang='lat' dir='ltr'><strong>et</strong></span> <span class='ocrx_word' id='word_1_27' title='bbox 1833 470 2014 525; x_wconf 85' lang='lat' dir='ltr'><strong>gentes</strong></span> 
     </span>
     <span class='ocr_line' id='line_1_4' title="bbox 308 541 2016 609; baseline -0.013 -6"><span class='ocrx_word' id='word_1_28' title='bbox 308 574 493 604; x_wconf 87' lang='lat' dir='ltr'>venere</span> <span class='ocrx_word' id='word_1_29' title='bbox 526 557 743 601; x_wconf 84' lang='lat' dir='ltr'>Sicanae</span> <span class='ocrx_word' id='word_1_30' title='bbox 781 553 999 609; x_wconf 89' lang='lat' dir='ltr'><strong>saepius.</strong></span> <span class='ocrx_word' id='word_1_31' title='bbox 1060 551 1132 605; x_wconf 80' lang='lat' dir='ltr'><strong>qui</strong></span> <span class='ocrx_word' id='word_1_32' title='bbox 1169 563 1196 592; x_wconf 86' lang='lat' dir='ltr'><strong>a</strong></span> <span class='ocrx_word' id='word_1_33' title='bbox 1226 547 1451 603; x_wconf 76' lang='lat' dir='ltr'><strong>Liyurilms</strong></span> <span class='ocrx_word' id='word_1_34' title='bbox 1481 545 1597 599; x_wconf 66' lang='lat' dir='ltr'><strong>pulsi</strong></span> <span class='ocrx_word' id='word_1_35' title='bbox 1635 545 1748 597; x_wconf 76' lang='lat' dir='ltr'><strong>sunt,</strong></span> <span class='ocrx_word' id='word_1_36' title='bbox 1784 541 1959 596; x_wconf 74' lang='lat' dir='ltr'><strong>Liyures</strong></span> <span class='ocrx_word' id='word_1_37' title='bbox 1989 552 2016 580; x_wconf 89' lang='lat' dir='ltr'><strong>a</strong></span> 
     </span>
     <span class='ocr_line' id='line_1_5' title="bbox 309 619 1573 686; baseline -0.015 -10"><span class='ocrx_word' id='word_1_38' title='bbox 309 631 525 686; x_wconf 76' lang='lat' dir='ltr'><strong><em>Sacranis,</em></strong></span> <span class='ocrx_word' id='word_1_39' title='bbox 556 628 737 673; x_wconf 72' lang='lat' dir='ltr'><strong>Sacram</strong></span> <span class='ocrx_word' id='word_1_40' title='bbox 767 626 819 669; x_wconf 87' lang='lat' dir='ltr'><strong>ab</strong></span> <span class='ocrx_word' id='word_1_41' title='bbox 849 623 1156 679; x_wconf 73' lang='lat' dir='ltr'><strong>Aboriyinibus.</strong></span> <span class='ocrx_word' id='word_1_42' title='bbox 1569 619 1573 626; x_wconf 69' lang='lat'>‘</span> 
     </span>
    </p>

    <p class='ocr_par' dir='ltr' id='par_1_3' title="bbox 264 681 2023 1045">
     <span class='ocr_line' id='line_1_6' title="bbox 264 681 2017 749; baseline -0.015 -1"><span class='ocrx_word' id='word_1_43' title='bbox 264 716 284 746; x_wconf 87' lang='lat'>5</span> <span class='ocrx_word' id='word_1_44' title='bbox 430 702 530 745; x_wconf 85' lang='lat'>318.</span> <span class='ocrx_word' id='word_1_45' title='bbox 585 710 790 743; x_wconf 70' lang='lat' dir='ltr'>Avssvncl</span> <span class='ocrx_word' id='word_1_46' title='bbox 839 705 1109 745; x_wconf 78' lang='lat' dir='ltr'><strong>RVTVLIQVE</strong></span> <span class='ocrx_word' id='word_1_47' title='bbox 1160 702 1341 735; x_wconf 83' lang='lat' dir='ltr'>SERVNT</span> <span class='ocrx_word' id='word_1_48' title='bbox 1394 687 1597 731; x_wconf 84' lang='lat' dir='ltr'><strong>subaudis</strong></span> <span class='ocrx_word' id='word_1_49' title='bbox 1638 700 1673 749; x_wconf 32' lang='lat' dir='ltr'><strong>‘a</strong></span> <span class='ocrx_word' id='word_1_50' title='bbox 1724 681 2017 739; x_wconf 85' lang='lat' dir='ltr'><strong>superioribus</strong></span> 
     </span>
     <span class='ocr_line' id='line_1_7' title="bbox 311 758 2019 828; baseline -0.015 -10"><span class='ocrx_word' id='word_1_51' title='bbox 311 774 470 818; x_wconf 74' lang='lat' dir='ltr'><strong>tmihi&#39;:</strong></span> <span class='ocrx_word' id='word_1_52' title='bbox 501 787 602 816; x_wconf 86' lang='lat' dir='ltr'><strong>nam</strong></span> <span class='ocrx_word' id='word_1_53' title='bbox 630 774 673 814; x_wconf 89' lang='lat' dir='ltr'><strong>et</strong></span> <span class='ocrx_word' id='word_1_54' title='bbox 699 784 831 827; x_wconf 86' lang='lat' dir='ltr'><strong>supra</strong></span> <span class='ocrx_word' id='word_1_55' title='bbox 855 768 918 828; x_wconf 89' lang='lat' dir='ltr'><strong>ait</strong></span> <span class='ocrx_word' id='word_1_56' title='bbox 944 766 1026 809; x_wconf 72' lang='lat' dir='ltr'><strong>‘est</strong></span> <span class='ocrx_word' id='word_1_57' title='bbox 1051 764 1159 807; x_wconf 90' lang='lat' dir='ltr'><strong>mihi</strong></span> <span class='ocrx_word' id='word_1_58' title='bbox 1184 763 1387 818; x_wconf 88' lang='lat' dir='ltr'><strong>antiquus</strong></span> <span class='ocrx_word' id='word_1_59' title='bbox 1414 758 1546 816; x_wconf 84' lang='lat' dir='ltr'>ager&#39;.</span> <span class='ocrx_word' id='word_1_60' title='bbox 1585 771 1688 813; x_wconf 84' lang='lat' dir='ltr'>ergo</span> <span class='ocrx_word' id='word_1_61' title='bbox 1715 770 1840 798; x_wconf 89' lang='lat' dir='ltr'><strong>suum</strong></span> <span class='ocrx_word' id='word_1_62' title='bbox 1867 766 2019 809; x_wconf 85' lang='lat' dir='ltr'><strong>agrum</strong></span> 
     </span>
     <span class='ocr_line' id='line_1_8' title="bbox 311 824 2022 902; baseline -0.015 -12"><span class='ocrx_word' id='word_1_63' title='bbox 311 846 562 902; x_wconf 86' lang='lat' dir='ltr'><strong>pollicetur,</strong></span> <span class='ocrx_word' id='word_1_64' title='bbox 606 845 681 887; x_wconf 89' lang='lat' dir='ltr'><strong>aut</strong></span> <span class='ocrx_word' id='word_1_65' title='bbox 726 856 852 898; x_wconf 90' lang='lat' dir='ltr'><strong>quem</strong></span> <span class='ocrx_word' id='word_1_66' title='bbox 896 842 1120 894; x_wconf 88' lang='lat' dir='ltr'><strong>tamquam</strong></span> <span class='ocrx_word' id='word_1_67' title='bbox 1164 833 1493 890; x_wconf 88' lang='lat' dir='ltr'><strong>stipendiarium</strong></span> <span class='ocrx_word' id='word_1_68' title='bbox 1529 829 1751 872; x_wconf 89' lang='lat' dir='ltr'><strong>habebant</strong></span> <span class='ocrx_word' id='word_1_69' title='bbox 1790 824 1941 868; x_wconf 86' lang='lat' dir='ltr'><strong>Rutuli</strong></span> <span class='ocrx_word' id='word_1_70' title='bbox 1964 825 2022 866; x_wconf 86' lang='lat' dir='ltr'><strong>-et</strong></span> 
     </span>
     <span class='ocr_line' id='line_1_9' title="bbox 313 894 2022 972; baseline -0.014 -11"><span class='ocrx_word' id='word_1_71' title='bbox 313 917 525 972; x_wconf 84' lang='lat' dir='ltr'><strong>Aurunci,</strong></span> <span class='ocrx_word' id='word_1_72' title='bbox 569 918 644 958; x_wconf 88' lang='lat' dir='ltr'><strong>aut</strong></span> <span class='ocrx_word' id='word_1_73' title='bbox 681 913 735 956; x_wconf 91' lang='lat' dir='ltr'><strong>ad</strong></span> <span class='ocrx_word' id='word_1_74' title='bbox 773 926 899 968; x_wconf 90' lang='lat' dir='ltr'><strong>quem</strong></span> <span class='ocrx_word' id='word_1_75' title='bbox 937 909 1165 953; x_wconf 89' lang='lat' dir='ltr'><strong>colendum</strong></span> <span class='ocrx_word' id='word_1_76' title='bbox 1203 906 1327 963; x_wconf 87' lang='lat' dir='ltr'><strong>quasi</strong></span> <span class='ocrx_word' id='word_1_77' title='bbox 1365 905 1459 960; x_wconf 86' lang='lat' dir='ltr'><strong>regi</strong></span> <span class='ocrx_word' id='word_1_78' title='bbox 1497 917 1650 959; x_wconf 82' lang='lat' dir='ltr'>operas</span> <span class='ocrx_word' id='word_1_79' title='bbox 1690 899 1870 942; x_wconf 86' lang='lat' dir='ltr'><strong>dabant:</strong></span> <span class='ocrx_word' id='word_1_80' title='bbox 1910 894 2022 938; x_wconf 88' lang='lat' dir='ltr'><strong>unde</strong></span> 
     </span>
     <span class='ocr_line' id='line_1_10' title="bbox 314 969 2023 1045; baseline -0.014 -12"><span class='ocrx_word' id='word_1_81' title='bbox 314 988 575 1045; x_wconf 87' lang='lat' dir='ltr'><strong>superfluum</strong></span> <span class='ocrx_word' id='word_1_82' title='bbox 617 988 684 1029; x_wconf 85' lang='lat' dir='ltr'><strong>est</strong></span> <span class='ocrx_word' id='word_1_83' title='bbox 724 983 840 1040; x_wconf 90' lang='lat' dir='ltr'><strong>quod</strong></span> <span class='ocrx_word' id='word_1_84' title='bbox 878 983 939 1025; x_wconf 86' lang='lat' dir='ltr'><strong>ait</strong></span> <span class='ocrx_word' id='word_1_85' title='bbox 970 981 1188 1034; x_wconf 71' lang='lat' dir='ltr'><strong>Donatus,</strong></span> <span class='ocrx_word' id='word_1_86' title='bbox 1230 993 1318 1020; x_wconf 92' lang='lat' dir='ltr'><strong>non</strong></span> <span class='ocrx_word' id='word_1_87' title='bbox 1355 976 1547 1032; x_wconf 85' lang='lat' dir='ltr'><strong>potuisse</strong></span> <span class='ocrx_word' id='word_1_88' title='bbox 1585 972 1678 1014; x_wconf 85' lang='lat' dir='ltr'><strong>fieri</strong></span> <span class='ocrx_word' id='word_1_89' title='bbox 1715 973 1763 1014; x_wconf 87' lang='lat' dir='ltr'><strong>ut</strong></span> <span class='ocrx_word' id='word_1_90' title='bbox 1799 969 2023 1025; x_wconf 74' lang='lat' dir='ltr'>praesente</span> 
     </span>
    </p>

    <p class='ocr_par' dir='ltr' id='par_1_4' title="bbox 246 1045 1613 1114">
     <span class='ocr_line' id='line_1_11' title="bbox 246 1045 1613 1114; baseline -0.014 -10"><span class='ocrx_word' id='word_1_91' title='bbox 246 1070 289 1103; x_wconf 81' lang='lat'><strong>10</strong></span> <span class='ocrx_word' id='word_1_92' title='bbox 315 1061 461 1103; x_wconf 86' lang='lat' dir='ltr'><strong>Turno</strong></span> <span class='ocrx_word' id='word_1_93' title='bbox 494 1071 597 1114; x_wconf 84' lang='lat' dir='ltr'>ager</span> <span class='ocrx_word' id='word_1_94' title='bbox 628 1055 889 1098; x_wconf 74' lang='lat' dir='ltr'><strong>Rutulorum</strong></span> <span class='ocrx_word' id='word_1_95' title='bbox 922 1067 948 1094; x_wconf 91' lang='lat' dir='ltr'><strong>a</strong></span> <span class='ocrx_word' id='word_1_96' title='bbox 977 1050 1132 1093; x_wconf 89' lang='lat' dir='ltr'><strong>Latino</strong></span> <span class='ocrx_word' id='word_1_97' title='bbox 1165 1049 1399 1090; x_wconf 87' lang='lat' dir='ltr'><strong>donaretur</strong></span> <span class='ocrx_word' id='word_1_98' title='bbox 1430 1045 1613 1087; x_wconf 87' lang='lat' dir='ltr'>Aeneae.</span> 
     </span>
    </p>

    <p class='ocr_par' dir='ltr' id='par_1_5' title="bbox 316 1112 2028 1402">
     <span class='ocr_line' id='line_1_12' title="bbox 435 1112 2024 1174; baseline -0.014 0"><span class='ocrx_word' id='word_1_99' title='bbox 435 1130 534 1174; x_wconf 83' lang='lat'><strong>319.</strong></span> <span class='ocrx_word' id='word_1_100' title='bbox 585 1139 737 1171; x_wconf 75' lang='lat' dir='ltr'><strong>nvnos</strong></span> <span class='ocrx_word' id='word_1_101' title='bbox 775 1134 1025 1168; x_wconf 78' lang='lat' dir='ltr'>EXERCENT</span> <span class='ocrx_word' id='word_1_102' title='bbox 1067 1130 1245 1165; x_wconf 69' lang='lat' dir='ltr'><strong>Gonnus</strong></span> <span class='ocrx_word' id='word_1_103' title='bbox 1292 1118 1495 1161; x_wconf 81' lang='lat' dir='ltr'><strong>extenuat</strong></span> <span class='ocrx_word' id='word_1_104' title='bbox 1539 1115 1633 1172; x_wconf 86' lang='lat' dir='ltr'><strong>agri</strong></span> <span class='ocrx_word' id='word_1_105' title='bbox 1678 1112 1897 1166; x_wconf 83' lang='lat' dir='ltr'><strong>meritum,</strong></span> <span class='ocrx_word' id='word_1_106' title='bbox 1941 1123 2024 1165; x_wconf 90' lang='lat' dir='ltr'><strong>quo</strong></span> 
     </span>
     <span class='ocr_line' id='line_1_13' title="bbox 317 1180 2027 1253; baseline -0.015 -6"><span class='ocrx_word' id='word_1_107' title='bbox 317 1205 400 1247; x_wconf 87' lang='lat' dir='ltr'><strong>vile</strong></span> <span class='ocrx_word' id='word_1_108' title='bbox 431 1202 632 1245; x_wconf 85' lang='lat' dir='ltr'><strong>videatur</strong></span> <span class='ocrx_word' id='word_1_109' title='bbox 664 1213 758 1242; x_wconf 88' lang='lat' dir='ltr'><strong>esse</strong></span> <span class='ocrx_word' id='word_1_110' title='bbox 790 1195 905 1253; x_wconf 89' lang='lat' dir='ltr'><strong>quod</strong></span> <span class='ocrx_word' id='word_1_111' title='bbox 937 1195 1086 1237; x_wconf 87' lang='lat' dir='ltr'><strong>donat:</strong></span> <span class='ocrx_word' id='word_1_112' title='bbox 1117 1193 1178 1235; x_wconf 81' lang='lat' dir='ltr'><strong>vel</strong></span> <span class='ocrx_word' id='word_1_113' title='bbox 1208 1205 1259 1234; x_wconf 78' lang='lat' dir='ltr'>ne</span> <span class='ocrx_word' id='word_1_114' title='bbox 1279 1203 1405 1245; x_wconf 77' lang='lat' dir='ltr'>yrave</span> <span class='ocrx_word' id='word_1_115' title='bbox 1428 1189 1615 1231; x_wconf 76' lang='lat' dir='ltr'><strong>videatur</strong></span> <span class='ocrx_word' id='word_1_116' title='bbox 1638 1186 1715 1240; x_wconf 73' lang='lat' dir='ltr'><strong>his,</strong></span> <span class='ocrx_word' id='word_1_117' title='bbox 1745 1183 1891 1239; x_wconf 77' lang='lat' dir='ltr'><strong>quibus</strong></span> <span class='ocrx_word' id='word_1_118' title='bbox 1915 1180 2027 1234; x_wconf 79' lang='lat' dir='ltr'><strong>aufe-</strong></span> 
     </span>
     <span class='ocr_line' id='line_1_14' title="bbox 316 1250 2028 1319; baseline -0.015 0"><span class='ocrx_word' id='word_1_119' title='bbox 316 1276 468 1319; x_wconf 77' lang='lat' dir='ltr'><strong>rendus</strong></span> <span class='ocrx_word' id='word_1_120' title='bbox 505 1276 573 1316; x_wconf 78' lang='lat' dir='ltr'><strong>est.</strong></span> <span class='ocrx_word' id='word_1_121' title='bbox 633 1271 735 1314; x_wconf 90' lang='lat' dir='ltr'><strong>hinc</strong></span> <span class='ocrx_word' id='word_1_122' title='bbox 773 1268 903 1311; x_wconf 86' lang='lat' dir='ltr'><strong>etiam</strong></span> <span class='ocrx_word' id='word_1_123' title='bbox 944 1265 1054 1309; x_wconf 89' lang='lat' dir='ltr'><strong>illud</strong></span> <span class='ocrx_word' id='word_1_124' title='bbox 1093 1267 1159 1307; x_wconf 86' lang='lat' dir='ltr'><strong>est</strong></span> <span class='ocrx_word' id='word_1_125' title='bbox 1191 1262 1337 1318; x_wconf 69' lang='lat' dir='ltr'><strong>‘atque</strong></span> <span class='ocrx_word' id='word_1_126' title='bbox 1367 1261 1522 1303; x_wconf 90' lang='lat' dir='ltr'><strong>horum</strong></span> <span class='ocrx_word' id='word_1_127' title='bbox 1555 1257 1789 1314; x_wconf 85' lang='lat' dir='ltr'><strong>asperrima</strong></span> <span class='ocrx_word' id='word_1_128' title='bbox 1810 1250 2028 1310; x_wconf 50' lang='lat' dir='ltr'><strong>&lt;pascunt’‚</strong></span> 
     </span>
     <span class='ocr_line' id='line_1_15' title="bbox 319 1326 2027 1402; baseline -0.014 -12"><span class='ocrx_word' id='word_1_129' title='bbox 319 1350 363 1390; x_wconf 88' lang='lat' dir='ltr'><strong>et</strong></span> <span class='ocrx_word' id='word_1_130' title='bbox 400 1360 533 1402; x_wconf 89' lang='lat' dir='ltr'><strong>supra</strong></span> <span class='ocrx_word' id='word_1_131' title='bbox 564 1342 776 1386; x_wconf 69' lang='lat' dir='ltr'><strong>‘Aurunci</strong></span> <span class='ocrx_word' id='word_1_132' title='bbox 807 1338 1043 1394; x_wconf 74' lang='lat' dir='ltr'><strong>Rutulique</strong></span> <span class='ocrx_word' id='word_1_133' title='bbox 1082 1334 1259 1390; x_wconf 85' lang='lat' dir='ltr'><strong>serunt’,</strong></span> <span class='ocrx_word' id='word_1_134' title='bbox 1298 1333 1342 1375; x_wconf 90' lang='lat' dir='ltr'><strong>id</strong></span> <span class='ocrx_word' id='word_1_135' title='bbox 1382 1334 1448 1374; x_wconf 88' lang='lat' dir='ltr'><strong>est</strong></span> <span class='ocrx_word' id='word_1_136' title='bbox 1485 1344 1563 1373; x_wconf 89' lang='lat' dir='ltr'><strong>nec</strong></span> <span class='ocrx_word' id='word_1_137' title='bbox 1601 1329 1745 1385; x_wconf 90' lang='lat' dir='ltr'><strong>operis</strong></span> <span class='ocrx_word' id='word_1_138' title='bbox 1785 1326 1873 1369; x_wconf 85' lang='lat' dir='ltr'><strong>suis</strong></span> <span class='ocrx_word' id='word_1_139' title='bbox 1906 1337 2027 1367; x_wconf 90' lang='lat' dir='ltr'>exco-</span> 
     </span>
    </p>

    <p class='ocr_par' dir='ltr' id='par_1_6' title="bbox 250 1396 2030 1545">
     <span class='ocr_line' id='line_1_16' title="bbox 250 1396 2030 1462; baseline -0.013 0"><span class='ocrx_word' id='word_1_140' title='bbox 250 1430 293 1461; x_wconf 86' lang='lat'><strong>15</strong></span> <span class='ocrx_word' id='word_1_141' title='bbox 318 1419 435 1462; x_wconf 87' lang='lat' dir='ltr'><strong>litur.</strong></span> <span class='ocrx_word' id='word_1_142' title='bbox 556 1430 776 1459; x_wconf 76' lang='lat' dir='ltr'><strong><em>ASPERRIMA</em></strong></span> <span class='ocrx_word' id='word_1_143' title='bbox 808 1415 945 1455; x_wconf 81' lang='lat' dir='ltr'><strong>autem</strong></span> <span class='ocrx_word' id='word_1_144' title='bbox 975 1425 1150 1453; x_wconf 60' lang='lat' dir='ltr'><strong>Pascvzvr</strong></span> <span class='ocrx_word' id='word_1_145' title='bbox 1174 1406 1345 1461; x_wconf 77' lang='lat' dir='ltr'><strong>quidam</strong></span> <span class='ocrx_word' id='word_1_146' title='bbox 1367 1417 1448 1458; x_wconf 72' lang='lat' dir='ltr'><strong>pro</strong></span> <span class='ocrx_word' id='word_1_147' title='bbox 1480 1401 1746 1456; x_wconf 71' lang='lat' dir='ltr'><strong>‘asperrimas</strong></span> <span class='ocrx_word' id='word_1_148' title='bbox 1767 1396 1939 1453; x_wconf 75' lang='lat' dir='ltr'><strong>partes&#39;,</strong></span> <span class='ocrx_word' id='word_1_149' title='bbox 1969 1396 2030 1438; x_wconf 83' lang='lat' dir='ltr'><strong>vel</strong></span> 
     </span>
     <span class='ocr_line' id='line_1_17' title="bbox 322 1479 1248 1545; baseline -0.015 -11"><span class='ocrx_word' id='word_1_150' title='bbox 322 1489 568 1545; x_wconf 74' lang='lat' dir='ltr'><strong>‘asperrima</strong></span> <span class='ocrx_word' id='word_1_151' title='bbox 591 1488 774 1542; x_wconf 75' lang='lat' dir='ltr'><strong>pascunt</strong></span> <span class='ocrx_word' id='word_1_152' title='bbox 804 1481 904 1527; x_wconf 77' lang='lat' dir='ltr'><strong>loca&#39;</strong></span> <span class='ocrx_word' id='word_1_153' title='bbox 938 1480 1069 1535; x_wconf 74' lang='lat' dir='ltr'><strong>accipi</strong></span> <span class='ocrx_word' id='word_1_154' title='bbox 1098 1479 1248 1522; x_wconf 75' lang='lat' dir='ltr'><strong>volunt.</strong></span> 
     </span>
    </p>

    <p class='ocr_par' dir='ltr' id='par_1_7' title="bbox 323 1541 2036 1749">
     <span class='ocr_line' id='line_1_18' title="bbox 441 1541 2033 1604; baseline -0.014 0"><span class='ocrx_word' id='word_1_155' title='bbox 441 1561 539 1604; x_wconf 80' lang='lat'>321.</span> <span class='ocrx_word' id='word_1_156' title='bbox 591 1569 745 1602; x_wconf 81' lang='lat' dir='ltr'><strong>OEDAT</strong></span> <span class='ocrx_word' id='word_1_157' title='bbox 778 1563 1016 1598; x_wconf 76' lang='lat' dir='ltr'>AMlcrnlAE</span> <span class='ocrx_word' id='word_1_158' title='bbox 1049 1551 1095 1594; x_wconf 69' lang='lat' dir='ltr'><strong>id</strong></span> <span class='ocrx_word' id='word_1_159' title='bbox 1123 1553 1183 1593; x_wconf 79' lang='lat' dir='ltr'><strong>est</strong></span> <span class='ocrx_word' id='word_1_160' title='bbox 1211 1550 1256 1591; x_wconf 91' lang='lat' dir='ltr'><strong>in</strong></span> <span class='ocrx_word' id='word_1_161' title='bbox 1286 1546 1473 1604; x_wconf 88' lang='lat' dir='ltr'><strong>pretium</strong></span> <span class='ocrx_word' id='word_1_162' title='bbox 1499 1544 1705 1588; x_wconf 88' lang='lat' dir='ltr'><strong>concedat</strong></span> <span class='ocrx_word' id='word_1_163' title='bbox 1731 1541 2033 1585; x_wconf 87' lang='lat' dir='ltr'><strong>amicitiarum.</strong></span> 
     </span>
     <span class='ocr_line' id='line_1_19' title="bbox 323 1611 2036 1678; baseline -0.015 0"><span class='ocrx_word' id='word_1_164' title='bbox 323 1638 361 1678; x_wconf 73' lang='lat' dir='ltr'><strong>et</strong></span> <span class='ocrx_word' id='word_1_165' title='bbox 390 1634 491 1676; x_wconf 76' lang='lat' dir='ltr'><strong>bono</strong></span> <span class='ocrx_word' id='word_1_166' title='bbox 521 1630 637 1674; x_wconf 78' lang='lat' dir='ltr'>verbo</span> <span class='ocrx_word' id='word_1_167' title='bbox 675 1641 775 1673; x_wconf 78' lang='lat' dir='ltr'><strong>usus</strong></span> <span class='ocrx_word' id='word_1_168' title='bbox 811 1629 869 1670; x_wconf 84' lang='lat' dir='ltr'><strong>est</strong></span> <span class='ocrx_word' id='word_1_169' title='bbox 899 1621 1162 1675; x_wconf 76' lang='lat' dir='ltr'><strong>‘amicitiae’‚</strong></span> <span class='ocrx_word' id='word_1_170' title='bbox 1199 1634 1283 1664; x_wconf 75' lang='lat' dir='ltr'><strong>non</strong></span> <span class='ocrx_word' id='word_1_171' title='bbox 1309 1633 1387 1675; x_wconf 75' lang='lat' dir='ltr'><strong>pro</strong></span> <span class='ocrx_word' id='word_1_172' title='bbox 1419 1617 1617 1671; x_wconf 78' lang='lat' dir='ltr'><em>hostibus,</em></span> <span class='ocrx_word' id='word_1_173' title='bbox 1646 1614 1719 1658; x_wconf 79' lang='lat' dir='ltr'><strong>hoc</strong></span> <span class='ocrx_word' id='word_1_174' title='bbox 1749 1617 1808 1657; x_wconf 80' lang='lat' dir='ltr'><strong>est</strong></span> <span class='ocrx_word' id='word_1_175' title='bbox 1835 1626 1886 1656; x_wconf 72' lang='lat' dir='ltr'>‘ne</span> <span class='ocrx_word' id='word_1_176' title='bbox 1915 1611 2036 1667; x_wconf 79' lang='lat' dir='ltr'><strong>quasi</strong></span> 
     </span>
     <span class='ocr_line' id='line_1_20' title="bbox 324 1697 1089 1749; baseline -0.013 0"><span class='ocrx_word' id='word_1_177' title='bbox 324 1705 421 1749; x_wconf 78' lang='lat' dir='ltr'><strong>victi</strong></span> <span class='ocrx_word' id='word_1_178' title='bbox 451 1705 604 1747; x_wconf 78' lang='lat' dir='ltr'><strong>demus.</strong></span> <span class='ocrx_word' id='word_1_179' title='bbox 1085 1697 1089 1701; x_wconf 77' lang='grc'>’</span> 
     </span>
    </p>

    <p class='ocr_par' dir='ltr' id='par_1_8' title="bbox 254 1757 2038 2035">
     <span class='ocr_line' id='line_1_21' title="bbox 254 1757 2036 1823; baseline -0.014 -2"><span class='ocrx_word' id='word_1_180' title='bbox 254 1788 300 1821; x_wconf 81' lang='lat'><strong>20</strong></span> <span class='ocrx_word' id='word_1_181' title='bbox 446 1775 544 1818; x_wconf 81' lang='lat'><strong>322.</strong></span> <span class='ocrx_word' id='word_1_182' title='bbox 594 1782 776 1823; x_wconf 77' lang='lat' dir='ltr'><strong>AEQVAS</strong></span> <span class='ocrx_word' id='word_1_183' title='bbox 808 1779 1016 1812; x_wconf 82' lang='lat' dir='ltr'>DICAMVS</span> <span class='ocrx_word' id='word_1_184' title='bbox 1048 1777 1195 1809; x_wconf 78' lang='lat' dir='ltr'>LEGES</span> <span class='ocrx_word' id='word_1_185' title='bbox 1234 1767 1283 1807; x_wconf 89' lang='lat' dir='ltr'><strong>ut</strong></span> <span class='ocrx_word' id='word_1_186' title='bbox 1320 1762 1414 1819; x_wconf 88' lang='lat' dir='ltr'><strong>pari</strong></span> <span class='ocrx_word' id='word_1_187' title='bbox 1450 1762 1563 1804; x_wconf 91' lang='lat' dir='ltr'><strong>inter</strong></span> <span class='ocrx_word' id='word_1_188' title='bbox 1594 1773 1673 1801; x_wconf 90' lang='lat' dir='ltr'><strong>nos</strong></span> <span class='ocrx_word' id='word_1_189' title='bbox 1707 1757 1912 1800; x_wconf 89' lang='lat' dir='ltr'><strong>societate</strong></span> <span class='ocrx_word' id='word_1_190' title='bbox 1943 1768 2036 1797; x_wconf 86' lang='lat' dir='ltr'>ver-</span> 
     </span>
     <span class='ocr_line' id='line_1_22' title="bbox 329 1836 2038 1902; baseline -0.013 -12"><span class='ocrx_word' id='word_1_191' title='bbox 329 1862 489 1902; x_wconf 87' lang='lat' dir='ltr'><strong>semur,</strong></span> <span class='ocrx_word' id='word_1_192' title='bbox 526 1845 568 1888; x_wconf 87' lang='lat' dir='ltr'><strong>id</strong></span> <span class='ocrx_word' id='word_1_193' title='bbox 608 1846 675 1887; x_wconf 85' lang='lat' dir='ltr'><strong>est</strong></span> <span class='ocrx_word' id='word_1_194' title='bbox 712 1845 761 1885; x_wconf 78' lang='lat' dir='ltr'><strong>ut</strong></span> <span class='ocrx_word' id='word_1_195' title='bbox 799 1842 857 1884; x_wconf 82' lang='lat' dir='ltr'><strong>sit</strong></span> <span class='ocrx_word' id='word_1_196' title='bbox 893 1841 1045 1883; x_wconf 84' lang='lat' dir='ltr'><strong>neuter</strong></span> <span class='ocrx_word' id='word_1_197' title='bbox 1082 1836 1272 1879; x_wconf 86' lang='lat' dir='ltr'><strong>inferior.</strong></span> <span class='ocrx_word' id='word_1_198' title='bbox 1400 1843 1655 1882; x_wconf 71' lang='lat' dir='ltr'><strong>somosovn</strong></span> <span class='ocrx_word' id='word_1_199' title='bbox 1688 1841 1736 1871; x_wconf 78' lang='lat' dir='ltr'><strong>m</strong></span> <span class='ocrx_word' id='word_1_200' title='bbox 1767 1838 1926 1871; x_wconf 74' lang='lat' dir='ltr'><strong>REGNA</strong></span> <span class='ocrx_word' id='word_1_201' title='bbox 1957 1836 2038 1868; x_wconf 86' lang='lat' dir='ltr'><strong>vo-</strong></span> 
     </span>
     <span class='ocr_line' id='line_1_23' title="bbox 330 1898 2038 1971; baseline -0.015 -7"><span class='ocrx_word' id='word_1_202' title='bbox 330 1930 477 1964; x_wconf 83' lang='lat' dir='ltr'>CEMVS</span> <span class='ocrx_word' id='word_1_203' title='bbox 516 1932 605 1960; x_wconf 91' lang='lat' dir='ltr'><strong>non</strong></span> <span class='ocrx_word' id='word_1_204' title='bbox 644 1914 967 1971; x_wconf 86' lang='lat' dir='ltr'><strong>stipendiarios,</strong></span> <span class='ocrx_word' id='word_1_205' title='bbox 1005 1913 1054 1953; x_wconf 90' lang='lat' dir='ltr'><strong>ut</strong></span> <span class='ocrx_word' id='word_1_206' title='bbox 1090 1910 1137 1952; x_wconf 91' lang='lat' dir='ltr'><strong>in</strong></span> <span class='ocrx_word' id='word_1_207' title='bbox 1174 1909 1327 1964; x_wconf 87' lang='lat' dir='ltr'><strong>quarto</strong></span> <span class='ocrx_word' id='word_1_208' title='bbox 1360 1905 1505 1961; x_wconf 81' lang='lat'>&lt;213&gt;</span> <span class='ocrx_word' id='word_1_209' title='bbox 1543 1902 1724 1958; x_wconf 89' lang='lat' dir='ltr'><strong>cuique</strong></span> <span class='ocrx_word' id='word_1_210' title='bbox 1761 1899 1866 1942; x_wconf 92' lang='lat' dir='ltr'><strong>loci</strong></span> <span class='ocrx_word' id='word_1_211' title='bbox 1896 1898 2038 1954; x_wconf 83' lang='lat' dir='ltr'><strong>leges</strong></span> 
     </span>
     <span class='ocr_line' id='line_1_24' title="bbox 330 1991 576 2035; baseline -0.02 1"><span class='ocrx_word' id='word_1_212' title='bbox 330 1991 576 2035; x_wconf 84' lang='lat' dir='ltr'><strong>dedimus.</strong></span> 
     </span>
    </p>

    <p class='ocr_par' dir='ltr' id='par_1_9' title="bbox 451 2039 2041 2109">
     <span class='ocr_line' id='line_1_25' title="bbox 451 2039 2041 2109; baseline -0.016 -3"><span class='ocrx_word' id='word_1_213' title='bbox 451 2061 548 2106; x_wconf 85' lang='lat'>325.</span> <span class='ocrx_word' id='word_1_214' title='bbox 598 2069 899 2109; x_wconf 71' lang='lat' dir='ltr'><strong>Possvn&#39;rovs</strong></span> <span class='ocrx_word' id='word_1_215' title='bbox 937 2066 1054 2099; x_wconf 70' lang='lat' dir='ltr'><strong>sono</strong></span> <span class='ocrx_word' id='word_1_216' title='bbox 1093 2062 1344 2096; x_wconf 81' lang='lat' dir='ltr'><strong>DEOEDERE</strong></span> <span class='ocrx_word' id='word_1_217' title='bbox 1383 2057 1566 2092; x_wconf 81' lang='lat' dir='ltr'>NOSTRO</span> <span class='ocrx_word' id='word_1_218' title='bbox 1614 2045 1695 2087; x_wconf 83' lang='lat' dir='ltr'><strong>scit</strong></span> <span class='ocrx_word' id='word_1_219' title='bbox 1739 2057 1812 2085; x_wconf 83' lang='lat' dir='ltr'><strong>eos</strong></span> <span class='ocrx_word' id='word_1_220' title='bbox 1850 2039 2041 2084; x_wconf 79' lang='lat' dir='ltr'><strong>fataliter</strong></span> 
     </span>
    </p>

    <p class='ocr_par' dir='ltr' id='par_1_10' title="bbox 262 2112 2045 2465">
     <span class='ocr_line' id='line_1_26' title="bbox 262 2112 2042 2179; baseline -0.015 0"><span class='ocrx_word' id='word_1_221' title='bbox 262 2146 307 2179; x_wconf 78' lang='lat'><strong>25</strong></span> <span class='ocrx_word' id='word_1_222' title='bbox 334 2136 388 2179; x_wconf 90' lang='lat' dir='ltr'><strong>ad</strong></span> <span class='ocrx_word' id='word_1_223' title='bbox 419 2134 594 2177; x_wconf 88' lang='lat' dir='ltr'><strong>Italiam</strong></span> <span class='ocrx_word' id='word_1_224' title='bbox 625 2131 811 2175; x_wconf 82' lang='lat' dir='ltr'><strong>venisse:</strong></span> <span class='ocrx_word' id='word_1_225' title='bbox 843 2143 945 2171; x_wconf 90' lang='lat' dir='ltr'><strong>nam</strong></span> <span class='ocrx_word' id='word_1_226' title='bbox 979 2125 1115 2170; x_wconf 90' lang='lat' dir='ltr'><strong>audiit</strong></span> <span class='ocrx_word' id='word_1_227' title='bbox 1146 2126 1190 2166; x_wconf 86' lang='lat' dir='ltr'><strong>et</strong></span> <span class='ocrx_word' id='word_1_228' title='bbox 1221 2138 1247 2165; x_wconf 86' lang='lat' dir='ltr'><strong>a</strong></span> <span class='ocrx_word' id='word_1_229' title='bbox 1278 2121 1438 2166; x_wconf 85' lang='lat' dir='ltr'><strong>Fauno</strong></span> <span class='ocrx_word' id='word_1_230' title='bbox 1460 2117 1574 2174; x_wconf 88' lang='lat' dir='ltr'>&lt;VII</span> <span class='ocrx_word' id='word_1_231' title='bbox 1606 2116 1693 2170; x_wconf 87' lang='lat'><strong>98&gt;</strong></span> <span class='ocrx_word' id='word_1_232' title='bbox 1727 2112 1928 2157; x_wconf 86' lang='lat' dir='ltr'><strong>externi</strong></span> <span class='ocrx_word' id='word_1_233' title='bbox 1958 2125 2042 2154; x_wconf 86' lang='lat' dir='ltr'><strong>ve-</strong></span> 
     </span>
     <span class='ocr_line' id='line_1_27' title="bbox 332 2182 2041 2262; baseline -0.016 -11"><span class='ocrx_word' id='word_1_234' title='bbox 332 2208 479 2251; x_wconf 90' lang='lat' dir='ltr'><strong>nient</strong></span> <span class='ocrx_word' id='word_1_235' title='bbox 530 2203 708 2262; x_wconf 86' lang='lat' dir='ltr'>generi</span> <span class='ocrx_word' id='word_1_236' title='bbox 758 2204 801 2244; x_wconf 88' lang='lat' dir='ltr'><strong>et</strong></span> <span class='ocrx_word' id='word_1_237' title='bbox 845 2200 899 2243; x_wconf 89' lang='lat' dir='ltr'><strong>ab</strong></span> <span class='ocrx_word' id='word_1_238' title='bbox 942 2198 1107 2241; x_wconf 93' lang='lat' dir='ltr'><strong>Ilioneo</strong></span> <span class='ocrx_word' id='word_1_239' title='bbox 1153 2193 1268 2250; x_wconf 87' lang='lat' dir='ltr'>&lt;VII</span> <span class='ocrx_word' id='word_1_240' title='bbox 1305 2191 1421 2246; x_wconf 79' lang='lat'>239&gt;</span> <span class='ocrx_word' id='word_1_241' title='bbox 1473 2189 1559 2232; x_wconf 90' lang='lat' dir='ltr'><strong>sed</strong></span> <span class='ocrx_word' id='word_1_242' title='bbox 1608 2201 1700 2230; x_wconf 91' lang='lat' dir='ltr'><strong>nos</strong></span> <span class='ocrx_word' id='word_1_243' title='bbox 1744 2185 1854 2228; x_wconf 85' lang='lat' dir='ltr'><strong>fata</strong></span> <span class='ocrx_word' id='word_1_244' title='bbox 1899 2182 2041 2225; x_wconf 92' lang='lat' dir='ltr'><strong>deum</strong></span> 
     </span>
     <span class='ocr_line' id='line_1_28' title="bbox 334 2255 2045 2330; baseline -0.016 -8"><span class='ocrx_word' id='word_1_245' title='bbox 334 2280 538 2323; x_wconf 85' lang='lat' dir='ltr'><strong>vestras</strong></span> <span class='ocrx_word' id='word_1_246' title='bbox 571 2274 843 2330; x_wconf 84' lang='lat' dir='ltr'>exquirere</span> <span class='ocrx_word' id='word_1_247' title='bbox 874 2274 1042 2314; x_wconf 83' lang='lat' dir='ltr'><strong>terras</strong></span> <span class='ocrx_word' id='word_1_248' title='bbox 1074 2264 1310 2322; x_wconf 87' lang='lat' dir='ltr'><strong>imperiis</strong></span> <span class='ocrx_word' id='word_1_249' title='bbox 1343 2255 1645 2319; x_wconf 56' lang='lat' dir='ltr'><strong>egere&#39;suis.</strong></span> <span class='ocrx_word' id='word_1_250' title='bbox 1694 2261 1842 2300; x_wconf 88' lang='lat' dir='ltr'><strong>tamen</strong></span> <span class='ocrx_word' id='word_1_251' title='bbox 1867 2255 2045 2310; x_wconf 87' lang='lat' dir='ltr'><strong>propter</strong></span> 
     </span>
     <span class='ocr_line' id='line_1_29' title="bbox 337 2333 2044 2401; baseline -0.017 -7"><span class='ocrx_word' id='word_1_252' title='bbox 337 2351 529 2393; x_wconf 82' lang='lat' dir='ltr'><strong>Turnum</strong></span> <span class='ocrx_word' id='word_1_253' title='bbox 563 2346 743 2390; x_wconf 86' lang='lat' dir='ltr'><strong>simulat</strong></span> <span class='ocrx_word' id='word_1_254' title='bbox 773 2341 1078 2401; x_wconf 86' lang='lat' dir='ltr'><strong>ignorantiam,</strong></span> <span class='ocrx_word' id='word_1_255' title='bbox 1111 2340 1159 2380; x_wconf 88' lang='lat' dir='ltr'><strong>ut</strong></span> <span class='ocrx_word' id='word_1_256' title='bbox 1191 2351 1236 2379; x_wconf 89' lang='lat' dir='ltr'><strong>se</strong></span> <span class='ocrx_word' id='word_1_257' title='bbox 1269 2336 1400 2378; x_wconf 88' lang='lat' dir='ltr'><strong>etiam</strong></span> <span class='ocrx_word' id='word_1_258' title='bbox 1431 2333 1544 2375; x_wconf 88' lang='lat' dir='ltr'><strong>circa</strong></span> <span class='ocrx_word' id='word_1_259' title='bbox 1577 2345 1674 2373; x_wconf 91' lang='lat' dir='ltr'><strong>eum</strong></span> <span class='ocrx_word' id='word_1_260' title='bbox 1706 2341 1890 2383; x_wconf 90' lang='lat' dir='ltr'><strong>aequum</strong></span> <span class='ocrx_word' id='word_1_261' title='bbox 1921 2338 2044 2380; x_wconf 87' lang='lat' dir='ltr'>prae-</span> 
     </span>
     <span class='ocr_line' id='line_1_30' title="bbox 338 2399 1717 2465; baseline -0.016 -1"><span class='ocrx_word' id='word_1_262' title='bbox 338 2424 453 2465; x_wconf 86' lang='lat' dir='ltr'><strong>stare</strong></span> <span class='ocrx_word' id='word_1_263' title='bbox 484 2419 694 2462; x_wconf 86' lang='lat' dir='ltr'><strong>videatur.</strong></span> <span class='ocrx_word' id='word_1_264' title='bbox 757 2414 943 2457; x_wconf 88' lang='lat' dir='ltr'><strong>multum</strong></span> <span class='ocrx_word' id='word_1_265' title='bbox 976 2414 1042 2455; x_wconf 85' lang='lat' dir='ltr'><strong>est</strong></span> <span class='ocrx_word' id='word_1_266' title='bbox 1074 2412 1218 2453; x_wconf 88' lang='lat' dir='ltr'><strong>autem</strong></span> <span class='ocrx_word' id='word_1_267' title='bbox 1252 2406 1365 2462; x_wconf 88' lang='lat' dir='ltr'><strong>quod</strong></span> <span class='ocrx_word' id='word_1_268' title='bbox 1398 2405 1461 2446; x_wconf 89' lang='lat' dir='ltr'><strong>ait</strong></span> <span class='ocrx_word' id='word_1_269' title='bbox 1491 2399 1717 2459; x_wconf 69' lang='lat' dir='ltr'><strong>‘possunt&#39;.</strong></span> 
     </span>
    </p>

    <p class='ocr_par' dir='ltr' id='par_1_11' title="bbox 267 2466 2051 2614">
     <span class='ocr_line' id='line_1_31' title="bbox 267 2466 2050 2535; baseline -0.016 1"><span class='ocrx_word' id='word_1_270' title='bbox 267 2503 312 2535; x_wconf 89' lang='lat'><strong>30</strong></span> <span class='ocrx_word' id='word_1_271' title='bbox 457 2490 557 2534; x_wconf 80' lang='lat'><strong>326.</strong></span> <span class='ocrx_word' id='word_1_272' title='bbox 606 2505 670 2531; x_wconf 82' lang='lat' dir='ltr'><strong>BIS</strong></span> <span class='ocrx_word' id='word_1_273' title='bbox 699 2502 830 2530; x_wconf 80' lang='lat' dir='ltr'><em>DENAS</em></span> <span class='ocrx_word' id='word_1_274' title='bbox 859 2501 974 2528; x_wconf 73' lang='lat' dir='ltr'><em>ITALo</em></span> <span class='ocrx_word' id='word_1_275' title='bbox 1010 2497 1191 2525; x_wconf 76' lang='lat' dir='ltr'><strong><em>TEXAMVS</em></strong></span> <span class='ocrx_word' id='word_1_276' title='bbox 1217 2494 1366 2522; x_wconf 78' lang='lat' dir='ltr'><em>ROBORE</em></span> <span class='ocrx_word' id='word_1_277' title='bbox 1391 2493 1443 2519; x_wconf 80' lang='lat' dir='ltr'><strong>NA</strong></span> <span class='ocrx_word' id='word_1_278' title='bbox 1452 2492 1521 2519; x_wconf 83' lang='lat' dir='ltr'><strong>VES</strong></span> <span class='ocrx_word' id='word_1_279' title='bbox 1548 2473 1761 2528; x_wconf 74' lang='lat' dir='ltr'><strong>quaeritur</strong></span> <span class='ocrx_word' id='word_1_280' title='bbox 1784 2469 1891 2512; x_wconf 74' lang='lat' dir='ltr'><strong>unde</strong></span> <span class='ocrx_word' id='word_1_281' title='bbox 1913 2466 2050 2510; x_wconf 75' lang='lat' dir='ltr'><strong>scierit</strong></span> 
     </span>
     <span class='ocr_line' id='line_1_32' title="bbox 339 2538 2051 2614; baseline -0.016 -7"><span class='ocrx_word' id='word_1_282' title='bbox 339 2564 537 2613; x_wconf 75' lang='lat' dir='ltr'><strong>Latinus,</strong></span> <span class='ocrx_word' id='word_1_283' title='bbox 583 2559 731 2614; x_wconf 72' lang='lat' dir='ltr'><strong>viyinti</strong></span> <span class='ocrx_word' id='word_1_284' title='bbox 780 2570 905 2599; x_wconf 76' lang='lat' dir='ltr'><strong>naves</strong></span> <span class='ocrx_word' id='word_1_285' title='bbox 946 2553 1134 2596; x_wconf 78' lang='lat' dir='ltr'><strong>habuisse</strong></span> <span class='ocrx_word' id='word_1_286' title='bbox 1170 2550 1363 2599; x_wconf 65' lang='lat' dir='ltr'>Aeneam</span> <span class='ocrx_word' id='word_1_287' title='bbox 1413 2547 1483 2590; x_wconf 80' lang='lat' dir='ltr'><strong>sed</strong></span> <span class='ocrx_word' id='word_1_288' title='bbox 1524 2546 1585 2588; x_wconf 75' lang='lat' dir='ltr'><strong>ita</strong></span> <span class='ocrx_word' id='word_1_289' title='bbox 1627 2542 1870 2587; x_wconf 56' lang='lat' dir='ltr'><strong>absolvitur:</strong></span> <span class='ocrx_word' id='word_1_290' title='bbox 1912 2538 2051 2594; x_wconf 70' lang='lat' dir='ltr'><strong>potuit</strong></span> 
     </span>
    </p>
   </div>
   <div class='ocr_carea' id='block_1_3' title="bbox 342 2638 628 2648">
    <p class='ocr_par' dir='ltr' id='par_1_12' title="bbox 342 2638 628 2648">
     <span class='ocr_line' id='line_1_33' title="bbox 342 2638 628 2648; baseline 0 966"><span class='ocrx_word' id='word_1_291' title='bbox 342 2638 628 2648; x_wconf 95' lang='lat' dir='ltr'><strong> </strong></span> 
     </span>
    </p>
   </div>
   <div class='ocr_carea' id='block_1_4' title="bbox 343 2643 2057 3321">
    <p class='ocr_par' dir='ltr' id='par_1_13' title="bbox 343 2643 2057 3321">
     <span class='ocr_line' id='line_1_34' title="bbox 439 2643 2048 2711; baseline -0.016 -8"><span class='ocrx_word' id='word_1_292' title='bbox 439 2671 458 2703; x_wconf 93' lang='lat'>1</span> <span class='ocrx_word' id='word_1_293' title='bbox 484 2666 522 2703; x_wconf 91' lang='lat' dir='ltr'><strong>in</strong></span> <span class='ocrx_word' id='word_1_294' title='bbox 548 2664 683 2711; x_wconf 78' lang='lat' dir='ltr'><strong>quibus</strong></span> <span class='ocrx_word' id='word_1_295' title='bbox 709 2673 775 2698; x_wconf 88' lang='lat' dir='ltr'><strong>om.</strong></span> <span class='ocrx_word' id='word_1_296' title='bbox 795 2660 832 2697; x_wconf 83' lang='lat' dir='ltr'><em>R</em></span> <span class='ocrx_word' id='word_1_297' title='bbox 850 2662 863 2707; x_wconf 77' lang='lat' dir='ltr'>ss</span> <span class='ocrx_word' id='word_1_298' title='bbox 881 2664 902 2696; x_wconf 84' lang='lat'>2</span> <span class='ocrx_word' id='word_1_299' title='bbox 929 2657 1069 2705; x_wconf 79' lang='lat' dir='ltr'><strong>singuli</strong></span> <span class='ocrx_word' id='word_1_300' title='bbox 1087 2656 1123 2692; x_wconf 81' lang='lat' dir='ltr'><strong><em>A</em></strong></span> <span class='ocrx_word' id='word_1_301' title='bbox 1142 2658 1154 2703; x_wconf 78' lang='grc' dir='ltr'><strong>ΙΙ</strong></span> <span class='ocrx_word' id='word_1_302' title='bbox 1173 2660 1194 2691; x_wconf 87' lang='grc'><strong>3</strong></span> <span class='ocrx_word' id='word_1_303' title='bbox 1221 2653 1385 2700; x_wconf 86' lang='lat' dir='ltr'><strong>saepius]</strong></span> <span class='ocrx_word' id='word_1_304' title='bbox 1411 2652 1514 2698; x_wconf 83' lang='lat' dir='ltr'><strong>prius</strong></span> <span class='ocrx_word' id='word_1_305' title='bbox 1535 2650 1583 2685; x_wconf 90' lang='lat' dir='ltr'><strong><em>M</em></strong></span> <span class='ocrx_word' id='word_1_306' title='bbox 1600 2651 1613 2704; x_wconf 73' lang='grc' dir='ltr'><strong>[Ι</strong></span> <span class='ocrx_word' id='word_1_307' title='bbox 1631 2648 1711 2695; x_wconf 89' lang='lat' dir='ltr'><strong>qui]</strong></span> <span class='ocrx_word' id='word_1_308' title='bbox 1739 2647 1798 2682; x_wconf 87' lang='lat' dir='ltr'><strong>illi</strong></span> <span class='ocrx_word' id='word_1_309' title='bbox 1823 2646 1950 2682; x_wconf 87' lang='lat' dir='ltr'><strong>autem</strong></span> <span class='ocrx_word' id='word_1_310' title='bbox 1969 2643 2048 2679; x_wconf 86' lang='lat' dir='ltr'><strong>Da-</strong></span> 
     </span>
     <span class='ocr_line' id='line_1_35' title="bbox 343 2690 2051 2762; baseline -0.016 -10"><span class='ocrx_word' id='word_1_311' title='bbox 343 2717 418 2752; x_wconf 74' lang='lat' dir='ltr'><strong>‘niel</strong></span> <span class='ocrx_word' id='word_1_312' title='bbox 435 2717 448 2762; x_wconf 83' lang='grc'><strong>11</strong></span> <span class='ocrx_word' id='word_1_313' title='bbox 466 2719 489 2750; x_wconf 85' lang='grc'>4</span> <span class='ocrx_word' id='word_1_314' title='bbox 514 2711 674 2749; x_wconf 85' lang='lat' dir='ltr'><strong>sacranii</strong></span> <span class='ocrx_word' id='word_1_315' title='bbox 693 2710 733 2746; x_wconf 99' lang='lat' dir='ltr'><em>F</em></span> <span class='ocrx_word' id='word_1_316' title='bbox 749 2711 761 2757; x_wconf 80' lang='lat' dir='ltr'>ss</span> <span class='ocrx_word' id='word_1_317' title='bbox 780 2713 801 2744; x_wconf 88' lang='grc'>6</span> <span class='ocrx_word' id='word_1_318' title='bbox 825 2720 912 2744; x_wconf 89' lang='lat' dir='ltr'><strong>nam</strong></span> <span class='ocrx_word' id='word_1_319' title='bbox 939 2706 994 2742; x_wconf 87' lang='lat' dir='ltr'><strong>ait</strong></span> <span class='ocrx_word' id='word_1_320' title='bbox 1019 2715 1132 2750; x_wconf 87' lang='lat' dir='ltr'><strong>supra</strong></span> <span class='ocrx_word' id='word_1_321' title='bbox 1150 2703 1200 2739; x_wconf 90' lang='lat' dir='ltr'><em>M</em></span> <span class='ocrx_word' id='word_1_322' title='bbox 1213 2704 1226 2750; x_wconf 81' lang='grc'><strong>11</strong></span> <span class='ocrx_word' id='word_1_323' title='bbox 1245 2706 1265 2743; x_wconf 86' lang='grc'>8</span> <span class='ocrx_word' id='word_1_324' title='bbox 1292 2701 1340 2737; x_wconf 85' lang='lat' dir='ltr'><strong>ad</strong></span> <span class='ocrx_word' id='word_1_325' title='bbox 1359 2712 1425 2737; x_wconf 85' lang='lat' dir='ltr'><strong>om.</strong></span> <span class='ocrx_word' id='word_1_326' title='bbox 1448 2699 1489 2735; x_wconf 90' lang='lat' dir='ltr'><em>F</em></span> <span class='ocrx_word' id='word_1_327' title='bbox 1503 2700 1515 2745; x_wconf 78' lang='grc' dir='ltr'><strong>ΙΙ</strong></span> <span class='ocrx_word' id='word_1_328' title='bbox 1534 2697 1629 2743; x_wconf 86' lang='lat' dir='ltr'>reg1]</span> <span class='ocrx_word' id='word_1_329' title='bbox 1658 2696 1712 2731; x_wconf 89' lang='lat' dir='ltr'><strong>rei</strong></span> <span class='ocrx_word' id='word_1_330' title='bbox 1730 2694 1767 2730; x_wconf 83' lang='lat' dir='ltr'><em>R</em></span> <span class='ocrx_word' id='word_1_331' title='bbox 1785 2695 1797 2741; x_wconf 84' lang='grc' dir='ltr'><strong>ΙΙ</strong></span> <span class='ocrx_word' id='word_1_332' title='bbox 1816 2692 1959 2728; x_wconf 83' lang='lat' dir='ltr'><strong>dabunt</strong></span> <span class='ocrx_word' id='word_1_333' title='bbox 1977 2690 2018 2726; x_wconf 93' lang='lat' dir='ltr'><em>F</em></span> <span class='ocrx_word' id='word_1_334' title='bbox 2038 2690 2051 2737; x_wconf 78' lang='grc' dir='ltr'>Η</span> 
     </span>
     <span class='ocr_line' id='line_1_36' title="bbox 345 2741 2050 2809; baseline -0.016 -9"><span class='ocrx_word' id='word_1_335' title='bbox 345 2769 366 2800; x_wconf 88' lang='grc'>9</span> <span class='ocrx_word' id='word_1_336' title='bbox 392 2762 494 2809; x_wconf 88' lang='lat' dir='ltr'><strong>quod</strong></span> <span class='ocrx_word' id='word_1_337' title='bbox 517 2772 584 2797; x_wconf 87' lang='lat' dir='ltr'><strong>om.</strong></span> <span class='ocrx_word' id='word_1_338' title='bbox 605 2759 642 2795; x_wconf 81' lang='lat' dir='ltr'><strong><em>R</em></strong></span> <span class='ocrx_word' id='word_1_339' title='bbox 660 2760 672 2805; x_wconf 83' lang='grc'><strong>11</strong></span> <span class='ocrx_word' id='word_1_340' title='bbox 690 2756 876 2804; x_wconf 87' lang='lat' dir='ltr'><strong>potuisset</strong></span> <span class='ocrx_word' id='word_1_341' title='bbox 900 2754 936 2790; x_wconf 82' lang='lat' dir='ltr'><em>R</em></span> <span class='ocrx_word' id='word_1_342' title='bbox 954 2756 967 2800; x_wconf 84' lang='grc' dir='ltr'><strong>ΙΙ</strong></span> <span class='ocrx_word' id='word_1_343' title='bbox 985 2755 1028 2789; x_wconf 87' lang='grc' dir='ltr'><strong>11ὴ</strong></span> <span class='ocrx_word' id='word_1_344' title='bbox 1053 2764 1119 2789; x_wconf 85' lang='lat' dir='ltr'><strong>om.</strong></span> <span class='ocrx_word' id='word_1_345' title='bbox 1140 2751 1180 2786; x_wconf 87' lang='lat' dir='ltr'><em>F</em></span> <span class='ocrx_word' id='word_1_346' title='bbox 1195 2752 1208 2796; x_wconf 80' lang='grc' dir='ltr'><strong>ΙΙ</strong></span> <span class='ocrx_word' id='word_1_347' title='bbox 1241 2753 1282 2785; x_wconf 92' lang='grc'><strong>12</strong></span> <span class='ocrx_word' id='word_1_348' title='bbox 1308 2748 1401 2801; x_wconf 84' lang='lat' dir='ltr'><strong>vile]</strong></span> <span class='ocrx_word' id='word_1_349' title='bbox 1426 2747 1520 2782; x_wconf 89' lang='lat' dir='ltr'><strong>utile</strong></span> <span class='ocrx_word' id='word_1_350' title='bbox 1548 2746 1592 2781; x_wconf 88' lang='lat' dir='ltr'><em>M</em></span> <span class='ocrx_word' id='word_1_351' title='bbox 1612 2745 1625 2789; x_wconf 75' lang='grc' dir='ltr'><strong>ΙΙ</strong></span> <span class='ocrx_word' id='word_1_352' title='bbox 1644 2743 1693 2779; x_wconf 82' lang='lat' dir='ltr'><strong>ad</strong></span> <span class='ocrx_word' id='word_1_353' title='bbox 1717 2753 1748 2778; x_wconf 88' lang='lat' dir='ltr'><strong>v.</strong></span> <span class='ocrx_word' id='word_1_354' title='bbox 1775 2744 1844 2777; x_wconf 85' lang='lat'><strong>319</strong></span> <span class='ocrx_word' id='word_1_355' title='bbox 1869 2741 1912 2775; x_wconf 73' lang='lat' dir='ltr'><strong>in</strong></span> <span class='ocrx_word' id='word_1_356' title='bbox 1936 2748 2050 2783; x_wconf 75' lang='lat' dir='ltr'><strong>mary.</strong></span> 
     </span>
     <span class='ocr_line' id='line_1_37' title="bbox 346 2784 2051 2850; baseline -0.016 -3"><span class='ocrx_word' id='word_1_357' title='bbox 346 2809 526 2847; x_wconf 81' lang='lat' dir='ltr'>extenuat</span> <span class='ocrx_word' id='word_1_358' title='bbox 550 2806 726 2843; x_wconf 86' lang='lat' dir='ltr'><strong>meritum</strong></span> <span class='ocrx_word' id='word_1_359' title='bbox 751 2804 834 2850; x_wconf 85' lang='lat' dir='ltr'><strong>agri</strong></span> <span class='ocrx_word' id='word_1_360' title='bbox 858 2813 904 2839; x_wconf 92' lang='lat' dir='ltr'><strong>ne</strong></span> <span class='ocrx_word' id='word_1_361' title='bbox 930 2812 1044 2847; x_wconf 87' lang='lat' dir='ltr'><strong>graue</strong></span> <span class='ocrx_word' id='word_1_362' title='bbox 1070 2800 1243 2835; x_wconf 84' lang='lat' dir='ltr'><strong>uideatur</strong></span> <span class='ocrx_word' id='word_1_363' title='bbox 1261 2797 1320 2832; x_wconf 81' lang='lat' dir='ltr'><strong>his</strong></span> <span class='ocrx_word' id='word_1_364' title='bbox 1340 2796 1475 2841; x_wconf 80' lang='lat' dir='ltr'><strong>quibus</strong></span> <span class='ocrx_word' id='word_1_365' title='bbox 1494 2791 1715 2828; x_wconf 81' lang='lat' dir='ltr'><strong>auferendus</strong></span> <span class='ocrx_word' id='word_1_366' title='bbox 1734 2790 1792 2825; x_wconf 83' lang='lat' dir='ltr'><strong>est</strong></span> <span class='ocrx_word' id='word_1_367' title='bbox 1813 2787 1847 2823; x_wconf 78' lang='lat' dir='ltr'><strong><em>T</em></strong></span> <span class='ocrx_word' id='word_1_368' title='bbox 1861 2789 1872 2834; x_wconf 89' lang='grc' dir='ltr'><strong>ΙΙ</strong></span> <span class='ocrx_word' id='word_1_369' title='bbox 1893 2790 1935 2822; x_wconf 87' lang='grc'><strong>13</strong></span> <span class='ocrx_word' id='word_1_370' title='bbox 1955 2784 2051 2820; x_wconf 90' lang='lat' dir='ltr'><strong>illud</strong></span> 
     </span>
     <span class='ocr_line' id='line_1_38' title="bbox 345 2832 2052 2929; baseline -0.016 -35"><span class='ocrx_word' id='word_1_371' title='bbox 345 2870 412 2895; x_wconf 87' lang='lat' dir='ltr'><strong>om.</strong></span> <span class='ocrx_word' id='word_1_372' title='bbox 439 2857 484 2892; x_wconf 88' lang='grc' dir='ltr'>Η</span> <span class='ocrx_word' id='word_1_373' title='bbox 489 2856 538 2892; x_wconf 91' lang='grc' dir='ltr'><strong>Μ</strong></span> <span class='ocrx_word' id='word_1_374' title='bbox 543 2855 583 2891; x_wconf 90' lang='lat' dir='ltr'><em>F</em></span> <span class='ocrx_word' id='word_1_375' title='bbox 610 2856 623 2901; x_wconf 82' lang='grc' dir='ltr'><strong>ΙΙ</strong></span> <span class='ocrx_word' id='word_1_376' title='bbox 661 2857 706 2888; x_wconf 88' lang='lat'><strong>14</strong></span> <span class='ocrx_word' id='word_1_377' title='bbox 728 2851 815 2898; x_wconf 90' lang='lat' dir='ltr'>nec]</span> <span class='ocrx_word' id='word_1_378' title='bbox 841 2861 916 2886; x_wconf 89' lang='lat' dir='ltr'><strong>non</strong></span> <span class='ocrx_word' id='word_1_379' title='bbox 943 2848 983 2885; x_wconf 91' lang='lat' dir='ltr'><em>F</em></span> <span class='ocrx_word' id='word_1_380' title='bbox 1005 2850 1022 2929; x_wconf 47' lang='grc'><strong>11</strong></span> <span class='ocrx_word' id='word_1_381' title='bbox 1054 2847 1227 2893; x_wconf 83' lang='lat' dir='ltr'><strong>operibus</strong></span> <span class='ocrx_word' id='word_1_382' title='bbox 1253 2844 1350 2880; x_wconf 89' lang='lat' dir='ltr'><strong>HM</strong></span> <span class='ocrx_word' id='word_1_383' title='bbox 1376 2844 1388 2890; x_wconf 85' lang='grc' dir='ltr'><strong>ΙΙ</strong></span> <span class='ocrx_word' id='word_1_384' title='bbox 1426 2846 1468 2878; x_wconf 81' lang='lat'><strong>15</strong></span> <span class='ocrx_word' id='word_1_385' title='bbox 1495 2842 1544 2877; x_wconf 84' lang='lat' dir='ltr'><strong>ad</strong></span> <span class='ocrx_word' id='word_1_386' title='bbox 1568 2849 1765 2875; x_wconf 76' lang='lat' dir='ltr'>ASPERBIMA</span> <span class='ocrx_word' id='word_1_387' title='bbox 1788 2846 1816 2872; x_wconf 84' lang='lat' dir='ltr'><strong>s.</strong></span> <span class='ocrx_word' id='word_1_388' title='bbox 1841 2846 1873 2871; x_wconf 82' lang='lat' dir='ltr'><strong>v.</strong></span> <span class='ocrx_word' id='word_1_389' title='bbox 1900 2832 2052 2879; x_wconf 86' lang='lat' dir='ltr'><strong>quidam</strong></span> 
     </span>
     <span class='ocr_line' id='line_1_39' title="bbox 346 2883 2051 2951; baseline -0.015 -10"><span class='ocrx_word' id='word_1_390' title='bbox 346 2903 568 2951; x_wconf 81' lang='lat' dir='ltr'><strong>asperrimas</strong></span> <span class='ocrx_word' id='word_1_391' title='bbox 594 2902 720 2947; x_wconf 82' lang='lat' dir='ltr'><strong>partes</strong></span> <span class='ocrx_word' id='word_1_392' title='bbox 746 2898 942 2944; x_wconf 67' lang='lat' dir='ltr'><strong>accipiunt.</strong></span> <span class='ocrx_word' id='word_1_393' title='bbox 983 2907 1005 2931; x_wconf 90' lang='lat' dir='ltr'><strong>a</strong></span> <span class='ocrx_word' id='word_1_394' title='bbox 1022 2895 1049 2930; x_wconf 89' lang='lat' dir='ltr'><strong>ii</strong></span> <span class='ocrx_word' id='word_1_395' title='bbox 1074 2893 1279 2940; x_wconf 86' lang='lat' dir='ltr'><strong>asperrima</strong></span> <span class='ocrx_word' id='word_1_396' title='bbox 1302 2892 1387 2927; x_wconf 89' lang='lat' dir='ltr'><strong>loca</strong></span> <span class='ocrx_word' id='word_1_397' title='bbox 1412 2887 1640 2926; x_wconf 85' lang='lat' dir='ltr'><strong>subaudiunt</strong></span> <span class='ocrx_word' id='word_1_398' title='bbox 1667 2885 1701 2920; x_wconf 83' lang='grc' dir='ltr'><em>Τ</em></span> <span class='ocrx_word' id='word_1_399' title='bbox 1725 2886 1738 2930; x_wconf 74' lang='lat'><strong>1!</strong></span> <span class='ocrx_word' id='word_1_400' title='bbox 1768 2883 1818 2919; x_wconf 82' lang='lat' dir='ltr'><strong>ad</strong></span> <span class='ocrx_word' id='word_1_401' title='bbox 1841 2893 1934 2916; x_wconf 72' lang='lat' dir='ltr'><strong>msc</strong></span> <span class='ocrx_word' id='word_1_402' title='bbox 1961 2892 1993 2915; x_wconf 92' lang='lat' dir='ltr'><strong>o.</strong></span> <span class='ocrx_word' id='word_1_403' title='bbox 2018 2891 2051 2916; x_wconf 73' lang='lat' dir='ltr'><strong>n.</strong></span> 
     </span>
     <span class='ocr_line' id='line_1_40' title="bbox 347 2928 2052 2998; baseline -0.016 -9"><span class='ocrx_word' id='word_1_404' title='bbox 347 2955 393 2998; x_wconf 86' lang='lat' dir='ltr'><strong>(v.</strong></span> <span class='ocrx_word' id='word_1_405' title='bbox 415 2953 499 2996; x_wconf 86' lang='grc'><strong>320)</strong></span> <span class='ocrx_word' id='word_1_406' title='bbox 525 2950 597 2986; x_wconf 87' lang='grc'>1100</span> <span class='ocrx_word' id='word_1_407' title='bbox 623 2948 780 2984; x_wconf 89' lang='lat' dir='ltr'><strong>dicendo</strong></span> <span class='ocrx_word' id='word_1_408' title='bbox 805 2943 1047 2982; x_wconf 84' lang='lat' dir='ltr'><strong>latitudinem</strong></span> <span class='ocrx_word' id='word_1_409' title='bbox 1072 2941 1154 2987; x_wconf 84' lang='lat' dir='ltr'><strong>agri</strong></span> <span class='ocrx_word' id='word_1_410' title='bbox 1173 2939 1339 2977; x_wconf 84' lang='lat' dir='ltr'><strong>ostendit</strong></span> <span class='ocrx_word' id='word_1_411' title='bbox 1363 2938 1397 2973; x_wconf 79' lang='lat' dir='ltr'><em>T</em></span> <span class='ocrx_word' id='word_1_412' title='bbox 1413 2939 1425 2983; x_wconf 86' lang='grc' dir='ltr'><strong>ΙΙ</strong></span> <span class='ocrx_word' id='word_1_413' title='bbox 1446 2940 1489 2972; x_wconf 89' lang='grc'><strong>18</strong></span> <span class='ocrx_word' id='word_1_414' title='bbox 1515 2936 1565 2972; x_wconf 81' lang='lat' dir='ltr'><strong>ad</strong></span> <span class='ocrx_word' id='word_1_415' title='bbox 1583 2938 1766 2969; x_wconf 68' lang='lat' dir='ltr'><strong>Amorum</strong></span> <span class='ocrx_word' id='word_1_416' title='bbox 1784 2941 1812 2966; x_wconf 81' lang='grc' dir='ltr'><strong>ε.</strong></span> <span class='ocrx_word' id='word_1_417' title='bbox 1832 2940 1864 2965; x_wconf 82' lang='lat' dir='ltr'><strong>v.</strong></span> <span class='ocrx_word' id='word_1_418' title='bbox 1892 2930 1930 2964; x_wconf 86' lang='lat' dir='ltr'><strong>et</strong></span> <span class='ocrx_word' id='word_1_419' title='bbox 1954 2928 2052 2964; x_wconf 87' lang='lat' dir='ltr'><strong>bono</strong></span> 
     </span>
     <span class='ocr_line' id='line_1_41' title="bbox 346 2975 2019 3036; baseline -0.016 0"><span class='ocrx_word' id='word_1_420' title='bbox 346 2999 462 3036; x_wconf 88' lang='lat' dir='ltr'><strong>uerbo</strong></span> <span class='ocrx_word' id='word_1_421' title='bbox 493 3009 581 3033; x_wconf 86' lang='lat' dir='ltr'><strong>usus</strong></span> <span class='ocrx_word' id='word_1_422' title='bbox 612 2997 671 3031; x_wconf 89' lang='lat' dir='ltr'><strong>est</strong></span> <span class='ocrx_word' id='word_1_423' title='bbox 703 2993 892 3031; x_wconf 83' lang='lat' dir='ltr'><strong>amicitiae</strong></span> <span class='ocrx_word' id='word_1_424' title='bbox 921 3002 997 3027; x_wconf 91' lang='lat' dir='ltr'><strong>non</strong></span> <span class='ocrx_word' id='word_1_425' title='bbox 1021 3001 1089 3035; x_wconf 85' lang='lat' dir='ltr'><strong>pro</strong></span> <span class='ocrx_word' id='word_1_426' title='bbox 1114 2988 1284 3025; x_wconf 77' lang='lat' dir='ltr'><strong>hostibus</strong></span> <span class='ocrx_word' id='word_1_427' title='bbox 1309 2997 1355 3022; x_wconf 92' lang='lat' dir='ltr'><strong>ne</strong></span> <span class='ocrx_word' id='word_1_428' title='bbox 1382 2983 1489 3030; x_wconf 80' lang='lat' dir='ltr'><strong>quasi</strong></span> <span class='ocrx_word' id='word_1_429' title='bbox 1513 2981 1604 3018; x_wconf 90' lang='lat' dir='ltr'><strong>uicti</strong></span> <span class='ocrx_word' id='word_1_430' title='bbox 1629 2981 1717 3015; x_wconf 87' lang='lat' dir='ltr'><strong>dare</strong></span> <span class='ocrx_word' id='word_1_431' title='bbox 1742 2977 1958 3013; x_wconf 80' lang='lat' dir='ltr'><strong>uiderentur</strong></span> <span class='ocrx_word' id='word_1_432' title='bbox 1986 2975 2019 3010; x_wconf 84' lang='grc' dir='ltr'><strong><em>Τ</em></strong></span> 
     </span>
     <span class='ocr_line' id='line_1_42' title="bbox 347 3021 2022 3089; baseline -0.016 -6"><span class='ocrx_word' id='word_1_433' title='bbox 347 3059 434 3083; x_wconf 87' lang='lat' dir='ltr'><strong>usus</strong></span> <span class='ocrx_word' id='word_1_434' title='bbox 461 3046 518 3082; x_wconf 86' lang='lat' dir='ltr'><strong>est</strong></span> <span class='ocrx_word' id='word_1_435' title='bbox 541 3055 608 3081; x_wconf 87' lang='lat' dir='ltr'><strong>om.</strong></span> <span class='ocrx_word' id='word_1_436' title='bbox 630 3043 671 3078; x_wconf 93' lang='lat' dir='ltr'><em>F</em></span> <span class='ocrx_word' id='word_1_437' title='bbox 685 3044 698 3089; x_wconf 86' lang='grc' dir='ltr'><strong>ΙΙ</strong></span> <span class='ocrx_word' id='word_1_438' title='bbox 716 3054 767 3078; x_wconf 79' lang='lat' dir='ltr'><strong>an</strong></span> <span class='ocrx_word' id='word_1_439' title='bbox 790 3052 867 3076; x_wconf 90' lang='lat' dir='ltr'><strong>non</strong></span> <span class='ocrx_word' id='word_1_440' title='bbox 891 3038 1061 3075; x_wconf 85' lang='lat' dir='ltr'><strong>hostibus</strong></span> <span class='ocrx_word' id='word_1_441' title='bbox 1087 3038 1112 3073; x_wconf 79' lang='lat' dir='ltr'><strong>i.</strong></span> <span class='ocrx_word' id='word_1_442' title='bbox 1132 3048 1159 3072; x_wconf 86' lang='lat' dir='ltr'><strong>e.</strong></span> <span class='ocrx_word' id='word_1_443' title='bbox 1189 3034 1320 3071; x_wconf 81' lang='lat' dir='ltr'><strong>‘cedat&#39;</strong></span> <span class='ocrx_word' id='word_1_444' title='bbox 1338 3038 1354 3069; x_wconf 73' lang='grc' dir='ltr'>Ῥ</span> <span class='ocrx_word' id='word_1_445' title='bbox 1373 3034 1386 3080; x_wconf 83' lang='grc' dir='ltr'><strong>ΙΙ</strong></span> <span class='ocrx_word' id='word_1_446' title='bbox 1415 3036 1457 3068; x_wconf 85' lang='grc'><strong>19</strong></span> <span class='ocrx_word' id='word_1_447' title='bbox 1483 3031 1602 3066; x_wconf 83' lang='lat' dir='ltr'><strong>uictas</strong></span> <span class='ocrx_word' id='word_1_448' title='bbox 1626 3027 1665 3063; x_wconf 89' lang='lat' dir='ltr'><em>F</em></span> <span class='ocrx_word' id='word_1_449' title='bbox 1683 3028 1695 3073; x_wconf 79' lang='grc' dir='ltr'><strong>ΙΙ</strong></span> <span class='ocrx_word' id='word_1_450' title='bbox 1715 3030 1757 3061; x_wconf 90' lang='grc'><strong>21</strong></span> <span class='ocrx_word' id='word_1_451' title='bbox 1783 3025 1956 3060; x_wconf 83' lang='lat' dir='ltr'><strong>neutrum</strong></span> <span class='ocrx_word' id='word_1_452' title='bbox 1981 3021 2022 3057; x_wconf 94' lang='lat' dir='ltr'><em>F</em></span> 
     </span>
     <span class='ocr_line' id='line_1_43' title="bbox 348 3070 2053 3139; baseline -0.016 -8"><span class='ocrx_word' id='word_1_453' title='bbox 348 3099 395 3131; x_wconf 83' lang='lat'><strong>28</strong></span> <span class='ocrx_word' id='word_1_454' title='bbox 422 3103 582 3139; x_wconf 86' lang='lat' dir='ltr'><strong>aequam</strong></span> <span class='ocrx_word' id='word_1_455' title='bbox 608 3090 648 3126; x_wconf 93' lang='lat' dir='ltr'><em>F</em></span> <span class='ocrx_word' id='word_1_456' title='bbox 673 3092 685 3137; x_wconf 88' lang='grc' dir='ltr'><strong>ΙΙ</strong></span> <span class='ocrx_word' id='word_1_457' title='bbox 721 3094 766 3126; x_wconf 86' lang='grc'><strong>29</strong></span> <span class='ocrx_word' id='word_1_458' title='bbox 792 3088 940 3124; x_wconf 87' lang='lat' dir='ltr'><strong>uidetur</strong></span> <span class='ocrx_word' id='word_1_459' title='bbox 965 3085 1006 3121; x_wconf 89' lang='lat' dir='ltr'><em>F</em></span> <span class='ocrx_word' id='word_1_460' title='bbox 1027 3086 1039 3132; x_wconf 78' lang='grc' dir='ltr'><strong>ΙΙ</strong></span> <span class='ocrx_word' id='word_1_461' title='bbox 1076 3088 1120 3119; x_wconf 91' lang='grc'><strong>30</strong></span> <span class='ocrx_word' id='word_1_462' title='bbox 1147 3085 1205 3120; x_wconf 83' lang='lat' dir='ltr'><strong>ad.</strong></span> <span class='ocrx_word' id='word_1_463' title='bbox 1231 3094 1263 3118; x_wconf 83' lang='lat' dir='ltr'><strong>v.</strong></span> <span class='ocrx_word' id='word_1_464' title='bbox 1291 3085 1359 3117; x_wconf 85' lang='grc'><strong>326</strong></span> <span class='ocrx_word' id='word_1_465' title='bbox 1385 3077 1576 3124; x_wconf 87' lang='lat' dir='ltr'><strong>quaeritur</strong></span> <span class='ocrx_word' id='word_1_466' title='bbox 1605 3075 1703 3110; x_wconf 90' lang='lat' dir='ltr'><strong>unde</strong></span> <span class='ocrx_word' id='word_1_467' title='bbox 1735 3071 1886 3108; x_wconf 85' lang='lat' dir='ltr'><strong>sciuerit</strong></span> <span class='ocrx_word' id='word_1_468' title='bbox 1914 3070 2053 3106; x_wconf 83' lang='lat' dir='ltr'><strong>latinus</strong></span> 
     </span>
     <span class='ocr_line' id='line_1_44' title="bbox 351 3120 2055 3178; baseline -0.016 1"><span class='ocrx_word' id='word_1_469' title='bbox 351 3152 507 3178; x_wconf 88' lang='lat' dir='ltr'>aeneam</span> <span class='ocrx_word' id='word_1_470' title='bbox 528 3154 575 3175; x_wconf 80' lang='lat' dir='ltr'><strong>xx</strong></span> <span class='ocrx_word' id='word_1_471' title='bbox 599 3149 714 3174; x_wconf 84' lang='lat' dir='ltr'><strong>naues</strong></span> <span class='ocrx_word' id='word_1_472' title='bbox 739 3137 925 3173; x_wconf 84' lang='lat' dir='ltr'><strong>habuisse.</strong></span> <span class='ocrx_word' id='word_1_473' title='bbox 964 3133 1030 3168; x_wconf 85' lang='lat' dir='ltr'><strong>sed</strong></span> <span class='ocrx_word' id='word_1_474' title='bbox 1053 3131 1178 3177; x_wconf 86' lang='lat' dir='ltr'><strong>potuit</strong></span> <span class='ocrx_word' id='word_1_475' title='bbox 1202 3130 1269 3166; x_wconf 88' lang='lat' dir='ltr'><strong>aut</strong></span> <span class='ocrx_word' id='word_1_476' title='bbox 1292 3137 1438 3164; x_wconf 83' lang='lat' dir='ltr'><strong>rumore</strong></span> <span class='ocrx_word' id='word_1_477' title='bbox 1464 3125 1530 3161; x_wconf 86' lang='lat' dir='ltr'><strong>aut</strong></span> <span class='ocrx_word' id='word_1_478' title='bbox 1553 3120 1807 3169; x_wconf 83' lang='lat' dir='ltr'><strong>speculatione</strong></span> <span class='ocrx_word' id='word_1_479' title='bbox 1833 3127 2055 3165; x_wconf 86' lang='lat' dir='ltr'>cognoscere</span> 
     </span>
     <span class='ocr_line' id='line_1_45' title="bbox 351 3164 2054 3236; baseline -0.016 -10"><span class='ocrx_word' id='word_1_480' title='bbox 351 3191 539 3236; x_wconf 85' lang='lat' dir='ltr'><strong>postremo</strong></span> <span class='ocrx_word' id='word_1_481' title='bbox 572 3184 844 3222; x_wconf 81' lang='lat' dir='ltr'><strong>aestimatione.</strong></span> <span class='ocrx_word' id='word_1_482' title='bbox 883 3181 979 3218; x_wconf 84' lang='lat' dir='ltr'><strong>solet</strong></span> <span class='ocrx_word' id='word_1_483' title='bbox 1009 3179 1109 3215; x_wconf 88' lang='lat' dir='ltr'><strong>enim</strong></span> <span class='ocrx_word' id='word_1_484' title='bbox 1142 3176 1341 3223; x_wconf 88' lang='lat' dir='ltr'><strong>complecti</strong></span> <span class='ocrx_word' id='word_1_485' title='bbox 1372 3172 1532 3219; x_wconf 83' lang='lat' dir='ltr'><strong>amplius</strong></span> <span class='ocrx_word' id='word_1_486' title='bbox 1564 3181 1676 3216; x_wconf 86' lang='lat' dir='ltr'><strong>quam</strong></span> <span class='ocrx_word' id='word_1_487' title='bbox 1708 3179 1880 3204; x_wconf 87' lang='lat' dir='ltr'><strong>numerus</strong></span> <span class='ocrx_word' id='word_1_488' title='bbox 1906 3164 2054 3201; x_wconf 86' lang='lat' dir='ltr'><strong>habeat.</strong></span> 
     </span>
     <span class='ocr_line' id='line_1_46' title="bbox 351 3212 2057 3321; baseline -0.016 -48"><span class='ocrx_word' id='word_1_489' title='bbox 351 3240 521 3321; x_wconf 53' lang='lat' dir='ltr'><strong>{exarnus</strong></span> <span class='ocrx_word' id='word_1_490' title='bbox 539 3233 704 3318; x_wconf 63' lang='lat' dir='ltr'><strong>t{luidam</strong></span> <span class='ocrx_word' id='word_1_491' title='bbox 737 3232 798 3314; x_wconf 45' lang='lat' dir='ltr'><strong>hic</strong></span> <span class='ocrx_word' id='word_1_492' title='bbox 822 3229 972 3278; x_wconf 82' lang='lat' dir='ltr'><strong>proprie</strong></span> <span class='ocrx_word' id='word_1_493' title='bbox 998 3227 1139 3263; x_wconf 88' lang='lat' dir='ltr'><strong>dictum</strong></span> <span class='ocrx_word' id='word_1_494' title='bbox 1166 3224 1355 3270; x_wconf 85' lang='lat' dir='ltr'><strong>accipiunt</strong></span> <span class='ocrx_word' id='word_1_495' title='bbox 1379 3222 1466 3267; x_wconf 88' lang='lat' dir='ltr'><strong>quia</strong></span> <span class='ocrx_word' id='word_1_496' title='bbox 1489 3220 1574 3255; x_wconf 87' lang='lat' dir='ltr'><strong>loca</strong></span> <span class='ocrx_word' id='word_1_497' title='bbox 1597 3218 1637 3254; x_wconf 88' lang='lat' dir='ltr'><strong>in</strong></span> <span class='ocrx_word' id='word_1_498' title='bbox 1663 3216 1797 3263; x_wconf 82' lang='lat' dir='ltr'><strong>quibus</strong></span> <span class='ocrx_word' id='word_1_499' title='bbox 1822 3224 1938 3250; x_wconf 87' lang='lat' dir='ltr'><strong>naues</strong></span> <span class='ocrx_word' id='word_1_500' title='bbox 1963 3212 2057 3248; x_wconf 90' lang='lat' dir='ltr'><strong>fiunt</strong></span> 
     </span>
    </p>

    <p class='ocr_par' dir='ltr' id='par_1_14' title="bbox 372 3280 753 3321">
     <span class='ocr_line' id='line_1_47' title="bbox 372 3280 753 3321; baseline -0.016 -1"><span class='ocrx_word' id='word_1_501' title='bbox 372 3284 515 3321; x_wconf 80' lang='lat' dir='ltr'><strong>extr-ina</strong></span> <span class='ocrx_word' id='word_1_502' title='bbox 565 3282 713 3318; x_wconf 83' lang='lat' dir='ltr'><strong>icuntur</strong></span> <span class='ocrx_word' id='word_1_503' title='bbox 743 3280 753 3292; x_wconf 92' lang='lat'><em>&#39;</em></span> 
     </span>
    </p>
   </div>
  </div>
 </body>
</html>
