2092 3614
557 268 708 304 OOMM.
736 269 788 304 IN
812 268 957 305 VERG.
985 269 1099 305 AEN.
1126 269 1178 304 XI
1203 273 1403 306 468-484.
1748 269 1833 312 537

123 390 278 422 VOGAT
310 390 465 422 LABOR
496 390 699 421 VLTIMVS
733 390 884 421 OMNES
918 393 1067 421 omnes
1100 379 1153 420 ad
1185 380 1380 422 laborem
1413 380 1568 422 ultima
1599 380 1836 422 necessitas

124 452 347 493 convocat.
409 451 486 493 alii
519 449 719 493 ‘ultimus'
751 450 996 505 hypallayen
1025 451 1169 493 volunt
1198 465 1281 494 esse
1305 465 1384 505 pro
1417 450 1618 494 ‘ultimis'.

243 522 343 564 477.
393 534 486 565 NEC
518 533 712 564 NON-AD
747 534 971 564 TEMPLVM
1004 521 1237 564 secundum
1269 521 1526 578 Homerum,
1566 523 1640 578 qui
1671 523 1837 565 inducit

122 593 168 634 in
206 608 375 636 summa
413 593 714 648 desperatione
753 595 913 634 matres
953 592 1006 635 ad
1042 594 1206 648 templa
1244 608 1516 648 concurrere,
1554 596 1603 636 ut
1641 594 1836 649 victoria,

124 679 232 720 quae
263 679 351 708 non
382 667 527 720 potest
557 665 734 719 viribus,
765 665 907 718 possit
938 664 1115 706 deorum
1147 664 1538 720 favore'conquiri.
1860 673 1881 705 5

243 737 343 779 478.
394 748 692 779 SVBVEHITVR
723 735 914 791 proprie:
953 738 1178 778 matronae
1211 736 1324 778 enim
1357 736 1534 791 pilentis
1566 736 1836 779 vehebantur

122 807 176 849 ad
218 807 383 862 templa
419 809 667 863 pergentes,
708 809 756 848 ut
794 806 933 862 <VIII
966 807 1081 862 666>
1120 807 1339 863 pilentis
1384 810 1574 850 matres
1619 808 1671 849 in
1710 809 1832 850 mol-

120 878 270 922 libus.
392 896 527 922 MAGNA
558 895 728 922 MATRVM
755 879 861 921 deest
892 877 1026 932 (σαντ’,
1058 893 1142 921 non
1172 880 1283 921 enirn
1314 882 1477 922 caterva
1506 879 1751 922 subvehitur.

236 951 335 993 479.
385 962 516 993 DONA
547 961 725 992 FERENS
750 950 927 1005 peplum
953 950 1130 1006 scilicet,
1164 950 1276 993 sicut
1305 951 1412 993 dixit
1437 951 1483 993 in
1507 951 1649 1007 primo
1676 951 1834 1009 <480>,

120 1022 230 1064 unde
262 1022 306 1064 id
338 1022 487 1065 omisit
516 1022 599 1064 hoc
631 1022 742 1064 loco.
1860 1033 1904 1064 10

237 1094 336 1136 480.
386 1111 489 1137 MALI
517 1111 637 1137 TANTI
661 1107 744 1148 pro
784 1093 1011 1136 ‘malorum
1048 1093 1292 1137 tantorum'.
1414 1106 1593 1138 OCVLOS
1631 1106 1834 1137 DEIECTA

118 1177 332 1208 DECOROS
376 1167 564 1208 deorsum
606 1165 767 1208 habens.
828 1168 867 1207 et
900 1166 959 1208 sie
1000 1167 1064 1208 aa
1100 1165 1271 1208 ‘deiecta
1308 1165 1475 1222 oeulos',
1514 1166 1626 1208 sicut
1663 1167 1714 1222 <I
1745 1167 1831 1223 22>

119 1237 294 1279 oculos
328 1237 530 1279 suffusa
561 1236 803 1279 nitentes.

236 1309 337 1352 481.
386 1326 530 1352 SVGOED
540 1326 615 1352 VNT
643 1325 798 1351 MATRES
820 1323 900 1364 pro
933 1308 1138 1352 ‘intranffi
1188 1313 1227 1352 et
1255 1313 1315 1352 est
1343 1309 1440 1352 ordo
1450 1323 1464 1351 .·
1495 1310 1712 1352 succedunt
1740 1324 1829 1352 rna-

118 1384 198 1423 tres
229 1382 423 1435 ternplum
455 1384 544 1423 ture
574 1385 788 1435 vaporant.
1858 1393 1901 1424 15

235 1452 337 1495 482.
385 1465 448 1494 DE
484 1465 652 1495 L1M1NE
695 1452 748 1494 ad
792 1467 939 1507 preces
980 1452 1281 1494 festinantium
1322 1453 1549 1494 mulierum
1588 1454 1831 1513 ostenditur

120 1523 391 1566 desiderium.

236 1595 335 1638 483.
386 1608 679 1639 ARMIPOTENS
718 1607 915 1639 PRAESES
953 1607 1092 1638 BELLI
1129 1608 1352 1638 TRITONIA
1391 1606 1535 1639 VIRGO
1575 1599 1828 1640 antonoma-

118 1665 210 1708 siva
242 1669 343 1708 sunt
374 1682 453 1726 pro
485 1667 673 1722 proprio.
717 1668 823 1710 haec
856 1671 1001 1710 autem
1034 1668 1173 1710 omnis
1200 1668 1337 1710 oratio
1363 1668 1544 1710 verbum
1571 1668 1623 1710 ad
1648 1669 1828 1711 verbum

117 1737 167 1780 de
192 1737 384 1780 Homero
410 1738 627 1780 translata
652 1741 728 1780 est.
773 1738 979 1794 ‘praeses'
1007 1742 1151 1781 autem
1178 1738 1325 1794 ‘belli'‚
1356 1739 1400 1781 id
1429 1741 1496 1782 est
1520 1755 1629 1795 quae
1654 1743 1828 1796 praeest
1854 1753 1899 1784 20
1953 1739 1963 1747 ⁴

117 1809 317 1851 omnibus
348 1809 487 1865 bellis,
520 1809 639 1852 cuius
671 1813 779 1852 nutu
812 1826 981 1866 semper
1012 1811 1130 1853 bella
1160 1813 1418 1853 tractantur.
1464 1825 1564 1854 sane
1593 1813 1666 1866 qui
1698 1812 1827 1867 ‘prae-

114 1879 220 1923 sens'
254 1881 410 1936 legyunt,
441 1883 563 1935 quasi
585 1886 808 1936 praestans
837 1884 885 1925 in
915 1883 1029 1925 bellis
1060 1883 1318 1937 intelleyic-nt;
1356 1884 1429 1937 qni
1459 1883 1648 1938 ‘praeses'
1680 1885 1769 1927 sine
1798 1899 1828 1927 n

117 1952 269 2007 littera,
306 1954 427 2006 quasi
464 1968 567 2007 quae
590 1955 830 2008 praesideat
859 1955 931 1997 rei.
992 1955 1052 1996 sie
1076 1955 1288 2010 praesides
1318 1955 1380 1997 dii
1409 1955 1524 1998 urbis
1554 1956 1827 2010 appellantur.

116 2025 231 2067 cuius
257 2025 464 2079 yenelivus
497 2024 730 2079 epraesiolis’
760 2027 875 2079 facit.

233 2096 333 2138 484.
382 2108 570 2139 FRANGE
603 2109 732 2140 MANV
765 2109 926 2139 TELVM
964 2099 1039 2140 aut
1076 2099 1151 2139 tua
1188 2112 1338 2153 manu,
1376 2099 1452 2140 aut
1490 2098 1536 2140 in
1574 2099 1665 2141 eius
1697 2114 1826 2142 manu
1853 2110 1897 2142 25

115 2167 203 2209 tela
234 2166 476 2223 confringe:
509 2167 725 2211 Homerus
758 2162 866 2221 ἆξον
900 2165 956 2223 δὴ
989 2170 1114 2224 ἔγχος
1146 2166 1411 2225 Διομήδεος.

210 2313 254 2344 26
280 2309 477 2355 Homerus]
505 2308 546 2343 Il.
575 2309 625 2345 VI
651 2314 720 2345 306

117 2440 156 2474 in
187 2440 467 2475 matrimonium
498 2441 598 2485 quod
630 2440 695 2476 alii
727 2441 1003 2477 matrifamilias
1035 2441 1133 2477 sicut
1167 2441 1239 2477 hoc
1274 2442 1357 2478 loco
1392 2442 1534 2477 dictum
1570 2444 1627 2478 est
1661 2443 1826 2488 applica-

118 2489 253 2523 uerunt
277 2488 360 2523 add.
377 2487 425 2531 F,
451 2489 582 2534 quibus
603 2489 807 2524 Masvicius
828 2490 915 2524 haec
935 2490 1067 2525 adiecit
1092 2489 1376 2524 materfamilias
1402 2501 1490 2525 vero
1517 2501 1611 2535 quae
1639 2491 1824 2535 convenit,

118 2537 161 2570 ut
184 2535 257 2569 iam
288 2534 465 2580 diximus,
490 2547 556 2581 per
575 2537 866 2582 coemptionem:
892 2548 984 2583 quae
1003 2538 1254 2573 additamenta
1272 2549 1348 2572 non
1366 2538 1484 2582 recepi
1502 2538 1591 2583 quia
1610 2549 1627 2572 e
1647 2538 1825 2574 Serviano

118 2583 168 2618 ad
191 2594 223 2617 v.
244 2585 311 2617 581
339 2584 472 2619 scholio
497 2585 681 2629 exscripta
703 2588 790 2620 sunt
808 2586 820 2630 n
849 2589 868 2619 2
895 2584 1048 2620 ultimas
1073 2585 1289 2631 ypallagem
1315 2585 1356 2620 F
1370 2586 1383 2631 ΙΙ
1400 2585 1553 2621 ultimos
1580 2586 1789 2622 Masvicius
1814 2586 1825 2634 Η

119 2633 139 2664 5
166 2630 350 2677 conquiri]
377 2630 430 2665 sic
457 2631 555 2666 enim
581 2634 709 2667 monet
732 2631 888 2667 helenus
916 2633 957 2677 (Ι
961 2634 982 2667 Ζ.
1008 2632 1060 2667 VI
1083 2634 1143 2677 86)
1160 2628 1296 2678 Ἕκτορ
1323 2659 1331 2667 .
1353 2661 1360 2668 .
1383 2661 1390 2668 .
1419 2629 1481 2668 ἐπὶ
1507 2629 1689 2676 γούνασιν
1714 2631 1825 2678 ἠυκό-

118 2690 202 2723 μοιο
229 2678 313 2713 aad.
333 2678 372 2712 D
391 2679 403 2724 ΙΙ
424 2682 443 2713 7
469 2679 511 2712 ut
536 2678 688 2723 pilentis
714 2690 780 2715 om.
801 2680 841 2714 F
857 2681 869 2726 l}
888 2679 1056 2726 pilentis]
1083 2680 1316 2716 uehebantur
1336 2681 1420 2716 aelel.
1437 2680 1538 2714 HM
1554 2681 1566 2726 ΙΙ
1585 2683 1606 2715 8
1633 2681 1682 2716 ad
1704 2693 1826 2717 MAGNA

117 2735 145 2760 s.
171 2736 203 2760 v.
231 2725 376 2760 scilicet
401 2737 484 2760 cum
514 2725 573 2771 ΤΙΙ
601 2731 620 2762 9
648 2726 807 2762 diximus
832 2727 868 2762 R
886 2729 899 2772 ss
930 2731 972 2762 10
998 2727 1096 2762 unde
1121 2727 1175 2773 id]
1202 2727 1286 2764 ideo
1313 2728 1361 2762 M
1376 2729 1387 2774 ΙΙ
1413 2726 1556 2762 dimisit
1580 2727 1627 2762 Η
1629 2728 1679 2763 Μ
1687 2730 1704 2784 ss
1723 2728 1822 2775 loco]

118 2784 204 2808 nam
230 2772 375 2807 homeri
399 2773 504 2808 locus
531 2775 589 2809 est
613 2774 759 2809 hecuba
782 2774 935 2820 peplum
960 2775 1101 2810 ferente
1127 2776 1192 2820 (Il.
1218 2775 1269 2811 VI
1290 2778 1372 2818 287)
1399 2774 1461 2810 ταὶ
1487 2771 1524 2810 δ’
1553 2772 1618 2819 ἄρ’
1646 2772 1824 2811 einamma

119 2848 126 2856 .
154 2848 162 2856 .
190 2848 198 2856 .
226 2819 317 2866 ἔργα
348 2821 539 2865 ’γυναικῶν
573 2823 611 2857 et
636 2821 747 2866 paulo
779 2823 864 2866 post
889 2824 986 2868 (293)
1019 2822 1094 2857 τῶν
1126 2820 1185 2858 ἕν’
1214 2819 1420 2869 ἀειραμένη
1447 2851 1454 2858 .
1483 2851 1490 2859 .
1518 2847 1526 2857 .
1553 2819 1622 2866 ἠδὲ
1654 2823 1825 2868 μέγιστος

118 2868 256 2903 adal)
275 2869 286 2914 ΙῙ
308 2871 349 2902 12
377 2869 426 2903 ad
450 2880 603 2903 nnmcu
621 2879 648 2904 s.
668 2879 700 2905 v.
721 2869 893 2905 deorsum
918 2870 1060 2905 habens
1083 2869 1115 2904 Τ
1130 2871 1142 2916 {l
1163 2874 1205 2905 13
1232 2870 1349 2906 effusa
1367 2870 1404 2905 R
1443 2869 1599 2905 suffossa
1618 2870 1658 2905 F
1674 2872 1685 2917 ΙΙ
1708 2875 1751 2906 14
1776 2873 1826 2907 acl

119 2927 321 2951 svccnnvsr
347 2927 374 2950 s.
401 2927 433 2951 v.
459 2915 603 2951 intrant
630 2916 664 2950 T
680 2917 692 2961 ss
722 2915 906 2952 intrantes
932 2919 990 2952 est
1014 2917 1104 2953 ordo
1130 2918 1178 2961 F,
1204 2929 1294 2954 corr.
1323 2918 1531 2953 Masvieius
1555 2918 1567 2962 ΙΙ
1601 2921 1643 2953 15
1670 2920 1708 2954 et
1731 2920 1824 2954 tem-

117 2962 223 3008 plum
246 2962 485 2999 Oommelinus
502 2965 515 3009 {j
537 2967 580 2999 16
607 2964 772 2999 ostendit
791 2963 831 2999 F
846 2965 858 3010 ΙΙ
879 2967 921 2999 18
948 2965 1020 2999 duo
1041 2965 1325 3001 antonomasiua
1343 2965 1380 3000 R
1402 2965 1407 3010 Ι
1431 2968 1475 3000 19
1495 2976 1562 3010 pro
1584 2975 1650 3000 om.
1665 2966 1754 3001 RH
1757 2966 1797 3001 F
1814 2967 1824 3012 Η

118 3008 268 3055 proprie
293 3011 338 3045 H
353 3011 364 3056 ΙΙ
394 3022 480 3047 uero
508 3010 557 3046 ad
580 3011 696 3046 uerbo
724 3011 764 3045 F
780 3013 791 3058 ΙΙ
822 3015 868 3052 20
893 3012 1077 3047 translata
1102 3013 1175 3059 est]
1203 3014 1269 3058 (Il.
1297 3013 1347 3048 VI
1372 3014 1455 3057 305)
1482 3009 1607 3047 πότνι’
1633 3010 1823 3058 Ἀθηναίη,

119 3055 347 3103 ἐρυσίπτολι,
375 3059 440 3093 δῖα
463 3056 597 3094 θεάων
622 3060 706 3094 add.
723 3059 761 3093 D
779 3060 792 3104 ΙΙ
810 3069 984 3104 praesens
1004 3059 1045 3094 F
1061 3060 1073 3106 11
1091 3071 1222 3106 praees
1242 3060 1293 3095 M
1323 3060 1451 3105 potest
1470 3059 1511 3095 F
1525 3061 1538 3106 ΙΙ
1557 3064 1601 3095 21
1628 3061 1678 3096 ad
1701 3073 1733 3096 v.
1754 3065 1823 3096 483

118 3115 265 3150 praeses
291 3105 400 3150 quasi
425 3106 640 3151 praesideat
663 3105 719 3141 rei
744 3107 841 3141 unde
868 3108 906 3141 et
931 3106 1121 3152 praesides
1147 3107 1251 3143 urbis
1276 3107 1514 3153 appellantur
1543 3107 1577 3142 T
1603 3109 1614 3154 ΙΙ
1646 3111 1690 3142 22
1717 3119 1823 3153 prae-

118 3152 236 3196 stans]
263 3163 437 3198 praesens
462 3155 555 3190 coni.
570 3154 789 3190 Ribbeekius
808 3155 820 3200 ΙΙ
837 3164 987 3199 praeses
1013 3154 1092 3190 sine
1116 3167 1141 3190 n
1163 3155 1387 3191 Masvicius:
1412 3155 1563 3200 pessint.
1589 3167 1623 3191 u.
1645 3155 1685 3189 F
1718 3166 1823 3200 prae-

118 3210 200 3234 sens
227 3211 272 3236 .u.
303 3199 337 3234 G
373 3212 523 3245 praeses
550 3200 628 3237 sine
653 3214 678 3236 n
704 3212 751 3236 ou
776 3201 810 3236 N
836 3202 975 3237 Daniel
1002 3202 1014 3248 ΙΙ
1051 3206 1095 3238 23
1121 3203 1189 3248 rei]
1216 3201 1375 3237 bellicae
1401 3203 1609 3239 adolendum
1633 3213 1704 3238 esse
1729 3203 1821 3239 coni.

117 3246 337 3282 Ribbeckius
366 3248 378 3293 ΙΙ
408 3252 455 3283 24
478 3249 571 3284 facti
599 3248 633 3284 G
