2092 3614
609 248 760 286 GOMM.
786 249 840 286 ΙΝ
864 248 1009 285 VERG.
1036 248 1148 286 AEN.
1174 247 1244 284 XII
1272 252 1471 286 727—747.
1807 247 1891 290 637

304 360 400 403 736.
450 370 618 403 ΡΑΤΒΙΟ
650 370 874 403 MVCRONE
902 369 1104 401 RELIGTO
1138 373 1221 414 quo
1254 360 1450 414 tempore
1482 359 1756 402 vulneratum
1787 357 1895 400 vidit

183 430 360 474 Aenean
401 430 558 486 <324>.
620 431 691 474 sed
731 445 859 485 supra
896 431 943 473 de
988 430 1129 472 Turno
1162 430 1278 485 <88>
1315 431 1465 473 simul
1501 433 1642 485 aptat
1677 429 1895 472 habendo

182 517 432 557 ensemque
481 503 805 557 clipeumque,
854 515 1010 544 ensem
1053 515 1187 555 quem
1230 501 1410 544 Dauno
1453 502 1736 556 iynipotens
1781 502 1895 543 deus

108 623 110 626 .
182 575 286 630 ipse
325 575 528 629 parenti
569 574 770 628 fecerat.
834 574 950 616 modo
988 586 1079 627 eryo
1117 573 1283 616 Metisci
1320 586 1419 615 usus
1456 576 1514 615 est
1547 573 1681 626 ferro:
1726 576 1765 615 et
1799 572 1895 615 liaeo

182 647 290 689 ratio
328 649 402 701 est,
438 647 562 701 quod,
600 646 787 699 quamvis
824 648 1012 687 armatus
1041 658 1116 686 suo
1142 644 1283 698 yladio
1314 645 1578 687 descendisset
1607 646 1664 687 ad
1693 658 1895 699 campum,

182 721 318 760 tamen
360 730 486 760 causa
528 718 701 770 foederis
743 717 989 771 deposuisset
1025 730 1159 758 arma.
1193 730 1311 758 nam
1350 720 1388 759 et
1422 717 1469 759 de
1503 717 1644 759 Aenea
1680 716 1753 759 lioc
1789 717 1896 760 dixit

184 789 329 844 <311>
367 790 594 831 dextram
632 789 1142 843 tendebat'inermem,
1179 789 1252 841 qui
1287 788 1425 842 utiq-ue
1462 789 1518 831 ad
1545 789 1688 841 foedus
1718 802 1800 831 non
1831 789 1893 831 in-

182 861 306 903 ermis
337 861 576 904 advenerat:
607 874 707 903 nam
733 861 888 903 dictum
911 863 969 903 est
994 859 1140 915 <166>
1166 859 1281 902 liinc
1298 863 1444 913 pater
1469 860 1677 915 Aeneas,
1707 860 1894 903 sidereo

180 933 416 987 flayrans
450 933 609 987 clipeo
647 936 691 975 et
726 932 1021 975 caelestibus
1057 932 1224 974 armis.
1287 946 1388 973 sane
1427 930 1601 986 ‘patrio'
1644 931 1770 974 modo
1804 931 1895 987 ‘pa-

182 1003 329 1048 terno’
381 1004 614 1060 signifieatt
664 1019 765 1046 nam
816 1003 959 1046 Dauni
1008 1003 1150 1045 fuerat
1201 1003 1388 1059 gladius,
1438 1005 1485 1045 ut
1536 1003 1652 1058 (89)
1703 1018 1894 1046 ensem

185 1090 330 1131 quem
373 1075 554 1117 Dauno
597 1075 901 1130 ignipotens
946 1074 1072 1116 deus
1117 1075 1227 1129 ipse
1271 1075 1477 1129 parenti
1517 1075 1722 1117 fecerat.
1787 1075 1895 1118 alias

186 1146 405 1204 ‘patrium'
447 1162 471 1189 a
503 1147 646 1203 patria
678 1150 744 1189 est
777 1146 1074 1190 derivativum.
1136 1145 1355 1189 ‘nitieronc'
1388 1150 1524 1189 autem
1547 1161 1628 1201 pro
1661 1145 1838 1202 ‘yladio’‚
1869 1161 1897 1189 a

175 1223 298 1274 parte
329 1221 467 1262 totum.

305 1290 387 1332 737
393 1323 401 1333 .
451 1307 540 1333 Dm
570 1307 764 1333 TREPIDAT
792 1291 892 1332 dnm
925 1290 1127 1346 turbatur,
1155 1290 1345 1345 festinat,
1382 1291 1490 1344 quod
1520 1290 1672 1333 Gracci
1703 1290 1751 1333 ἐν
1783 1286 1894 1345 ἀγω-

185 1363 259 1420 νίᾳ
292 1361 388 1405 ἐστί
416 1358 616 1419 (dicunt),
646 1362 812 1413 scilieet,
844 1363 1009 1415 quando
1040 1364 1159 1416 rupto
1188 1362 1356 1414 foedere,
1387 1362 1522 1404 subita
1550 1377 1619 1417 spe
1646 1363 1896 1416 furibundus

184 1435 310 1478 ardet.
432 1451 534 1476 FERR
545 1450 598 1476 VM
630 1434 849 1475 materiam
881 1446 963 1487 pro
994 1447 1109 1487 opere
1141 1430 1319 1490 (posuit,
1349 1432 1416 1490 ut)
1447 1433 1562 1489 solet,
1599 1437 1646 1476 ut
1677 1433 1746 1488 <V
1779 1433 1894 1488 817>

184 1507 349 1561 iunyit
378 1519 521 1559 equos
552 1519 673 1548 auro
700 1505 904 1560 yenitor.

306 1577 402 1619 739.
451 1594 560 1619 ARMA
592 1594 663 1620 DEI
691 1595 743 1619 AD
777 1592 968 1619 vncAmA
1001 1576 1217 1631 liypallayc
1238 1590 1321 1631 pro
1353 1576 1432 1619 ‘dei
1465 1576 1641 1619 Vulcani
1671 1575 1820 1619 arma'.

306 1648 403 1691 740.
452 1659 688 1691 MORTALIS
714 1659 874 1691 MVCRO
907 1648 1083 1690 mortali
1110 1662 1241 1690 manu
1268 1648 1419 1691 faetus.
1518 1665 1679 1691 amoses
1707 1665 1779 1691 σΕν
1807 1666 1895 1691 va-

187 1738 288 1764 Tals
316 1720 388 1762 lioc
419 1720 500 1762 loeo
530 1719 710 1774 froyilis.
741 1760 748 1766 ,

307 1791 403 1834 744.
454 1802 665 1841 VNDIQVE
700 1802 817 1832 ENIM
851 1802 1004 1834 DENSA
1036 1803 1203 1834 'rnvcm
1235 1802 1495 1834 INOLVSERE
1526 1803 1713 1835 CORONA
1744 1793 1897 1834 strate-

187 1878 314 1921 gema
351 1865 435 1905 est:
473 1877 576 1907 nam
613 1864 844 1918 postquam
875 1862 1068 1904 Turnum
1107 1862 1256 1918 fugere
1294 1862 1438 1905 videre
1471 1863 1665 1918 Troiani,
1703 1864 1895 1906 elausere

186 1936 300 1989 loca,
338 1949 415 1990 per
446 1940 566 1989 quae‘
589 1934 766 1976 evadere
799 1935 989 1989 poterat:
1027 1937 1102 1977 aut
1130 1948 1214 1977 non
1244 1935 1380 1977 dedita
1412 1948 1535 1988 opera
1566 1935 1763 1978 inclusere
1796 1935 1896 1977 Tro-

184 2007 293 2062 iani,
325 2007 395 2049 sed
423 2006 531 2059 quod
558 2006 620 2048 ita
650 2006 923 2048 consederant.

307 2077 404 2120 745.
453 2093 587 2124 ATQVE
612 2094 708 2120 anc
741 2094 857 2120 VASTA
891 2095 962 2119 ΡΜ,
973 2094 1015 2120 VS
1043 2091 1147 2131 quae
1177 2092 1286 2120 nunc
1316 2091 1397 2138 non
1430 2081 1611 2131 apparet.

307 2149 404 2191 747.
455 2159 736 2199 OVRSVMQVE
757 2160 1004 2192 RECVSANT
1032 2149 1197 2192 scilicet
1222 2163 1375 2205 genua,
1402 2164 1509 2204 quae
1535 2149 1786 2204 inpediebat
1809 2149 1896 2191 vul-

187 2235 267 2263 nus
300 2219 487 2262 inlatum
519 2219 692 2275 sagitta.
738 2235 838 2262 sane
871 2220 1008 2275 perite
1034 2220 1154 2276 faeie,
1185 2223 1233 2263 ut
1259 2219 1405 2277 gladio
1431 2236 1518 2264 non
1544 2222 1691 2263 utatur
1714 2219 1896 2275 Aeneas,

282 2377 300 2408 1
327 2384 453 2407 emmo
479 2385 643 2408 nvcnom:
675 2383 749 2418 quo
776 2374 849 2417 (est
874 2383 947 2418 quo
975 2373 1037 2419 M)
1070 2373 1194 2409 fueraf,
1218 2373 1366 2420 gladius
1398 2374 1441 2409 ui:
1472 2384 1596 2410 ensem
1630 2385 1740 2419 quem
1773 2374 1896 2409 dauno

186 2420 386 2466 (quendam
405 2431 480 2456 uno
501 2420 543 2466 S)
571 2423 739 2466 tempore
765 2420 1004 2456 uulneratum
1029 2421 1126 2457 uidit
1145 2433 1297 2457 aeneam
1319 2433 1407 2457 sane
1432 2421 1555 2467 patrio
1576 2421 1688 2467 (patri
1702 2422 1760 2464 H)
1784 2421 1895 2457 modo

184 2470 340 2514 paterno
367 2468 557 2514 (paternos
577 2468 637 2513 Η)
665 2467 853 2513 significas
878 2480 962 2504 nam
990 2469 1104 2505 dauni
1128 2468 1342 2514 ignipotens
1369 2470 1460 2504 deus
1481 2468 1567 2514 igne
1594 2468 1705 2514 (ignis
1725 2469 1789 2514 M)
1816 2469 1896 2514 ipse

184 2515 333 2562 parenbi
357 2515 498 2551 fecerat
524 2515 616 2551 alias
644 2545 651 2552 .
673 2545 680 2552 .
703 2543 710 2550 .
738 2515 984 2551 diriuabiuum
1011 2516 1275 2562 (deriuatiuum
1297 2517 1360 2563 M)
1379 2516 1502 2552 ASH
1508 2517 1558 2552 M
1583 2529 1710 2552 nmmo
1735 2530 1896 2552 mvcnosn

185 2574 258 2608 quo
283 2562 406 2599 fuerat
431 2564 518 2599 ante
544 2575 632 2599 usus
657 2566 766 2609 pater
792 2563 870 2599 eius
897 2564 1040 2600 daunus
1062 2592 1070 2600 .
1093 2575 1179 2600 sane
1205 2565 1327 2610 patrio
1353 2564 1463 2601 modo
1491 2567 1647 2610 patemo
1673 2563 1862 2610 significat
1888 2590 1895 2598 .

184 2622 272 2646 nam
304 2611 427 2646 dauno
458 2610 674 2656 ignipotens
709 2611 799 2647 deus
830 2612 910 2657 ipse
941 2612 1089 2657 parenti
1121 2612 1272 2648 fecerat.
1322 2612 1416 2648 alias
1447 2612 1612 2657 patrium
1639 2623 1661 2647 a
1685 2612 1809 2657 patria
1840 2614 1898 2647 esta

187 2657 391 2693 diriuatum
410 2657 446 2692 R
482 2670 610 2693 mimo
631 2671 795 2695 uvcnonn
821 2671 895 2704 quo
920 2661 1089 2705 tempore
1114 2661 1351 2696 uulneratum
1371 2659 1468 2694 uidit
1487 2670 1652 2696 aeneam.
1692 2659 1758 2694 sed
1784 2671 1897 2705 supra

218 2733 225 2741 .
248 2733 256 2741 .
282 2704 506 2741 caelestibus
532 2706 655 2743 armis.
695 2718 783 2742 sane
809 2707 870 2742 hio
896 2706 1039 2743 dietum
1065 2710 1124 2744 est
1148 2707 1270 2753 patrio
1289 2707 1400 2743 modo
1420 2710 1576 2752 paterno
1597 2706 1785 2752 significata
1810 2718 1896 2742 nam

186 2753 299 2788 dauni
330 2752 453 2788 fuerat
483 2753 630 2796 gladius
662 2754 705 2788 ut
736 2765 860 2790 ensem
897 2766 1007 2799 quem
1039 2754 1162 2791 dauno
1197 2757 1269 2801 riq.
1303 2755 1399 2790 alias
1434 2754 1595 2799 patrium
1628 2766 1650 2788 a
1682 2755 1806 2798 patria
1839 2756 1897 2789 est

186 2799 430 2836 diriuatiuum
455 2799 496 2835 F
512 2802 523 2847 ΙΙ
543 2805 564 2836 5
590 2801 835 2838 discendisset
861 2802 901 2837 F
916 2803 928 2848 ΙΙ
947 2806 968 2837 8
994 2803 1092 2838 huno
1118 2802 1159 2838 F
1174 2805 1186 2848 ΙΙ
1206 2803 1334 2839 sedere
1360 2802 1400 2837 F
1415 2803 1427 2848 ΙΙ
1448 2805 1491 2837 12
1517 2812 1540 2835 a
1564 2813 1629 2837 om.
1657 2802 1697 2836 F
1713 2803 1725 2847 ΙΙ
1747 2805 1789 2837 14
1815 2813 1895 2837 eua-

184 2859 362 2884 Homerus
389 2847 437 2891 F,
455 2859 554 2884 eorr.
571 2849 710 2884 Daniel
748 2848 871 2894 φρένα
897 2851 952 2885 vel
977 2850 1120 2896 φρένας
1145 2853 1346 2887 πτοεῖσθαι
1372 2850 1463 2885 coni.
1491 2848 1708 2893 Sclioellius,
1735 2850 1896 2892 conferri

185 2896 313 2932 iubens
343 2907 385 2931 ea
416 2907 509 2940 quae
534 2896 801 2932 Stallbaumius
832 2898 881 2932 ad
909 2897 1010 2932 Plat.
1037 2898 1174 2935 Phaed.
1196 2910 1237 2944 p.
1267 2901 1310 2933 68
1333 2897 1369 2932 0.
1396 2898 1439 2932 de
1464 2899 1665 2932 πτοεῖσθαι
1690 2898 1796 2932 verbo
1822 2897 1895 2932 dis-

181 2944 342 2988 putavit.
380 2944 442 2978 sed
467 2944 512 2987 cf.
538 2944 644 2978 schol.
672 2944 722 2979 ad
747 2945 838 2981 Aen.
866 2944 917 2979 lX
943 2948 1010 2980 231
1041 2946 1138 2992 ‘erqo
1164 2957 1233 2991 per
1265 2945 1477 2989 metalepsin
1501 2945 1653 2989 cupidos
1677 2945 1775 2980 dixit
1800 2941 1894 2988 ἀγω-

185 2991 360 3031 νιῶντας’
383 2992 394 3036 ΙΙ
416 2994 458 3025 15
486 2990 616 3026 dicunt
640 2991 771 3027 addidi
790 2992 801 3037 ΙΙ
820 2993 930 3036 rupto
951 2992 1106 3028 Daniel:
1133 2995 1244 3039 capto
1265 2993 1304 3027 F
1320 2994 1332 3038 ss
1354 2997 1396 3028 16
1422 2991 1549 3037 posuit
1573 2992 1617 3027 ut
1642 2993 1725 3027 add.
1752 2992 1894 3027 Masvi-

188 3039 266 3074 cius
284 3039 295 3084 ΙΙ
323 3042 364 3073 17
393 3038 498 3084 auro]
527 3049 636 3073 curru
660 3038 799 3074 Daniel
816 3041 828 3084 ΙΙ
855 3043 898 3074 19
926 3039 1095 3076 mortalis
1116 3041 1157 3076 F
1172 3042 1184 3087 ΙΙ
1202 3042 1252 3076 acl
1276 3052 1437 3075 vavrxms
1456 3050 1483 3075 s.
1504 3051 1535 3077 v.
1557 3039 1626 3075 hoc
1644 3040 1728 3075 loco
1748 3038 1894 3084 fragilis

191 3085 225 3120 T
238 3087 251 3132 ΙΙ
277 3090 320 3120 22
348 3085 563 3121 clauserunt
581 3085 621 3120 F
637 3086 649 3131 ΙΙ
674 3090 718 3121 23
738 3088 914 3131 potuerat
932 3088 1005 3122 AS
1022 3089 1035 3134 11
1054 3088 1182 3124 debita
1202 3088 1250 3131 F,
1277 3099 1368 3123 corr.
1382 3087 1521 3122 Daniel
1540 3089 1551 3133 ΙΙ
1579 3091 1624 3122 24
1650 3086 1896 3122 consederam

190 3132 446 3169 Commelinu8:
473 3133 703 3168 confideranb
727 3133 767 3168 F
783 3135 794 3180 ΙΙ
825 3137 870 3169 26
896 3136 1089 3181 Βεονεητ]
1116 3136 1309 3171 retardant
1334 3135 1417 3171 add.
1444 3134 1484 3169 D
1502 3136 1514 3180 ΙΙ
1544 3134 1799 3179 impediebam:
1823 3133 1896 3168 AS

187 3181 292 3224 (corr.
309 3182 341 3225 s)
374 3179 671 3226 inpediebantF
686 3182 697 3226 ΙΙ
716 3185 760 3216 27
788 3181 930 3226 sagitta
950 3194 1038 3218 sane
1054 3183 1107 3218 F:
1135 3195 1222 3219 sane
1242 3181 1399 3229 sagittas
1414 3181 1536 3218 ΑΒΗ
1563 3193 1650 3218 sane
1678 3180 1826 3228 sagittis
1849 3181 1898 3216 M

189 3227 328 3273 sagitta
351 3227 399 3271 R,
425 3239 513 3264 sane
539 3229 703 3264 omittens
730 3229 742 3275 ΙΙ
771 3229 863 3265 fecit
886 3229 924 3266 R

1924 1009 1966 1040 10

1926 1367 1966 1398 15

1922 1725 1966 1756 20

1923 2083 1968 2114 25
