2124 3600
528 244 679 283 COMM.
706 239 759 281 IN
783 245 928 281 VERG.
955 245 1066 281 AEN.
1093 244 1163 280 VH
1190 250 1315 281 1—10.
1696 245 1782 287 125

187 355 226 397 7.
274 365 450 396 ΤΕΝΒΙΤ
488 366 598 396 ITER
635 366 770 397 VELIS
809 354 912 410 quia
953 356 1084 409 prout
1128 354 1225 396 vela
1271 356 1452 396 extensa
1493 354 1672 410 fuerint,
1716 354 1782 396 ita

67 425 198 467 etiam
231 439 381 468 cursus
414 425 679 481 extenditur,
709 426 756 468 in
789 440 872 481 quo
903 425 1027 468 navis
1061 427 1128 467 est
1159 425 1254 467 iter.
1307 426 1436 467 multi
1463 426 1611 468 dicunt
1635 427 1780 482 inpro-

65 497 158 551 prie
191 495 354 539 dictum
386 497 499 553 quod
531 497 592 538 ait
624 495 780 539 etendit
805 498 889 540 iter
914 496 1052 551 velis',
1083 496 1213 539 multi
1238 496 1421 538 nimium
1453 496 1639 551 proprie.
1681 511 1778 539 6011-

66 570 156 610 stat
194 570 342 611 tamen
380 568 613 611 secundum
652 568 760 610 illud
799 569 960 611 dictum
995 568 1109 624 quod
1141 568 1204 610 ait
1236 582 1367 623 supra
1399 566 1469 622 <V
1500 567 1587 622 28>
1619 567 1779 611 flecte

65 640 198 681 viam
229 639 374 682 velis.
426 639 544 681 aliud
578 642 645 682 est
675 639 784 682 velis
815 640 900 682 iter
930 639 1125 695 tendere,
1158 639 1273 681 aliud
1305 653 1382 694 per
1406 638 1501 681 vela
1526 639 1619 680 iter.
1666 639 1779 694 quod

66 711 102 752 si
141 710 340 765 dicimus,
383 711 494 753 bene
531 711 727 766 procedit
764 713 809 753 et
848 710 994 753 ‘tende
1026 711 1142 753 viam
1174 709 1318 765 velis’,
1359 713 1410 752 ut
1446 710 1493 751 in
1529 710 1635 765 ipsis
1673 711 1780 752 velis

66 782 181 824 ratio
215 781 272 824 sit
301 782 409 824 viae.

185 854 223 895 8.
273 865 539 896 ADSPIRANT
573 866 727 896 AVRAE
759 867 809 896 IN
841 865 1034 897 NOCTEM
1067 854 1185 909 quia,
1221 856 1270 896 ut
1303 853 1491 896 diximus
1525 852 1620 909 <111
1653 853 1791 909 568>,-

64 926 309 979 temporum
344 926 585 967 mutatione
617 928 772 967 ventus
804 925 871 967 vel
903 925 1112 967 minuitur
1144 925 1211 968 vel
1243 928 1438 982 augetur.
1500 925 1560 967 ‘in
1591 924 1778 968 noctem'

65 997 210 1038 autem
249 995 363 1038 circa
400 998 586 1039 noctem.
649 999 691 1039 et
723 997 922 1053 quotiens
960 999 1131 1052 tempus
1171 997 1448 1053 exprimitur,
1485 997 1780 1040 accusativum

64 1068 179 1123 regit
210 1067 298 1110 ista
328 1068 606 1123 praepositio.

183 1140 222 1181 9.
273 1150 398 1181 LVNA
437 1150 596 1181 NEGAT
634 1140 781 1182 litotes
818 1141 973 1196 fiyura3
1010 1156 1112 1183 nam
1151 1141 1258 1183 dicit
1289 1140 1432 1196 elarge
1464 1139 1693 1196 praestat'‚
1731 1142 1782 1182 ut

65 1210 211 1265 <261>
257 1225 466 1253 munera
505 1225 595 1252 nec
634 1226 833 1266 sperno.
962 1224 1184 1255 TREMVLO
1224 1224 1308 1255 SVB
1345 1223 1523 1254 LVMINE
1561 1211 1623 1253 ita
1666 1211 1780 1253 enim

66 1281 290 1324 mobilitas
324 1296 462 1336 aquae
494 1281 602 1324 facit
632 1282 778 1325 videri.

186 1353 253 1395 10.
304 1364 531 1396 CIRCAEAE
575 1365 832 1396 RADVNTVR
876 1366 1051 1397 LITORA
1096 1366 1281 1397 TERRAE.
1324 1357 1374 1397 ut
1418 1355 1603 1396 diximus
1649 1369 1780 1409 supra

64 1424 158 1479 <III
189 1424 324 1480 386),
362 1439 487 1467 mons
528 1425 611 1467 iste
651 1425 834 1468 antehac
866 1426 1010 1468 insula
1040 1426 1142 1482 fuit3
1179 1426 1413 1482 paludibus
1447 1426 1561 1467 enim
1593 1441 1620 1468 a
1652 1426 1786 1468 conti-

63 1495 187 1537 nenti
228 1496 559 1552 segregabatur,
602 1511 709 1552 quas
749 1497 933 1540 exclusit
968 1497 1096 1540 limus
1135 1497 1186 1540 de
1225 1497 1410 1540 Albanis
1449 1497 1671 1540 montibus
1706 1511 1784 1551 per

67 1651 207 1695 scripta
241 1654 328 1685 sunt
361 1649 493 1685 ‘Henr.
527 1650 650 1695 Steph.
683 1651 769 1696 leyit
798 1650 926 1686 Acron
958 1650 1170 1687 Helenias’.
1222 1650 1400 1687 Helenius
1435 1652 1528 1687 coni.
1557 1651 1786 1687 Parrhasius

67 1699 170 1743 epist.
197 1709 255 1743 qu.
282 1697 330 1733 IV
354 1700 385 1733 5.
424 1698 470 1741 cf.
495 1696 688 1733 Ribbeckii
707 1698 802 1744 prol.
826 1708 866 1743 p.
895 1701 963 1734 174
981 1708 1054 1744 sqq.
1081 1702 1115 1734 et
1138 1699 1289 1745 Hayeni
1312 1699 1420 1735 schol.
1446 1699 1561 1735 Rern.
1585 1711 1622 1745 p.
1646 1703 1712 1735 ’131
1733 1710 1783 1745 sq.

66 1744 285 1790 Reyinensis
308 1746 481 1780 memoria
506 1745 706 1782 Bernensis
731 1746 946 1782 scholiastae
970 1757 1096 1782 novem
1121 1746 1209 1782 locis
1234 1746 1349 1782 Ebrii
1373 1743 1557 1792 exemplar
1582 1757 1784 1782 commemo-

66 1793 187 1828 rantis
207 1793 422 1828 testimoniis
440 1803 655 1838 mayrwpere
674 1794 957 1830 commendatur.
994 1797 1148 1830 ceterum
1167 1794 1313 1830 Hebrus
1340 1794 1530 1840 expositor
1554 1795 1595 1830 in
1613 1806 1727 1841 mary.
1749 1807 1785 1838 a,

67 1853 95 1875 s.
122 1841 396 1876 commentator
420 1850 519 1885 supr.
545 1851 636 1876 vers.
663 1841 676 1876 l
699 1842 712 1885 ΙΙ
752 1845 771 1876 1
796 1840 925 1888 prout]
950 1839 1010 1877 uti
1035 1841 1076 1876 F
1109 1843 1152 1877 ut
1177 1853 1244 1887 pro
1274 1841 1309 1876 G
1333 1843 1345 1889 ΙΙ
1376 1846 1397 1877 2
1424 1841 1535 1878 11111111
1560 1842 1691 1878 dicunt
1716 1871 1724 1878 .
1746 1869 1753 1878 .
1776 1870 1784 1878 .

67 1887 165 1923 ratio
193 1887 242 1922 sit
266 1887 349 1922 viae
378 1887 444 1931 M,
476 1888 551 1923 nisi
575 1889 672 1932 quod
697 1888 768 1925 lin.
789 1892 812 1922 4
838 1899 909 1933 pro
942 1888 1042 1934 quod
1075 1889 1130 1924 ait
1162 1901 1276 1935 supra.
1308 1890 1449 1925 exhibet
1479 1901 1567 1925 nam
1593 1900 1705 1935 supra
1731 1889 1786 1925 ait

67 1938 100 1969 et
126 1936 190 1970 lin.
220 1939 239 1970 7
273 1947 359 1970 nam
392 1934 448 1970 ait
479 1946 592 1980 supra
622 1935 731 1970 flecte
763 1935 864 1970 uiam
902 1936 996 1971 uelis
1021 1940 1108 1981 post
1139 1937 1236 1973 ratio
1269 1937 1318 1972 sit
1349 1937 1432 1973 viae
1464 1938 1586 1973 addit:
1618 1936 1786 1973 tenditur

69 1982 207 2027 (tendit
231 1981 303 2017 iter
330 1984 367 2027 a)
392 1982 503 2016 multi
530 1982 659 2017 dicunt
684 1982 873 2028 inproprie
900 1982 1040 2018 dictum
1067 1984 1167 2029 quod
1194 1984 1248 2019 ait
1273 1984 1382 2020 flecte
1407 1984 1507 2020 uiam
1535 1984 1641 2020 uelis.
1679 1984 1785 2020 aliud

69 2031 125 2064 est
149 2029 220 2065 iter
247 2029 341 2064 uelis
367 2029 521 2064 tendere
548 2029 651 2064 aliud
676 2041 743 2075 per
767 2030 853 2065 uela
877 2029 949 2065 iter
974 2042 1048 2076 quo
1074 2031 1190 2076 (quod
1214 2033 1251 2076 a)
1277 2031 1308 2067 si
1334 2031 1492 2066 dicimus
1520 2059 1527 2066 .
1549 2058 1556 2066 .
1581 2060 1587 2067 .
1613 2032 1710 2067 ratio
1736 2032 1785 2067 sit

66 2077 152 2112 uiae
173 2079 209 2112 A
247 2077 414 2112 tenditur
437 2076 548 2112 multi
574 2076 705 2112 dicunt
730 2076 919 2123 inproprie
945 2077 1087 2113 dictum
1114 2079 1212 2123 quod
1238 2079 1294 2114 ait
1318 2079 1427 2114 flecte
1446 2078 1547 2114 uiam
1567 2078 1661 2114 116118
1681 2079 1784 2114 aliud

67 2126 125 2160 est
150 2124 223 2160 iter
248 2125 343 2160 uelis
369 2124 521 2160 tendere
548 2124 667 2170 (aliud
689 2151 719 2160 ..
737 2153 744 2160 .
764 2124 919 2161 tendere
938 2129 1024 2170 post
1049 2126 1164 2162 deleta
1188 2128 1290 2170 swnt)
1317 2126 1426 2161 multi
1451 2126 1608 2161 nimium
1633 2127 1783 2172 proprie

67 2173 217 2208 constat
247 2173 375 2208 tamen
409 2171 613 2208 secundum
643 2172 738 2207 illud
765 2172 906 2207 dictum
933 2184 1021 2208 nam
1047 2173 1102 2209 ait
1128 2184 1240 2219 supra
1264 2173 1372 2210 flecte
1397 2173 1500 2208 uiam
1524 2173 1630 2209 uelis.
1681 2173 1784 2209 aliud

68 2220 141 2255 iter
164 2219 260 2256 uelis
285 2219 440 2255 tendere
466 2219 569 2255 aliud
595 2231 662 2266 per
687 2219 774 2255 uela,
799 2220 873 2255 iter
898 2231 971 2266 quo
997 2220 1029 2256 si
1054 2220 1213 2257 dicimus
1235 2250 1242 2257 .
1265 2248 1272 2256 .
1295 2249 1303 2257 .
1329 2221 1425 2257 ratio
1453 2221 1503 2256 sit
1528 2221 1613 2256 uiae
1640 2221 1669 2256 S
1703 2222 1783 2257 ten-

68 2267 170 2303 ditur
194 2269 275 2313 (om.
290 2267 341 2312 R)
367 2267 480 2303 multi
505 2267 637 2303 dicunt
655 2267 845 2313 inproprie
865 2267 1072 2314 (inpropria
1090 2269 1149 2313 H)
1175 2268 1318 2304 dictum
1345 2269 1445 2313 quod
1471 2269 1526 2304 ait
1550 2267 1658 2304 flecte
1683 2268 1784 2304 uiam

67 2314 205 2360 (tendit
227 2315 300 2350 iter
323 2326 425 2360 supr.
452 2314 560 2350 flecte
586 2315 686 2351 uiam
713 2316 739 2358 l)
772 2314 868 2351 uelis
903 2315 1016 2351 multi
1040 2315 1198 2351 nimium
1230 2316 1380 2362 proprie
1414 2315 1601 2362 (propriae
1626 2316 1663 2351 R
1700 2327 1784 2362 pro-

67 2362 150 2407 pria
175 2362 244 2406 H).
294 2362 442 2398 constat
467 2363 656 2408 (constant
682 2363 737 2408 H)
762 2363 890 2398 tamen
922 2364 1124 2399 secundum
1155 2364 1249 2399 illud
1282 2364 1424 2399 dictum
1451 2363 1609 2410 (dictum
1635 2375 1700 2399 om.
1728 2364 1783 2406 Η)

68 2421 156 2444 nam
182 2409 236 2445 ait
262 2420 374 2455 supra.
399 2411 528 2455 (supra
552 2410 607 2445 ait
631 2410 681 2455 R)
707 2410 816 2446 flecte
842 2410 944 2446 uiam
969 2411 1064 2447 uelis
1090 2413 1147 2457 (ut
1171 2411 1211 2447 in
1235 2412 1326 2457 ipsis
1351 2411 1445 2447 uelis
1471 2412 1555 2447 add.
1576 2411 1637 2456 L).
1678 2410 1782 2447 aliud

69 2458 126 2491 est
150 2457 223 2492 iter
249 2457 340 2492 uelis
366 2457 519 2492 tendere
546 2458 653 2501 (uelis
678 2457 832 2494 tendere
857 2459 903 2502 L,
929 2458 1023 2494 uelis
1048 2459 1121 2494 iter
1146 2459 1299 2495 tendere
1325 2460 1337 2495 l
1375 2459 1467 2495 item
1493 2458 1602 2494 uellis
1628 2459 1782 2495 tendere

68 2504 127 2549 H)
165 2504 267 2540 aliud
292 2516 359 2550 per
383 2505 471 2540 uela
494 2505 579 2542 iter.
619 2506 718 2550 quod
745 2505 777 2540 si
801 2505 958 2541 dicimus
979 2534 986 2542 .
1010 2534 1016 2542 .
1040 2534 1047 2541 .
1067 2506 1163 2542 ratio
1190 2507 1240 2543 sit
1264 2506 1348 2542 uiae
1368 2507 1498 2542 RLH
1529 2518 1617 2543 nam
1644 2508 1685 2542 ut
1704 2507 1782 2552 (sic)

70 2562 183 2596 supra
205 2551 313 2587 flecte
338 2551 441 2587 uiam
459 2552 565 2588 uelis.
604 2554 643 2588 et
668 2551 772 2588 aliud
798 2555 856 2589 est
880 2552 952 2589 iter
976 2553 1071 2589 uelis
1096 2554 1250 2590 tendere
1276 2554 1380 2590 aliud
1404 2565 1472 2599 per
1496 2553 1583 2590 uela
1607 2554 1680 2590 iter
1703 2555 1782 2590 ten-

68 2599 166 2635 dere.
216 2600 254 2634 et
278 2599 388 2635 multi
421 2599 551 2636 dicunt
580 2600 770 2646 inproprie
803 2600 945 2636 dictum
978 2602 1093 2646 (quod
1118 2602 1172 2637 ait
1196 2601 1303 2637 flecte
1329 2601 1432 2637 uiam
1455 2602 1551 2637 uelis
1571 2602 1716 2647 prima,
1742 2605 1784 2637 ut

67 2647 222 2690 videtur,
246 2657 378 2683 manus
402 2658 503 2692 supr.
530 2659 618 2683 vers.
645 2649 729 2683 add.
756 2648 799 2683 in
824 2648 879 2694 F)
917 2647 1031 2683 multi
1066 2648 1225 2684 nimium
1262 2649 1423 2695 proprie.
1474 2651 1622 2685 constat
1655 2649 1784 2685 tamen

69 2694 271 2729 secundum
305 2694 399 2729 illud
431 2695 573 2731 dictum
607 2695 706 2740 quod
740 2696 795 2730 ait
826 2696 934 2731 flecte
964 2696 1066 2731 uiam
1098 2697 1191 2732 uelis
1227 2699 1283 2740 (ut
1307 2697 1347 2732 in
1371 2696 1464 2743 ipsis
1489 2696 1584 2732 uelis
1610 2697 1694 2733 add.
1722 2696 1782 2742 G).

69 2741 167 2786 quod
202 2741 234 2777 si
258 2741 417 2777 dicimus
443 2743 538 2778 bene
563 2741 734 2788 procedis
761 2743 841 2788 (sic)
869 2771 875 2778 .
900 2771 906 2777 .
929 2772 937 2779 .
963 2744 1060 2779 ratio
1086 2744 1137 2780 sit
1161 2744 1246 2780 uiae
1271 2744 1310 2779 F
1317 2745 1361 2781 G.
1412 2744 1563 2780 Servius
1587 2745 1664 2790 ipse
1692 2744 1782 2779 ‘ten-

70 2789 126 2824 dit
149 2789 218 2825 iter
243 2789 344 2825 velis’
374 2790 566 2835 inproprie
590 2791 727 2826 dictam
753 2801 823 2826 esse
848 2794 980 2834 censet,
1011 2795 1054 2826 at
1081 2791 1197 2828 ‘velis’
1226 2792 1411 2828 ablativus
1435 2792 1501 2837 sit,
1534 2792 1680 2838 eamque
1704 2802 1781 2827 sen-

69 2837 219 2872 tentiam
243 2837 358 2872 simili
382 2838 503 2882 quinti
530 2837 618 2872 libri
642 2848 748 2873 versu
767 2839 916 2882 prolato
936 2839 1108 2882 defendit.
1149 2840 1236 2875 aliis
1254 2840 1322 2875 illa
1340 2840 1497 2875 nimium
1513 2840 1665 2885 proprie
1683 2839 1782 2875 dieta

13 2912 17 2915 .
69 2893 141 2919 esse
171 2885 289 2920 videri
314 2888 579 2928 commemorat,
611 2888 652 2920 at
680 2884 796 2920 ‘velis’
825 2886 972 2921 dativus
996 2886 1054 2923 sit.
1107 2887 1195 2922 ordo
1220 2888 1349 2923 scholii
1373 2888 1459 2923 olim
1484 2898 1527 2922 ea
1550 2898 1589 2923 re
1614 2887 1784 2923 turbatus

70 2934 120 2966 est
144 2932 239 2976 quod
265 2932 413 2968 librarii
439 2932 599 2967 alieuius
625 2933 722 2968 oculi
746 2944 770 2967 a
789 2933 917 2977 priore
943 2933 1096 2970 ‘dictwm
1121 2935 1217 2980 quod
1243 2934 1311 2970 ait’
1340 2935 1389 2970 ad
1414 2935 1570 2970 alterum
1595 2935 1782 2970 aberrave-

69 2982 168 3014 runt.
187 2979 200 3024 ΙΙ
219 2983 240 3014 8
259 2991 448 3014 AssPIRAN‘r
468 2979 504 3014 R
535 2990 706 3014 AstAN'r
725 2979 812 3014 LH
817 2981 865 3015 M
882 2981 893 3027 ΙΙ
921 2984 940 3016 9
966 2982 1135 3026 tempore
1155 2981 1229 3017 AS
1254 2983 1478 3026 (temporum
1498 2993 1522 3017 a
1552 2981 1731 3027 temporis
1750 2981 1782 3025 s)

70 3027 241 3071 tempora
265 3026 311 3061 H
325 3028 337 3072 ΙΙ
356 3027 619 3062 immutatione
645 3026 674 3062 S
691 3028 703 3074 ΙΙ
723 3027 783 3062 vel
808 3032 893 3063 ante
917 3028 1112 3075 minuitur]
1139 3030 1183 3064 ut
1200 3028 1237 3063 A
1262 3029 1369 3074 (corr.
1390 3030 1427 3075 a)
1464 3029 1511 3073 ᾗῇ·
1535 3029 1564 3065 S
1582 3030 1593 3076 ΙΙ
1615 3033 1658 3064 10
1684 3028 1783 3063 circa

71 3074 219 3109 noctem
244 3076 283 3109 613
307 3085 372 3110 om.
401 3074 442 3109 F
470 3075 482 3121 ΙΙ
515 3078 557 3109 11
584 3074 698 3120 regit]
734 3085 861 3110 casum
887 3076 972 3113 add.
1001 3075 1041 3111 F
1068 3078 1079 3122 ΙΙ
1113 3080 1154 3111 12
1181 3076 1284 3122 nam]
1312 3077 1440 3112 autem
1466 3077 1495 3112 S
1519 3078 1624 3120 (corr.
1650 3078 1682 3121 s)
1707 3085 1782 3109 non

73 3118 151 3155 FG'-
169 3121 181 3166 ΙΙ
201 3124 245 3170 115
272 3133 421 3157 omens
446 3121 586 3165 ARL,
611 3132 678 3158 om.
704 3122 750 3157 H
763 3123 776 3169 ΙΙ
794 3135 979 3159 nonvwrvn
1003 3124 1039 3159 A
1066 3124 1172 3168 (corr.
1200 3124 1237 3168 a)
1257 3124 1269 3170 ΙΙ
1290 3127 1333 3159 16
1359 3126 1492 3160 anteae
1517 3123 1564 3158 H
1596 3124 1682 3157 ante
1710 3121 1749 3156 F
1770 3121 1783 3168 ΙΙ

76 3170 118 3201 17
145 3168 441 3213 segregabantur
466 3168 506 3204 F
533 3170 546 3215 ΙΙ
583 3169 747 3205 excluxit
771 3170 818 3205 H
851 3170 1015 3206 excludit
1042 3170 1091 3205 M
1117 3172 1128 3217 ΙΙ
1166 3169 1338 3217 Albanis]
1377 3170 1539 3206 Circaeis
1563 3170 1655 3205 coni.
1682 3169 1780 3205 Bwr-

73 3223 231 3249 marmus

1808 1006 1852 1039 10

1813 1364 1857 1396 15
