2092 3614
548 266 698 303 COMM.
725 267 777 302 ΙΝ
802 265 945 302 VERG.
973 265 1084 303 AEN.
1111 267 1162 302 XI
1187 269 1387 302 258·—-262.
1735 263 1823 307 509

234 378 332 421 262.
382 388 579 420 ATRIDES
611 388 779 419 PROTEI
811 387 1062 419 MENELAVS
1089 375 1395 432 Agamemnon
1420 378 1463 418 et
1488 375 1711 418 Menelaus
1738 390 1824 417 uno

116 448 288 505 quidem
337 445 530 492 fataliter
579 447 751 491 fuerant
799 447 1014 503 supplicio
1065 446 1283 490 destinati.
1345 462 1531 503 namque
1575 446 1733 489 Atreus
1784 448 1828 488 et

114 521 328 576 Thyestes
360 521 520 563 fratres
551 520 726 562 fuerunt
757 519 803 561 in
834 533 879 561 se
909 519 1093 562 invicem
1120 518 1250 574 saevi,
1284 519 1389 562 adeo
1415 521 1465 561 ut
1489 519 1703 574 Thyestes
1729 533 1826 560 cum

117 592 304 648 Aerope,
341 592 490 634 fratris
525 606 676 647 uxore,
713 591 1033 633 concumberet:
1071 590 1185 646 quod
1217 590 1368 640 dolens
1400 588 1561 633 Atreus
1593 590 1755 632 liberos
1788 589 1828 631 ei

116 663 352 719 epulandos
385 663 595 719 adposuit.
643 662 717 705 sed
748 677 844 705 cum
870 662 1085 718 Thyestes
1116 664 1218 717 post
1245 661 1468 716 cognitum
1494 661 1661 704 facinus
1688 661 1827 717 requi-

116 738 230 779 reret
260 736 482 791 ultionem,
514 734 552 776 ei
573 733 735 789 Apollo
761 733 998 789 respondit,
1028 748 1157 789 posse
1185 733 1270 775 alio
1298 733 1456 776 scelere
1482 733 1598 775 illius
1624 732 1828 776 facinoris

116 807 326 850 vindicem
357 807 496 858 nasci,
530 806 693 848 scilicet
725 806 762 847 si
795 820 892 847 cum
918 805 1116 861 Pelopia,
1149 805 1239 847 filia
1265 819 1354 860 sua,
1386 805 1700 847 concumberet.
1745 819 1829 860 quo

116 879 231 921 facto
268 880 396 920 natus
435 880 501 919 est
533 877 789 933 Aegisthus,
823 876 971 919 fatalis
1003 877 1051 919 in
1082 876 1206 919 Atrei
1238 875 1457 932 geminam
1490 876 1699 918 subolem.
1756 875 1830 917 sed

116 949 312 1005 Iuppiter
336 949 524 992 Menelai
555 949 649 991 fata
682 949 912 991 miseratus
947 951 1014 991 est
1044 951 1225 1004 propter
1249 947 1445 989 Helenae
1477 947 1622 1003 iugale
1655 961 1831 990 consor-

116 1021 243 1077 tium,
287 1023 331 1063 et
369 1036 467 1063 eum
504 1035 581 1076 per
618 1020 788 1063 diversa
825 1035 968 1062 errare
1008 1020 1180 1076 maluit,
1219 1035 1348 1076 quam
1387 1018 1589 1075 Aegisthi
1627 1019 1828 1061 manibus

118 1092 307 1134 interire.
350 1091 422 1134 hic
454 1106 601 1134 errans
635 1091 689 1133 ad
708 1091 964 1149 Aegyptum
997 1106 1135 1147 usque
1159 1091 1373 1147 pervenit,
1403 1091 1479 1133 ubi
1498 1090 1693 1145 Proteus,
1725 1090 1829 1132 deus

119 1163 330 1218 marinus,
366 1166 643 1220 regnaverat,
682 1163 750 1206 cui
788 1163 1020 1218 aliquando
1059 1165 1188 1218 rapta
1219 1178 1244 1204 a
1274 1162 1441 1205 Theseo
1472 1162 1641 1205 Helena
1673 1154 1831 1204 dicitur

118 1235 435 1278 commendata:
468 1234 579 1277 unde
611 1235 786 1290 quidam
818 1235 967 1277 dicunt
998 1234 1111 1290 quod
1145 1234 1196 1276 ad
1230 1249 1326 1277 eam
1352 1234 1581 1290 petendam
1606 1234 1830 1276 Menelaus

119 1307 172 1349 ad
199 1307 450 1363 Aegyptum
481 1306 702 1362 profectus
735 1307 792 1349 sit
822 1309 924 1363 post
955 1306 1072 1349 bella
1097 1306 1298 1348 Troiana.
1349 1308 1451 1348 sunt
1476 1306 1548 1361 qui
1575 1306 1728 1348 volunt
1751 1319 1830 1347 nec

119 1381 290 1433 raptam
318 1393 410 1421 esse
437 1394 463 1420 a
482 1378 635 1421 Paride
655 1377 880 1430 Helenam,
907 1378 981 1421 sed
1009 1378 1140 1433 aliam
1166 1393 1342 1420 causam
1367 1377 1471 1420 belli
1490 1377 1622 1419 fuisse
1643 1377 1831 1433 Troiani,

118 1451 237 1492 illam
270 1450 452 1506 scilicet,
484 1450 597 1505 quod
629 1449 879 1504 Herculem,
912 1452 1192 1509 quaerentem
1223 1448 1405 1505 Hylam,
1438 1449 1653 1504 suscipere
1684 1449 1830 1490 nolue-

118 1524 231 1564 runt.
289 1522 362 1578 qui
403 1523 547 1564 autem
588 1522 741 1564 volunt
780 1536 875 1564 eam
914 1523 1086 1577 raptam
1124 1537 1150 1563 a
1181 1520 1352 1577 Paride,
1391 1521 1474 1564 hoc
1513 1521 1675 1572 dicunt,
1717 1519 1832 1576 quod

120 1595 295 1649 recepta
332 1609 358 1635 a
394 1593 552 1636 Proteo
590 1608 668 1648 per
705 1593 919 1636 Theseum
957 1593 1010 1636 ad
1047 1593 1293 1635 Menelaum
1330 1593 1563 1636 transitum
1600 1592 1753 1635 fecerit
1789 1595 1833 1634 et

122 1665 183 1708 sic
215 1680 309 1707 eam
335 1664 458 1707 Paris
483 1665 695 1720 rapuerit:
729 1665 962 1707 secundum
990 1665 1114 1721 quod,
1148 1667 1195 1707 ut
1223 1679 1354 1720 supra
1380 1665 1577 1720 diximus,
1609 1664 1832 1707 Menelaus

121 1737 175 1779 ad
196 1736 443 1792 Aegyptum
468 1736 585 1779 Iovis
611 1737 836 1780 voluntate
861 1736 1071 1792 pervenit,
1101 1736 1264 1779 scilicet
1289 1751 1342 1778 ne
1369 1736 1422 1778 ab
1444 1735 1657 1792 Aegistho
1684 1737 1833 1791 posset

90 1810 95 1816 '
120 1808 326 1851 interimi
367 1807 483 1863 quod
515 1810 659 1850 autem
691 1809 754 1850 ait
779 1807 942 1850 ‘Protei
974 1807 1212 1850 columnas’
1244 1809 1413 1850 ratione
1438 1822 1528 1850 non
1554 1810 1696 1850 vacat:
1728 1822 1832 1850 nam

121 1880 341 1923 columnas
369 1878 571 1922 Herculis
603 1880 790 1935 legimus
824 1881 867 1921 et
897 1879 942 1921 in
967 1878 1107 1922 Ponto
1133 1882 1177 1921 et
1201 1879 1248 1921 in
1272 1879 1498 1934 Hispania.
1547 1879 1662 1922 hunc
1688 1881 1831 1921 autem

121 1951 327 1994 Proteum
353 1950 639 1994 fortissimum
666 1953 709 1993 et
733 1950 1065 1993 invictissimum
1092 1953 1262 1993 constat
1286 1950 1431 1993 fuisse.
1463 1951 1662 1993 novimus
1689 1952 1832 1993 autem

122 2023 236 2079 quod
268 2037 418 2065 omnes
452 2022 586 2065 fortes
606 2022 816 2066 Hercules
849 2022 1119 2065 dicebantur:
1151 2022 1262 2064 unde
1294 2021 1463 2064 videtur
1488 2022 1570 2065 hoc
1597 2022 1833 2065 adfectasse

123 2093 362 2150 Vergilius,
405 2096 455 2136 ut
499 2109 578 2149 pro
619 2094 778 2137 finibus
821 2093 983 2136 ‘Protei
1023 2093 1263 2136 columnas'
1308 2093 1486 2149 diceret,
1528 2108 1636 2149 quas
1679 2094 1834 2136 habuit

123 2165 348 2221 Hercules,
387 2167 435 2207 ut
473 2165 720 2208 ostenderet
758 2181 854 2208 eum
894 2166 1024 2208 etiam
1056 2164 1287 2208 Herculem
1319 2165 1494 2207 dictum.
1615 2177 1831 2216 ADVSQVE

123 2248 368 2279 COLVMNAS
400 2248 575 2280 PROTEI
606 2252 740 2293 usque
768 2237 822 2280 ad
847 2238 956 2279 fines
978 2235 1179 2293 Aegypti,
1210 2236 1293 2279 hoc
1320 2238 1385 2279 est
1410 2251 1546 2292 usque
1573 2237 1627 2279 ad
1646 2236 1834 2293 Pharon,

124 2311 224 2350 ante
262 2309 467 2364 insulam,
507 2317 621 2350 nunc
660 2311 829 2363 partem
867 2308 1173 2351 Alexandriae:
1213 2307 1412 2350 Lucanus
1450 2307 1518 2362 <X
1549 2308 1665 2363 509>
1703 2324 1834 2351 nunc

124 2380 407 2422 claustrum
444 2380 617 2436 pelagi
658 2380 794 2436 cepit
825 2380 1051 2423 Pharon:
1088 2376 1549 2435 insula'quondam
1586 2380 1638 2421 in
1670 2380 1833 2422 medio

125 2451 276 2493 stetit
313 2450 407 2492 illa
446 2451 573 2493 mari
612 2451 702 2493 sub
741 2454 971 2507 tempore
1010 2451 1147 2493 vatis
1185 2450 1420 2506 Proteos,
1466 2454 1516 2493 at
1552 2466 1683 2494 nunc
1721 2451 1834 2493 Pel-

124 2521 253 2563 laeis
292 2522 370 2563 est
400 2522 633 2577 proxima
665 2523 836 2565 muris.
899 2522 1076 2565 ‘Protei'
1110 2524 1254 2565 autem
1284 2522 1464 2565 Latinus
1496 2526 1562 2565 est
1593 2524 1832 2580 genetivus,

125 2592 383 2635 constrictus
421 2608 499 2648 per
537 2594 798 2649 synaeresin.
860 2593 1082 2650 ‘adusque'
1122 2597 1267 2636 autem
1301 2594 1362 2637 sic
1394 2597 1460 2637 est
1491 2594 1653 2637 dictum
1686 2609 1830 2650 quem-

125 2663 356 2706 admodum
384 2664 628 2720 <VII289>
662 2664 834 2709 Siculo
867 2666 1138 2722 prospexit
1171 2666 1401 2721 abusque
1434 2665 1695 2720 Pachyno:
1727 2681 1830 2708 nam

219 2773 240 2805 2
267 2769 416 2805 fuerunt
441 2768 515 2805 AS
538 2771 550 2816 ΙΙ
581 2774 602 2804 3
627 2770 778 2806 fuerunt
803 2771 841 2806 et
864 2770 905 2806 in
930 2782 967 2807 se
993 2770 1060 2817 Ru
1089 2770 1130 2806 111
1155 2772 1211 2818 se]
1238 2782 1325 2807 ense
1351 2770 1392 2806 F
1406 2772 1419 2817 ΙΙ
1450 2782 1533 2806 cum
1557 2781 1736 2817 maeropa
1760 2771 1832 2807 As

125 2829 208 2853 cum
236 2828 386 2863 merope
405 2817 502 2852 RM
533 2829 617 2853 cum
643 2829 778 2862 europe
799 2818 839 2854 F
854 2819 866 2865 {l
885 2822 907 2853 4
931 2818 1069 2854 liberos
1095 2819 1174 2854 eius
1200 2818 1235 2855 ei
1254 2818 1303 2854 M
1317 2820 1330 2864 ΙΙ
1350 2823 1369 2855 7
1395 2823 1436 2854 ui
1458 2818 1619 2855 inuicem
1638 2819 1742 2854 nasci
1760 2819 1834 2855 AS

124 2865 202 2900 uim
227 2864 359 2900 ulcisci
379 2865 438 2909 M,
463 2866 506 2900 in
530 2876 600 2910 quo
625 2876 739 2911 supra
765 2865 841 2901 alio
870 2893 877 2901 .
899 2895 907 2902 .
930 2893 937 2901 .
965 2865 1094 2902 ulcisci
1118 2878 1215 2902 man.
1242 2878 1309 2902 rec.
1336 2867 1424 2902 haec
1445 2878 1512 2902 scr.
1539 2866 1655 2902 alium
1681 2867 1831 2903 sceleris

95 2918 100 2923 “
124 2912 225 2948 illius
250 2913 438 2948 uindicem
462 2912 597 2957 nasein
616 2917 637 2948 9
664 2914 763 2948 facta
781 2913 822 2947 F
836 2914 849 2959 ΙΙ
870 2917 910 2948 11
937 2912 1015 2960 hic]
1042 2913 1074 2949 is
1101 2925 1189 2960 ergo
1215 2914 1405 2950 menelaus
1426 2914 1466 2949 F
1481 2916 1494 2961 ΙΙ
1514 2914 1707 2959 protheus,
1733 2918 1775 2950 ut
1799 2919 1832 2950 et

125 2961 247 3004 infra,
271 2960 388 2996 ASR
397 2961 446 2995 M
462 2961 474 3007 ΙΙ
496 2964 539 2995 14
564 2961 649 3005 post
673 2971 739 2995 om.
759 2960 796 2995 R
814 2962 826 3006 ΙΙ
845 2960 997 3005 quidam
1021 2962 1155 2997 uolunt
1178 2963 1327 3008 raptam
1353 2973 1430 2997 esse
1455 2962 1496 2997 F
1512 2963 1523 3008 ΙΙ
1554 2966 1596 2997 16
1621 2962 1723 3008 ylam
1748 2962 1835 2997 RF

124 3006 240 3053 yliam
266 3007 317 3042 M
329 3009 341 3052 ΙΙ
371 3012 414 3044 18
440 3007 521 3053 per]
548 3018 639 3053 apro
665 3007 702 3043 R
720 3008 732 3053 ΙΙ
760 3011 806 3043 20
831 3009 1043 3053 peruenerit
1067 3009 1140 3045 AS
1157 3010 1169 3056 ΙΙ
1193 3022 1239 3045 ne
1265 3010 1312 3044 ab
1338 3010 1499 3055 aegypto
1525 3010 1709 3055 potuisset
1733 3009 1830 3045 inte—

126 3054 194 3089 rim
216 3054 256 3089 F
270 3056 283 3099 11
301 3055 420 3101 possit
434 3054 508 3091 AS
522 3056 535 3102 ss
553 3059 598 3090 22
619 3055 824 3090 calumnias
843 3055 1004 3091 herculis
1024 3056 1065 3091 F
1079 3057 1092 3102 ΙΙ
1110 3061 1155 3092 23
1175 3057 1357 3093 inuictum
1377 3056 1419 3092 F
1433 3058 1446 3102 ΙΙ
1464 3058 1614 3093 constat
1631 3068 1697 3093 om.
1709 3057 1805 3092 ΕΜ
1820 3057 1832 3103 Η

127 3105 173 3136 24
197 3101 268 3138 hoc
292 3113 359 3139 om.
380 3102 422 3138 F
436 3103 448 3149 ΙΙ
468 3106 512 3139 25
538 3103 718 3148 uergilius
743 3102 784 3138 F
798 3103 811 3149 ΙΙ
828 3104 871 3137 ut
895 3113 962 3139 om.
988 3103 1062 3140 AS
1084 3104 1183 3150 (add.
1211 3106 1279 3150 a){1
1304 3108 1348 3140 26
1374 3104 1535 3140 herculis
1562 3105 1602 3139 F
1617 3106 1629 3150 fl
1657 3108 1701 3139 29
1727 3105 1830 3149 plau-

127 3150 243 3184 strum
269 3149 305 3184 A
341 3150 522 3186 laustrum
550 3151 590 3186 F
617 3151 629 3197 ῃ
660 3149 784 3196 coepit
808 3150 944 3185 AMF
977 3152 1101 3197 coepti
1125 3152 1162 3187 R
1192 3154 1204 3197 ΙΙ
1224 3156 1285 3189 ,30
1310 3152 1461 3196 proteus
1486 3152 1527 3187 F
1562 3154 1566 3198 Ι
1596 3151 1714 3197 peleis
1739 3152 1834 3186 AM

126 3196 260 3242 palleis
279 3197 316 3231 R
346 3198 503 3243 pellacis
523 3198 564 3233 F
579 3199 591 3245 ss
611 3202 655 3234 32
681 3198 902 3234 constrictus
927 3209 992 3234 om.
1008 3199 1080 3234 AS
1098 3200 1111 3245 ΙΙ
1129 3204 1174 3235 33
1190 3199 1380 3245 Pachyno]
1407 3199 1529 3245 protei
1604 3200 1616 3245 ss
1634 3210 1720 3234 nam
1748 3209 1831 3234 cum

127 3244 398 3290 praepositioni
422 3257 627 3291 numquam
655 3246 855 3281 cohaereat
878 3246 1108 3291 praepositio
1134 3246 1207 3282 AS

1857 1027 1901 1058 10

1860 1384 1901 1417 15

1858 1744 1903 1775 20

1858 2101 1904 2133 25

1859 2460 1904 2490 30
