2092 3614
579 256 730 294 COMM.
757 256 810 294 IN
834 256 977 294 VERG.
1004 257 1115 294 AEN.
1142 258 1212 294 XII
1236 261 1435 294 181—206.
1771 257 1857 300 599

273 365 367 408 198.
417 377 733 418 LATONAEQVE
780 378 930 411 euuvs
973 379 1161 410 DVPLEX
1211 382 1260 410 ac
1310 368 1347 410 si
1398 367 1578 422 diceret,
1628 369 1858 423 utrumque

151 450 300 479 sexum
336 438 472 492 prolis
508 438 699 482 Latonae
740 439 801 482 vel
843 438 1020 482 subolis.
1083 441 1126 482 et
1163 439 1271 481 bene
1309 439 1352 481 in
1392 439 1635 482 foederibus
1674 440 1859 495 duplicia

150 508 323 551 invocat
359 510 556 566 numina,
595 510 697 566 quia
734 511 781 553 in
819 526 950 553 unum
990 511 1073 553 duo
1107 511 1261 553 coituri
1294 512 1394 552 sunt
1426 511 1589 567 populi.
1709 522 1857 554 IANVM

151 595 320 636 quoque
352 582 433 624 rite
465 582 650 636 invocat,
683 582 783 638 quia
813 582 906 638 ipse
937 582 1147 625 faciendis
1176 582 1421 625 foederibus
1447 585 1638 637 praeest:
1671 598 1856 639 namque

148 654 379 707 postquam
417 653 626 696 Romulus
670 656 713 695 et
749 653 874 696 Titus
912 653 1064 696 Tatius
1105 653 1150 695 in
1190 653 1363 696 foedera
1401 656 1709 710 convenerunt,
1748 654 1855 697 Iano

150 722 428 767 simulacrum
467 724 648 780 duplicis
687 725 844 767 frontis
883 726 1082 768 effectum
1124 727 1207 779 est,
1246 725 1371 780 quasi
1402 725 1456 767 ad
1487 726 1719 782 imaginem
1753 726 1854 769 duo-

148 809 241 836 rum
273 796 544 851 populorum.
594 797 778 852 legimus
811 800 960 839 tamen
990 795 1143 838 Ianum
1177 796 1309 838 etiam
1337 797 1678 852 quadrifrontem
1702 797 1856 841 fuisse:

148 866 260 909 unde
287 866 499 910 Martialis
532 869 594 910 ait
625 867 760 922 <VIII
786 870 826 924 2,
853 868 909 923 5>
943 871 991 911 et
1023 868 1201 924 lingua
1232 868 1431 923 pariter
1462 869 1667 913 locutus
1701 871 1855 913 omni:

147 952 247 980 nam
282 937 454 981 ‘omnis’
487 939 537 981 de
569 939 734 982 duobus
766 955 851 982 non
885 940 1077 982 dicimus.

269 1010 365 1052 199.
414 1023 497 1053 VIM
530 1011 744 1065 duritiem,
777 1011 1182 1054 inexorabilitatem.
1301 1022 1526 1054 SACRARIA
1558 1024 1680 1055 DITIS
1715 1028 1852 1056 sacra—

146 1080 258 1122 rium
296 1082 469 1137 proprie
510 1085 577 1125 est
614 1083 732 1125 locus
770 1083 813 1124 in
853 1083 1035 1138 templo,
1072 1082 1117 1124 in
1151 1097 1234 1138 quo
1268 1097 1391 1125 sacra
1421 1087 1705 1140 reponuntur,
1743 1086 1854 1127 sicut

147 1152 372 1195 donarium
406 1155 490 1206 est,
528 1154 599 1196 ubi
634 1156 853 1209 ponuntur
886 1155 1049 1209 oblata,
1083 1154 1194 1196 sicut
1226 1154 1497 1197 lectisternia
1528 1155 1746 1212 dicuntur,
1778 1157 1851 1199 ubi

146 1223 342 1267 homines
374 1225 418 1267 in
450 1226 611 1280 templo
647 1226 791 1268 sedere
825 1228 1150 1268 consueverunt.
1455 1279 1457 1281 ,

265 1297 364 1339 200.
416 1309 495 1349 QVI
520 1309 737 1340 FOEDERA
763 1309 970 1340 FVLMmE
990 1308 1154 1340 SANc1T
1181 1297 1421 1352 confirmat,
1448 1300 1596 1340 sancta
1622 1313 1714 1341 esse
1735 1299 1851 1355 facit,

143 1367 244 1422 quia
280 1382 377 1410 cum
409 1369 518 1411 fiunt
543 1368 729 1424 foedera,
762 1370 797 1410 si
831 1369 1071 1411 coruscatio
1098 1369 1239 1424 fuerit,
1272 1369 1598 1412 confirmantur:
1631 1371 1698 1413 vel
1724 1375 1850 1428 certe,

142 1439 244 1495 quia
277 1440 389 1496 apud
422 1441 607 1483 maiores
641 1455 739 1483 arae
769 1455 856 1483 non
878 1435 1233 1495 incendebantur,
1266 1441 1340 1482 sed
1365 1441 1511 1497 ignem
1537 1441 1729 1485 divinum
1755 1459 1848 1499 pre-

87 1498 89 1501 ·
143 1510 263 1553 cibus
296 1511 542 1564 eliciebant,
574 1513 647 1567 qui
678 1512 935 1555 incendebat
967 1512 1134 1555 altaria.
1185 1511 1383 1555 esancire'
1417 1515 1560 1555 autem
1586 1515 1756 1570 proprie
1784 1519 1850 1558 est

141 1583 338 1624 sanctum
372 1583 553 1639 aliquid,
592 1583 635 1626 id
669 1585 736 1626 est
767 1587 1083 1639 consecratum,
1113 1583 1255 1627 facere
1288 1584 1382 1626 fuso
1416 1585 1625 1641 sanguine
1657 1586 1847 1629 hostiae:

140 1655 183 1695 et
214 1653 375 1696 dictum
408 1653 650 1709 ‘sanctum'‚
682 1655 804 1711 quasi
837 1655 1047 1711 sanguine
1080 1658 1390 1699 consecratum.

256 1726 354 1768 204.
405 1737 447 1769 s1
480 1738 733 1769 TELLVREM
765 1738 1015 1770 EFFVNDAT
1046 1739 1094 1770 IN
1124 1738 1278 1770 VNDAs
1311 1728 1542 1785 hypallage
1574 1744 1652 1784 pro
1685 1729 1737 1772 ‘si
1771 1746 1846 1773 un-

138 1796 212 1839 das
247 1797 437 1840 effundat
466 1798 510 1840 in
542 1797 710 1841 terras'.
1837 1791 1840 1794 ⁴

256 1869 354 1912 205.
404 1881 601 1913 DILVVIO
633 1881 828 1913 MISCENS
861 1871 908 1913 id
935 1874 993 1913 est
1022 1885 1159 1926 aquae
1192 1871 1491 1926 superfusione
1522 1872 1723 1915 universa
1751 1888 1843 1929 per-

137 1941 330 1983 turbans.

255 2012 352 2055 206.
403 2025 463 2055 VT
495 2024 739 2056 SOEPTRVM
770 2025 865 2057 HOC
897 2013 1075 2056 Homeri
1107 2015 1240 2069 locus,
1273 2014 1451 2057 verbum
1483 2015 1536 2057 ad
1568 2015 1758 2058 verbum.

136 2096 328 2126 DEXTRA
355 2095 597 2127 SGEPTRVM
621 2097 720 2128 NAM
745 2097 897 2128 FORTE
925 2089 1141 2129 GEREBAT
1172 2101 1250 2142 per
1274 2086 1551 2142 parenthesin
1578 2087 1737 2130 dictum
1765 2090 1843 2130 est.
1871 2117 1888 2126 2

135 2158 183 2198 ut
215 2159 360 2198 autem
393 2159 610 2212 sceptrum
644 2157 902 2200 adhibeatur
933 2158 987 2200 ad
1019 2158 1204 2214 foedera,
1234 2158 1341 2201 haec
1372 2158 1484 2201 ratio
1517 2161 1595 2214 est,
1627 2160 1727 2215 quia
1753 2175 1841 2202 ma-

135 2228 247 2270 iores
294 2242 461 2282 semper
505 2228 782 2271 simulacrum
822 2229 936 2272 Iovis
982 2229 1263 2273 adhibebant:
1308 2230 1422 2286 quod
1464 2245 1559 2272 cum
1600 2230 1840 2273 taediosum

137 2302 263 2351 esset,
295 2299 527 2355 praecipue
560 2300 730 2355 quando
761 2301 927 2344 fiebant
958 2301 1132 2344 foedera
1164 2317 1260 2344 cum
1292 2303 1419 2358 longe
1445 2302 1600 2357 positis
1627 2302 1840 2357 gentibus,

135 2371 357 2413 inventum
396 2374 480 2426 est,
517 2374 565 2414 ut
597 2374 815 2428 sceptrum
847 2376 1041 2415 tenentes
1074 2373 1198 2428 quasi
1229 2374 1462 2429 imaginem
1496 2373 1714 2416 simulacri
1746 2374 1839 2416 red-

135 2442 284 2504 derent
314 2442 451 2499 Iovis3
492 2445 709 2499 sceptrum
743 2444 855 2486 enim
887 2443 1024 2499 ipsius
1057 2447 1124 2486 est
1155 2445 1386 2500 proprium.
1437 2445 1545 2487 unde
1575 2459 1688 2487 nunc
1720 2447 1840 2488 tenet

134 2517 350 2570 sceptrum
381 2514 574 2571 Latinus,
605 2530 691 2558 non
724 2516 847 2572 quasi
879 2530 964 2572 rex,
997 2517 1071 2558 sed
1104 2517 1229 2572 quasi
1259 2519 1384 2572 pater
1414 2518 1624 2572 patratus.

229 2624 273 2655 10
299 2603 504 2656 sacrarium
530 2650 537 2657 .
559 2649 566 2656 .
589 2650 596 2657 .
624 2622 910 2668 consueverunt]
943 2633 1056 2658 exser.
1085 2622 1170 2658 Isid.
1198 2634 1249 2659 or.
1275 2621 1344 2658 XV
1370 2625 1402 2667 5,
1432 2626 1448 2657 1
1480 2624 1492 2667 ΙΙ
1532 2626 1573 2658 17
1601 2622 1742 2658 sancire
1769 2651 1775 2658 .
1799 2651 1806 2658 .
1829 2651 1836 2658 .

133 2668 406 2714 consecratum]
433 2667 477 2705 cf.
504 2668 590 2705 Isid.
618 2680 668 2704 or.
695 2669 763 2704 XV
789 2672 822 2714 4,
848 2673 868 2704 2

229 2767 250 2798 2
275 2762 384 2808 prolu
404 2762 453 2806 F,
478 2774 568 2799 corr.
585 2763 724 2799 Daniel
742 2765 754 2810 ΙΙ
773 2764 913 2800 sobolis
932 2765 1047 2801 ASR
1065 2766 1077 2812 ΙΙ
1096 2770 1117 2801 3
1142 2765 1284 2801 indicat
1309 2766 1381 2801 AS
1398 2767 1410 2811 ΙΙ
1429 2777 1611 2805 ῙΑΝνΜρνΕ
1636 2777 1836 2800 mmmmm

132 2810 202 2847 rite
228 2810 379 2847 invocat
403 2811 523 2856 vulqo,
547 2811 626 2846 ‘nisi
643 2812 739 2857 quod
764 2826 788 2847 1.
809 2826 840 2847 B.
867 2811 939 2848 rite
964 2813 1062 2848 hunc
1082 2825 1230 2859 quoque
1253 2814 1403 2849 invocat
1425 2814 1632 2847 Maso-icius
1650 2813 1662 2857 ΙΙ
1682 2816 1702 2847 6
1729 2814 1835 2857 quasi

133 2887 139 2893 .
163 2888 169 2895 .
193 2887 200 2895 .
228 2859 447 2904 populorum
475 2869 540 2893 om.
563 2858 604 2893 F
624 2859 636 2904 ΙΙ
667 2862 687 2894 7
713 2859 857 2906 tamen]
882 2861 972 2895 tunc
997 2859 1070 2896 AS
1086 2862 1098 2907 ΙΙ
1128 2861 1244 2896 etiam
1269 2873 1404 2907 genum
1432 2860 1472 2895 F
1488 2861 1499 2906 ΙΙ
1530 2859 1644 2895 fuisse
1670 2871 1736 2895 om.
1763 2860 1799 2895 R
1824 2860 1835 2907 ΙΙ

131 2909 154 2942 8
180 2906 276 2942 unde
303 2906 416 2942 etiam
444 2905 626 2941 martialis
653 2906 688 2942 R
707 2907 720 2953 ΙΙ
749 2907 903 2954 pariter]
930 2908 1091 2952 qualiter
1116 2909 1168 2951 H,
1194 2920 1260 2944 om.
1287 2909 1327 2943 F
1343 2910 1354 2955 ΙΙ
1386 2908 1519 2952 omnis}
1548 2912 1609 2943 Oifi
1634 2909 1669 2942 A
1708 2919 1835 2943 omnes

131 2953 220 2989 RH
242 2956 254 2998 ΙΙ
285 2958 306 2989 9
332 2965 404 2990 non
431 2965 498 2989 om.
522 2953 559 2988 F
586 2955 598 2999 ΙΙ
632 2958 674 2989 10
701 2954 874 2990 duritiam
902 2954 992 2991 RH
1016 2957 1029 3001 ΙΙ
1061 2960 1104 2991 12
1130 2956 1195 2992 ubi
1222 2957 1452 2992 collocantur
1478 2955 1519 2991 F
1542 2957 1554 3002 ΙΙ
1585 2955 1831 3002 lectisternia]

131 3001 362 3037 lectisternia
386 3002 448 3037 uel
473 3001 656 3037 stemedia
680 3001 716 3036 R
753 3002 1024 3038 lectistemedia
1048 3004 1094 3039 H
1107 3006 1119 3051 ΙΙ
1140 3008 1182 3040 13
1210 3004 1479 3040 consueuerant
1498 3004 1571 3038 AS
1607 3006 1834 3038 consuerunt

131 3049 171 3084 F
186 3050 199 3095 ΙΙ
231 3052 274 3084 15
299 3049 407 3096 fiunt]
433 3049 610 3084 finiuntur
634 3049 723 3084 RH
754 3048 848 3085 fiant
873 3049 913 3084 F
928 3052 940 3095 ΙΙ
969 3051 1031 3086 vel
1056 3054 1157 3088 certe
1183 3079 1189 3086 .
1212 3081 1219 3088 .
1242 3079 1248 3086 .
1275 3050 1570 3086 incendebantur
1594 3062 1660 3086 om.
1687 3050 1731 3085 H
1746 3053 1758 3095 ΙΙ
1789 3054 1831 3085 16

130 3097 316 3142 precibus]
341 3096 511 3132 faucibus
537 3096 578 3132 F
593 3098 604 3143 ΙΙ
626 3100 668 3132 17
694 3097 945 3133 incendebant
969 3098 1036 3145 Fss
1061 3103 1106 3134 20
1131 3100 1179 3146 si]
1208 3100 1250 3134 ut
1274 3099 1364 3133 RH
1376 3100 1389 3142 ΙΙ
1408 3098 1565 3133 mundas
1594 3098 1636 3132 H
1650 3099 1662 3142 ΙΙ
1682 3101 1727 3132 24
1752 3109 1830 3132 ver-

130 3144 235 3190 bum]
263 3145 329 3189 (Il.
349 3144 365 3179 I
385 3146 468 3190 234)
494 3144 559 3179 ναὶ
585 3142 635 3189 μοὶ
655 3142 742 3179 τόδε
763 3145 950 3190 σκῆπτρον
971 3173 979 3181 .
996 3174 1003 3181 .
1020 3175 1027 3182 .
1048 3144 1068 3182 ὃ
1089 3145 1131 3182 δέ
1152 3159 1207 3182 τοι
1228 3145 1345 3192 μέγας
1366 3144 1511 3181 ἔσσεται
1533 3142 1644 3189 ὅρκος
1663 3145 1747 3181 add.
1762 3144 1802 3179 D
1820 3144 1830 3171 l·

130 3195 176 3226 25
201 3191 274 3238 est]
300 3203 367 3228 om.
393 3192 465 3227 AS
483 3194 495 3239 ΙΙ
525 3195 570 3228 26
597 3193 743 3238 sceptra
767 3192 1016 3229 adhibeantur
1042 3194 1081 3229 F
1103 3195 1115 3240 ΙΙ
1152 3198 1196 3230 27
1223 3193 1421 3229 simulacra
1446 3193 1486 3228 F
1507 3195 1518 3239 ss
1556 3197 1600 3228 29
1626 3192 1830 3237 imaginem

130 3238 226 3275 sacri
252 3239 323 3275 AS
346 3240 359 3286 ΙΙ
389 3243 434 3275 30
459 3238 669 3287 proprium]
695 3239 892 3285 imperium
918 3239 958 3275 F

1882 1022 1924 1052 10

1879 1379 1920 1411 15

1872 1739 1917 1770 20

1866 2454 1910 2486 30
