<?xml version="1.0" encoding="UTF-8"?>
<!DOCTYPE html PUBLIC "-//W3C//DTD XHTML 1.0 Transitional//EN"
    "http://www.w3.org/TR/xhtml1/DTD/xhtml1-transitional.dtd">
<html xmlns="http://www.w3.org/1999/xhtml" xml:lang="en" lang="en">
 <head>
  <title>
</title>
<meta http-equiv="Content-Type" content="text/html;charset=utf-8" />
  <meta name='ocr-system' content='tesseract 3.04.00' />
  <meta name='ocr-capabilities' content='ocr_page ocr_carea ocr_par ocr_line ocrx_word'/>
</head>
<body>
  <div class='ocr_page' id='page_1' title='image "./invergiliicarmin02servuoft_0562.png"; bbox 0 0 2092 3614; ppageno 0'>
   <div class='ocr_carea' id='block_1_1' title="bbox 232 1023 275 1054">
    <p class='ocr_par' dir='ltr' id='par_1_1' title="bbox 232 1023 275 1054">
     <span class='ocr_line' id='line_1_1' title="bbox 232 1023 275 1054; baseline 0 0"><span class='ocrx_word' id='word_1_1' title='bbox 232 1023 275 1054; x_wconf 88' lang='lat'><em>10</em></span> 
     </span>
    </p>
   </div>
   <div class='ocr_carea' id='block_1_2' title="bbox 233 1382 276 1413">
    <p class='ocr_par' dir='ltr' id='par_1_2' title="bbox 233 1382 276 1413">
     <span class='ocr_line' id='line_1_2' title="bbox 233 1382 276 1413; baseline 0.023 -1"><span class='ocrx_word' id='word_1_2' title='bbox 233 1382 276 1413; x_wconf 88' lang='lat'><em>15</em></span> 
     </span>
    </p>
   </div>
   <div class='ocr_carea' id='block_1_3' title="bbox 231 1738 277 1769">
    <p class='ocr_par' dir='ltr' id='par_1_3' title="bbox 231 1738 277 1769">
     <span class='ocr_line' id='line_1_3' title="bbox 231 1738 277 1769; baseline 0 0"><span class='ocrx_word' id='word_1_3' title='bbox 231 1738 277 1769; x_wconf 81' lang='lat'><em>20</em></span> 
     </span>
    </p>
   </div>
   <div class='ocr_carea' id='block_1_4' title="bbox 301 263 1298 312">
    <p class='ocr_par' dir='ltr' id='par_1_4' title="bbox 301 263 1298 312">
     <span class='ocr_line' id='line_1_4' title="bbox 301 263 1298 312; baseline -0.005 -6"><span class='ocrx_word' id='word_1_4' title='bbox 301 263 387 306; x_wconf 82' lang='lat'><em>548</em></span> <span class='ocrx_word' id='word_1_5' title='bbox 1073 263 1237 301; x_wconf 78' lang='lat' dir='ltr'>SERVH</span> <span class='ocrx_word' id='word_1_6' title='bbox 1293 309 1298 312; x_wconf 29' lang='lat'>&gt;</span> 
     </span>
    </p>
   </div>
   <div class='ocr_carea' id='block_1_5' title="bbox 300 371 2043 2070">
    <p class='ocr_par' dir='ltr' id='par_1_5' title="bbox 300 371 2008 571">
     <span class='ocr_line' id='line_1_5' title="bbox 420 371 2008 428; baseline 0 -13"><span class='ocrx_word' id='word_1_7' title='bbox 420 373 518 416; x_wconf 89' lang='grc'><strong>585.</strong></span> <span class='ocrx_word' id='word_1_8' title='bbox 569 384 755 415; x_wconf 82' lang='lat' dir='ltr'>CONATA</span> <span class='ocrx_word' id='word_1_9' title='bbox 794 387 890 414; x_wconf 89' lang='lat' dir='ltr'><em>cum</em></span> <span class='ocrx_word' id='word_1_10' title='bbox 923 374 1166 428; x_wconf 82' lang='lat' dir='ltr'><em>conaretur,</em></span> <span class='ocrx_word' id='word_1_11' title='bbox 1203 376 1251 414; x_wconf 87' lang='lat' dir='ltr'><em>ut</em></span> <span class='ocrx_word' id='word_1_12' title='bbox 1280 371 1351 426; x_wconf 89' lang='lat' dir='ltr'><em>&lt;II</em></span> <span class='ocrx_word' id='word_1_13' title='bbox 1381 372 1499 427; x_wconf 81' lang='lat'>441&gt;</span> <span class='ocrx_word' id='word_1_14' title='bbox 1532 372 1868 427; x_wconf 80' lang='lat' dir='ltr'><em>obsessumque</em></span> <span class='ocrx_word' id='word_1_15' title='bbox 1898 376 2008 415; x_wconf 87' lang='lat' dir='ltr'><em>acta</em></span> 
     </span>
     <span class='ocr_line' id='line_1_6' title="bbox 301 443 2008 499; baseline 0.001 -13"><span class='ocrx_word' id='word_1_16' title='bbox 301 446 547 487; x_wconf 74' lang='lat' dir='ltr'><em>testudine</em></span> <span class='ocrx_word' id='word_1_17' title='bbox 578 445 727 486; x_wconf 85' lang='lat' dir='ltr'><em>limen</em></span> <span class='ocrx_word' id='word_1_18' title='bbox 757 447 796 486; x_wconf 88' lang='lat' dir='ltr'><em>et</em></span> <span class='ocrx_word' id='word_1_19' title='bbox 820 443 956 499; x_wconf 89' lang='lat' dir='ltr'>&lt;VIII</span> <span class='ocrx_word' id='word_1_20' title='bbox 976 443 1091 499; x_wconf 80' lang='lat'>218&gt;</span> <span class='ocrx_word' id='word_1_21' title='bbox 1120 443 1235 486; x_wconf 81' lang='lat' dir='ltr'><em>Caci</em></span> <span class='ocrx_word' id='word_1_22' title='bbox 1265 458 1393 498; x_wconf 76' lang='lat' dir='ltr'><em>spem</em></span> <span class='ocrx_word' id='word_1_23' title='bbox 1418 445 1668 486; x_wconf 83' lang='lat' dir='ltr'><em>custodita</em></span> <span class='ocrx_word' id='word_1_24' title='bbox 1689 445 1891 497; x_wconf 82' lang='lat' dir='ltr'><em>fefellit.</em></span> <span class='ocrx_word' id='word_1_25' title='bbox 1930 444 2008 487; x_wconf 73' lang='lat' dir='ltr'><em>hae</em></span> 
     </span>
     <span class='ocr_line' id='line_1_7' title="bbox 300 515 1606 571; baseline -0.001 -13"><span class='ocrx_word' id='word_1_26' title='bbox 300 520 437 558; x_wconf 83' lang='lat' dir='ltr'><em>autem</em></span> <span class='ocrx_word' id='word_1_27' title='bbox 467 516 629 558; x_wconf 88' lang='lat' dir='ltr'><em>ratione</em></span> <span class='ocrx_word' id='word_1_28' title='bbox 659 516 842 571; x_wconf 74' lang='lat' dir='ltr'><em>ostendit,</em></span> <span class='ocrx_word' id='word_1_29' title='bbox 871 529 997 569; x_wconf 77' lang='lat' dir='ltr'><em>quare</em></span> <span class='ocrx_word' id='word_1_30' title='bbox 1027 530 1109 558; x_wconf 88' lang='lat' dir='ltr'><em>non</em></span> <span class='ocrx_word' id='word_1_31' title='bbox 1140 519 1370 558; x_wconf 75' lang='lat' dir='ltr'><em>suscenseat</em></span> <span class='ocrx_word' id='word_1_32' title='bbox 1401 515 1606 558; x_wconf 79' lang='lat' dir='ltr'><em>Troianis.</em></span> 
     </span>
    </p>

    <p class='ocr_par' dir='ltr' id='par_1_6' title="bbox 300 586 2010 701">
     <span class='ocr_line' id='line_1_8' title="bbox 420 586 2010 630; baseline 0 -1"><span class='ocrx_word' id='word_1_33' title='bbox 420 587 518 630; x_wconf 83' lang='lat'><em>587.</em></span> <span class='ocrx_word' id='word_1_34' title='bbox 569 598 703 630; x_wconf 79' lang='lat' dir='ltr'><strong>FATIS</strong></span> <span class='ocrx_word' id='word_1_35' title='bbox 735 598 957 629; x_wconf 78' lang='lat' dir='ltr'>VRGETVR</span> <span class='ocrx_word' id='word_1_36' title='bbox 988 599 1183 630; x_wconf 82' lang='lat' dir='ltr'>AOERBIS</span> <span class='ocrx_word' id='word_1_37' title='bbox 1221 586 1410 630; x_wconf 86' lang='lat' dir='ltr'><em>ostendit</em></span> <span class='ocrx_word' id='word_1_38' title='bbox 1441 587 1571 629; x_wconf 85' lang='lat' dir='ltr'><em>etiam</em></span> <span class='ocrx_word' id='word_1_39' title='bbox 1604 586 1818 629; x_wconf 86' lang='lat' dir='ltr'><em>desideria</em></span> <span class='ocrx_word' id='word_1_40' title='bbox 1848 601 1898 629; x_wconf 90' lang='lat' dir='ltr'><em>ex</em></span> <span class='ocrx_word' id='word_1_41' title='bbox 1928 587 2010 629; x_wconf 85' lang='lat' dir='ltr'><em>fati</em></span> 
     </span>
     <span class='ocr_line' id='line_1_9' title="bbox 300 659 858 701; baseline 0 -1"><span class='ocrx_word' id='word_1_42' title='bbox 300 660 558 701; x_wconf 69' lang='lat' dir='ltr'><em>necessitate</em></span> <span class='ocrx_word' id='word_1_43' title='bbox 590 659 858 701; x_wconf 81' lang='lat' dir='ltr'><em>descendere.</em></span> 
     </span>
    </p>

    <p class='ocr_par' dir='ltr' id='par_1_7' title="bbox 372 728 1744 785">
     <span class='ocr_line' id='line_1_10' title="bbox 372 728 1744 785; baseline -0.001 -12"><span class='ocrx_word' id='word_1_44' title='bbox 372 775 375 779; x_wconf 75' lang='grc'>,</span> <span class='ocrx_word' id='word_1_45' title='bbox 421 731 520 773; x_wconf 84' lang='grc'><strong>589.</strong></span> <span class='ocrx_word' id='word_1_46' title='bbox 571 742 896 773; x_wconf 82' lang='lat' dir='ltr'><em>COMMITTIrVR</em></span> <span class='ocrx_word' id='word_1_47' title='bbox 928 742 1075 773; x_wconf 83' lang='lat' dir='ltr'>OMINE</span> <span class='ocrx_word' id='word_1_48' title='bbox 1108 742 1263 774; x_wconf 76' lang='lat' dir='ltr'>PVGNA</span> <span class='ocrx_word' id='word_1_49' title='bbox 1294 745 1373 785; x_wconf 88' lang='lat' dir='ltr'><em>pro</em></span> <span class='ocrx_word' id='word_1_50' title='bbox 1407 728 1744 772; x_wconf 48' lang='lat' dir='ltr'><em>committetfflur</em></span> 
     </span>
    </p>

    <p class='ocr_par' dir='ltr' id='par_1_8' title="bbox 300 791 2016 1913">
     <span class='ocr_line' id='line_1_11' title="bbox 421 791 2011 858; baseline -0.001 -14"><span class='ocrx_word' id='word_1_51' title='bbox 421 802 519 844; x_wconf 82' lang='lat'><em>590.</em></span> <span class='ocrx_word' id='word_1_52' title='bbox 570 813 692 845; x_wconf 81' lang='lat' dir='ltr'>HAEC</span> <span class='ocrx_word' id='word_1_53' title='bbox 720 813 838 844; x_wconf 83' lang='lat' dir='ltr'>CAPE</span> <span class='ocrx_word' id='word_1_54' title='bbox 863 802 1122 858; x_wconf 71' lang='lat' dir='ltr'><em>generaliter</em></span> <span class='ocrx_word' id='word_1_55' title='bbox 1148 802 1256 844; x_wconf 83' lang='lat' dir='ltr'><em>dixit</em></span> <span class='ocrx_word' id='word_1_56' title='bbox 1282 817 1440 854; x_wconf 88' lang='lat' dir='ltr'><em>arcum,</em></span> <span class='ocrx_word' id='word_1_57' title='bbox 1471 791 1733 856; x_wconf 70' lang='lat' dir='ltr'><em>pharetram,</em></span> <span class='ocrx_word' id='word_1_58' title='bbox 1759 803 1808 843; x_wconf 89' lang='lat' dir='ltr'><em>ut</em></span> <span class='ocrx_word' id='word_1_59' title='bbox 1833 815 2011 856; x_wconf 89' lang='lat' dir='ltr'><em>sequen-</em></span> 
     </span>
     <span class='ocr_line' id='line_1_12' title="bbox 301 872 2011 928; baseline -0.001 -13"><span class='ocrx_word' id='word_1_60' title='bbox 301 875 364 915; x_wconf 89' lang='lat' dir='ltr'><em>tia</em></span> <span class='ocrx_word' id='word_1_61' title='bbox 407 874 618 916; x_wconf 88' lang='lat' dir='ltr'><em>indicant:</em></span> <span class='ocrx_word' id='word_1_62' title='bbox 661 889 764 915; x_wconf 88' lang='lat' dir='ltr'><em>nam</em></span> <span class='ocrx_word' id='word_1_63' title='bbox 809 873 914 915; x_wconf 88' lang='lat' dir='ltr'><em>dicit</em></span> <span class='ocrx_word' id='word_1_64' title='bbox 958 872 1018 915; x_wconf 89' lang='lat' dir='ltr'><em>et</em></span> <span class='ocrx_word' id='word_1_65' title='bbox 1061 874 1257 915; x_wconf 86' lang='lat' dir='ltr'><em>ultricem</em></span> <span class='ocrx_word' id='word_1_66' title='bbox 1300 873 1504 928; x_wconf 87' lang='lat' dir='ltr'><em>pharetra</em></span> <span class='ocrx_word' id='word_1_67' title='bbox 1538 873 1737 928; x_wconf 86' lang='lat' dir='ltr'><em>deprome</em></span> <span class='ocrx_word' id='word_1_68' title='bbox 1776 872 2011 928; x_wconf 89' lang='lat' dir='ltr'><em>sagittam’.</em></span> 
     </span>
     <span class='ocr_line' id='line_1_13' title="bbox 301 943 2013 999; baseline -0.001 -13"><span class='ocrx_word' id='word_1_69' title='bbox 301 947 340 986; x_wconf 88' lang='lat' dir='ltr'><em>et</em></span> <span class='ocrx_word' id='word_1_70' title='bbox 367 945 614 987; x_wconf 69' lang='lat' dir='ltr'><em>neotericam</em></span> <span class='ocrx_word' id='word_1_71' title='bbox 638 947 816 998; x_wconf 74' lang='lat' dir='ltr'><em>putatur</em></span> <span class='ocrx_word' id='word_1_72' title='bbox 846 945 984 998; x_wconf 75' lang='lat' dir='ltr'><em>ipsum</em></span> <span class='ocrx_word' id='word_1_73' title='bbox 1016 944 1224 999; x_wconf 73' lang='lat' dir='ltr'><em>‘sayittam</em></span> <span class='ocrx_word' id='word_1_74' title='bbox 1255 943 1469 987; x_wconf 84' lang='lat' dir='ltr'><em>ultricem’.</em></span> <span class='ocrx_word' id='word_1_75' title='bbox 1573 956 1808 987; x_wconf 81' lang='lat' dir='ltr'>VLTRIOEM</span> <span class='ocrx_word' id='word_1_76' title='bbox 1838 944 2013 986; x_wconf 89' lang='lat' dir='ltr'><em>nomina</em></span> 
     </span>
     <span class='ocr_line' id='line_1_14' title="bbox 301 1014 2012 1071; baseline 0.001 -15"><span class='ocrx_word' id='word_1_77' title='bbox 301 1016 443 1058; x_wconf 88' lang='lat' dir='ltr'><em>omnia</em></span> <span class='ocrx_word' id='word_1_78' title='bbox 480 1017 525 1058; x_wconf 93' lang='lat' dir='ltr'><em>in</em></span> <span class='ocrx_word' id='word_1_79' title='bbox 558 1014 615 1057; x_wconf 69' lang='lat' dir='ltr'><em>‘x&#39;</em></span> <span class='ocrx_word' id='word_1_80' title='bbox 650 1016 787 1070; x_wconf 74' lang='lat' dir='ltr'><em>littera</em></span> <span class='ocrx_word' id='word_1_81' title='bbox 818 1015 1053 1057; x_wconf 88' lang='lat' dir='ltr'><em>terminata</em></span> <span class='ocrx_word' id='word_1_82' title='bbox 1086 1016 1325 1059; x_wconf 71' lang='lat' dir='ltr'><em>ablativum</em></span> <span class='ocrx_word' id='word_1_83' title='bbox 1358 1016 1623 1071; x_wconf 80' lang='lat' dir='ltr'><em>singularem</em></span> <span class='ocrx_word' id='word_1_84' title='bbox 1656 1016 1701 1057; x_wconf 89' lang='lat' dir='ltr'><em>in</em></span> <span class='ocrx_word' id='word_1_85' title='bbox 1735 1014 1788 1057; x_wconf 70' lang='lat' dir='ltr'><em>‘e&#39;</em></span> <span class='ocrx_word' id='word_1_86' title='bbox 1820 1016 2012 1069; x_wconf 84' lang='lat' dir='ltr'><em>mittunt,</em></span> 
     </span>
     <span class='ocr_line' id='line_1_15' title="bbox 302 1086 2014 1143; baseline 0 -15"><span class='ocrx_word' id='word_1_87' title='bbox 302 1087 551 1142; x_wconf 86' lang='lat' dir='ltr'><em>genetivum</em></span> <span class='ocrx_word' id='word_1_88' title='bbox 596 1101 699 1130; x_wconf 86' lang='lat' dir='ltr'><em>vero</em></span> <span class='ocrx_word' id='word_1_89' title='bbox 744 1087 957 1142; x_wconf 84' lang='lat' dir='ltr'><em>pluralem</em></span> <span class='ocrx_word' id='word_1_90' title='bbox 994 1087 1039 1128; x_wconf 89' lang='lat' dir='ltr'><em>in</em></span> <span class='ocrx_word' id='word_1_91' title='bbox 1079 1086 1197 1143; x_wconf 75' lang='lat' dir='ltr'><em>‘um&#39;,</em></span> <span class='ocrx_word' id='word_1_92' title='bbox 1242 1088 1432 1142; x_wconf 87' lang='lat' dir='ltr'><em>exceptis</em></span> <span class='ocrx_word' id='word_1_93' title='bbox 1477 1087 1544 1129; x_wconf 89' lang='lat' dir='ltr'><em>his</em></span> <span class='ocrx_word' id='word_1_94' title='bbox 1589 1102 1697 1142; x_wconf 91' lang='lat' dir='ltr'><em>quae</em></span> <span class='ocrx_word' id='word_1_95' title='bbox 1735 1086 1875 1129; x_wconf 90' lang='lat' dir='ltr'><em>omnis</em></span> <span class='ocrx_word' id='word_1_96' title='bbox 1913 1088 2014 1128; x_wconf 87' lang='lat' dir='ltr'><em>sunt</em></span> 
     </span>
     <span class='ocr_line' id='line_1_16' title="bbox 302 1157 2014 1213; baseline 0 -13"><span class='ocrx_word' id='word_1_97' title='bbox 302 1159 485 1213; x_wconf 88' lang='lat' dir='ltr'><em>generis,</em></span> <span class='ocrx_word' id='word_1_98' title='bbox 517 1161 566 1200; x_wconf 92' lang='lat' dir='ltr'><em>ut</em></span> <span class='ocrx_word' id='word_1_99' title='bbox 598 1157 754 1213; x_wconf 75' lang='lat' dir='ltr'><em>‘felix&#39;3</em></span> <span class='ocrx_word' id='word_1_100' title='bbox 785 1173 887 1201; x_wconf 89' lang='lat' dir='ltr'><em>nam</em></span> <span class='ocrx_word' id='word_1_101' title='bbox 920 1161 963 1200; x_wconf 90' lang='lat' dir='ltr'><em>et</em></span> <span class='ocrx_word' id='word_1_102' title='bbox 996 1158 1066 1200; x_wconf 74' lang='lat' dir='ltr'><em>‘ab</em></span> <span class='ocrx_word' id='word_1_103' title='bbox 1098 1159 1180 1201; x_wconf 88' lang='lat' dir='ltr'><em>hoc</em></span> <span class='ocrx_word' id='word_1_104' title='bbox 1211 1157 1345 1201; x_wconf 82' lang='lat' dir='ltr'><em>felici&#39;</em></span> <span class='ocrx_word' id='word_1_105' title='bbox 1379 1161 1423 1200; x_wconf 88' lang='lat' dir='ltr'><em>et</em></span> <span class='ocrx_word' id='word_1_106' title='bbox 1454 1158 1625 1200; x_wconf 71' lang='lat' dir='ltr'><em>‘horum</em></span> <span class='ocrx_word' id='word_1_107' title='bbox 1650 1157 1859 1200; x_wconf 84' lang='lat' dir='ltr'><em>felicium&#39;</em></span> <span class='ocrx_word' id='word_1_108' title='bbox 1890 1158 2014 1200; x_wconf 86' lang='lat' dir='ltr'><em>facit:</em></span> 
     </span>
     <span class='ocr_line' id='line_1_17' title="bbox 300 1228 2014 1286; baseline 0 -15"><span class='ocrx_word' id='word_1_109' title='bbox 300 1228 500 1272; x_wconf 88' lang='lat' dir='ltr'><em>Lucanus</em></span> <span class='ocrx_word' id='word_1_110' title='bbox 545 1229 636 1283; x_wconf 87' lang='lat' dir='ltr'><em>&lt;IV</em></span> <span class='ocrx_word' id='word_1_111' title='bbox 670 1230 786 1284; x_wconf 85' lang='lat'>663&gt;</span> <span class='ocrx_word' id='word_1_112' title='bbox 826 1230 972 1272; x_wconf 88' lang='lat' dir='ltr'><em>felici</em></span> <span class='ocrx_word' id='word_1_113' title='bbox 1016 1244 1116 1272; x_wconf 88' lang='lat' dir='ltr'><em>non</em></span> <span class='ocrx_word' id='word_1_114' title='bbox 1159 1230 1336 1271; x_wconf 85' lang='lat' dir='ltr'><em>fausta</em></span> <span class='ocrx_word' id='word_1_115' title='bbox 1378 1229 1490 1271; x_wconf 87' lang='lat' dir='ltr'><em>loco</em></span> <span class='ocrx_word' id='word_1_116' title='bbox 1534 1229 1765 1286; x_wconf 74' lang='lat' dir='ltr'><em>tentoria</em></span> <span class='ocrx_word' id='word_1_117' title='bbox 1807 1244 2014 1285; x_wconf 90' lang='lat' dir='ltr'><em>ponens.</em></span> 
     </span>
     <span class='ocr_line' id='line_1_18' title="bbox 302 1301 2014 1357; baseline -0.001 -14"><span class='ocrx_word' id='word_1_118' title='bbox 302 1301 415 1356; x_wconf 91' lang='lat' dir='ltr'><em>quod</em></span> <span class='ocrx_word' id='word_1_119' title='bbox 453 1304 674 1357; x_wconf 87' lang='lat' dir='ltr'><em>receptum</em></span> <span class='ocrx_word' id='word_1_120' title='bbox 709 1304 776 1343; x_wconf 89' lang='lat' dir='ltr'><em>est</em></span> <span class='ocrx_word' id='word_1_121' title='bbox 806 1301 921 1356; x_wconf 87' lang='lat' dir='ltr'><em>ideo,</em></span> <span class='ocrx_word' id='word_1_122' title='bbox 959 1301 1061 1357; x_wconf 89' lang='lat' dir='ltr'><em>quia</em></span> <span class='ocrx_word' id='word_1_123' title='bbox 1094 1301 1320 1357; x_wconf 86' lang='lat' dir='ltr'><em>genetivus</em></span> <span class='ocrx_word' id='word_1_124' title='bbox 1352 1301 1533 1355; x_wconf 87' lang='lat' dir='ltr'><em>pluralis</em></span> <span class='ocrx_word' id='word_1_125' title='bbox 1567 1316 1591 1343; x_wconf 81' lang='lat' dir='ltr'><em>a</em></span> <span class='ocrx_word' id='word_1_126' title='bbox 1621 1301 1888 1343; x_wconf 89' lang='lat' dir='ltr'><em>nominativo</em></span> <span class='ocrx_word' id='word_1_127' title='bbox 1920 1301 2014 1356; x_wconf 90' lang='lat' dir='ltr'><em>plu-</em></span> 
     </span>
     <span class='ocr_line' id='line_1_19' title="bbox 302 1372 2015 1428; baseline 0.001 -15"><span class='ocrx_word' id='word_1_128' title='bbox 302 1373 384 1414; x_wconf 88' lang='lat' dir='ltr'><em>rali</em></span> <span class='ocrx_word' id='word_1_129' title='bbox 417 1373 558 1415; x_wconf 87' lang='lat' dir='ltr'><em>minor</em></span> <span class='ocrx_word' id='word_1_130' title='bbox 590 1387 682 1415; x_wconf 88' lang='lat' dir='ltr'><em>esse</em></span> <span class='ocrx_word' id='word_1_131' title='bbox 714 1387 802 1415; x_wconf 90' lang='lat' dir='ltr'><em>non</em></span> <span class='ocrx_word' id='word_1_132' title='bbox 835 1372 974 1427; x_wconf 88' lang='lat' dir='ltr'><em>debet,</em></span> <span class='ocrx_word' id='word_1_133' title='bbox 1007 1372 1080 1414; x_wconf 90' lang='lat' dir='ltr'><em>sed</em></span> <span class='ocrx_word' id='word_1_134' title='bbox 1113 1375 1188 1414; x_wconf 89' lang='lat' dir='ltr'><em>aut</em></span> <span class='ocrx_word' id='word_1_135' title='bbox 1220 1387 1310 1428; x_wconf 90' lang='lat' dir='ltr'><em>par,</em></span> <span class='ocrx_word' id='word_1_136' title='bbox 1342 1373 1417 1414; x_wconf 87' lang='lat' dir='ltr'><em>aut</em></span> <span class='ocrx_word' id='word_1_137' title='bbox 1449 1372 1588 1414; x_wconf 89' lang='lat' dir='ltr'><em>maior</em></span> <span class='ocrx_word' id='word_1_138' title='bbox 1617 1387 1705 1414; x_wconf 87' lang='lat' dir='ltr'><em>una</em></span> <span class='ocrx_word' id='word_1_139' title='bbox 1737 1372 1916 1427; x_wconf 84' lang='lat' dir='ltr'><em>syllaba.</em></span> <span class='ocrx_word' id='word_1_140' title='bbox 1972 1374 2015 1415; x_wconf 88' lang='lat' dir='ltr'><em>et</em></span> 
     </span>
     <span class='ocr_line' id='line_1_20' title="bbox 303 1443 2015 1499; baseline 0 -14"><span class='ocrx_word' id='word_1_141' title='bbox 303 1444 404 1498; x_wconf 88' lang='lat' dir='ltr'><em>quia</em></span> <span class='ocrx_word' id='word_1_142' title='bbox 436 1459 461 1486; x_wconf 89' lang='lat' dir='ltr'><em>a</em></span> <span class='ocrx_word' id='word_1_143' title='bbox 486 1447 641 1486; x_wconf 90' lang='lat' dir='ltr'><em>neutro</em></span> <span class='ocrx_word' id='word_1_144' title='bbox 667 1444 772 1486; x_wconf 87' lang='lat' dir='ltr'><em>facit</em></span> <span class='ocrx_word' id='word_1_145' title='bbox 798 1443 985 1499; x_wconf 71' lang='lat' dir='ltr'><em>‘felicia&#39;,</em></span> <span class='ocrx_word' id='word_1_146' title='bbox 1017 1443 1206 1486; x_wconf 87' lang='lat' dir='ltr'><em>felicum&#39;</em></span> <span class='ocrx_word' id='word_1_147' title='bbox 1233 1444 1372 1485; x_wconf 85' lang='lat' dir='ltr'><em>dicere</em></span> <span class='ocrx_word' id='word_1_148' title='bbox 1398 1457 1486 1485; x_wconf 89' lang='lat' dir='ltr'><em>non</em></span> <span class='ocrx_word' id='word_1_149' title='bbox 1511 1443 1727 1498; x_wconf 81' lang='lat' dir='ltr'><em>debemus,</em></span> <span class='ocrx_word' id='word_1_150' title='bbox 1759 1458 1812 1486; x_wconf 91' lang='lat' dir='ltr'><em>ne</em></span> <span class='ocrx_word' id='word_1_151' title='bbox 1838 1446 2015 1499; x_wconf 89' lang='lat' dir='ltr'><em>propter</em></span> 
     </span>
     <span class='ocr_line' id='line_1_21' title="bbox 303 1515 2014 1572; baseline 0.001 -16"><span class='ocrx_word' id='word_1_152' title='bbox 303 1515 393 1557; x_wconf 91' lang='lat' dir='ltr'><em>alia</em></span> <span class='ocrx_word' id='word_1_153' title='bbox 430 1530 590 1572; x_wconf 87' lang='lat' dir='ltr'><em>genera</em></span> <span class='ocrx_word' id='word_1_154' title='bbox 627 1516 728 1557; x_wconf 90' lang='lat' dir='ltr'><em>huic</em></span> <span class='ocrx_word' id='word_1_155' title='bbox 765 1515 1119 1570; x_wconf 85' lang='lat' dir='ltr'><em>praeiudicemus.</em></span> <span class='ocrx_word' id='word_1_156' title='bbox 1180 1530 1366 1570; x_wconf 89' lang='lat' dir='ltr'><em>namque</em></span> <span class='ocrx_word' id='word_1_157' title='bbox 1406 1515 1460 1557; x_wconf 91' lang='lat' dir='ltr'><em>ab</em></span> <span class='ocrx_word' id='word_1_158' title='bbox 1501 1529 1550 1557; x_wconf 87' lang='lat' dir='ltr'><em>eo</em></span> <span class='ocrx_word' id='word_1_159' title='bbox 1590 1515 1704 1570; x_wconf 90' lang='lat' dir='ltr'><em>quod</em></span> <span class='ocrx_word' id='word_1_160' title='bbox 1737 1517 1802 1557; x_wconf 88' lang='lat' dir='ltr'><em>est</em></span> <span class='ocrx_word' id='word_1_161' title='bbox 1835 1515 2014 1557; x_wconf 79' lang='lat' dir='ltr'><em>‘felices&#39;</em></span> 
     </span>
     <span class='ocr_line' id='line_1_22' title="bbox 302 1586 2015 1642; baseline 0.001 -14"><span class='ocrx_word' id='word_1_162' title='bbox 302 1590 352 1629; x_wconf 89' lang='lat' dir='ltr'><em>ut</em></span> <span class='ocrx_word' id='word_1_163' title='bbox 385 1586 606 1629; x_wconf 69' lang='lat' dir='ltr'><em>‘felicium’</em></span> <span class='ocrx_word' id='word_1_164' title='bbox 640 1587 844 1642; x_wconf 86' lang='lat' dir='ltr'><em>dicamus,</em></span> <span class='ocrx_word' id='word_1_165' title='bbox 875 1587 987 1628; x_wconf 87' lang='lat' dir='ltr'><em>ratio</em></span> <span class='ocrx_word' id='word_1_166' title='bbox 1012 1587 1194 1641; x_wconf 88' lang='lat' dir='ltr'><em>patitur:</em></span> <span class='ocrx_word' id='word_1_167' title='bbox 1226 1601 1312 1628; x_wconf 89' lang='lat' dir='ltr'><em>una</em></span> <span class='ocrx_word' id='word_1_168' title='bbox 1343 1586 1456 1628; x_wconf 87' lang='lat' dir='ltr'><em>enim</em></span> <span class='ocrx_word' id='word_1_169' title='bbox 1483 1586 1636 1628; x_wconf 87' lang='lat' dir='ltr'><em>crescit</em></span> <span class='ocrx_word' id='word_1_170' title='bbox 1661 1586 1851 1641; x_wconf 85' lang='lat' dir='ltr'><em>syllaba:</em></span> <span class='ocrx_word' id='word_1_171' title='bbox 1884 1587 1938 1628; x_wconf 91' lang='lat' dir='ltr'><em>ab</em></span> <span class='ocrx_word' id='word_1_172' title='bbox 1964 1601 2015 1630; x_wconf 87' lang='lat' dir='ltr'><em>co</em></span> 
     </span>
     <span class='ocr_line' id='line_1_23' title="bbox 303 1657 2016 1713; baseline 0 -13"><span class='ocrx_word' id='word_1_173' title='bbox 303 1658 416 1713; x_wconf 90' lang='lat' dir='ltr'><em>quod</em></span> <span class='ocrx_word' id='word_1_174' title='bbox 455 1661 522 1700; x_wconf 88' lang='lat' dir='ltr'><em>est</em></span> <span class='ocrx_word' id='word_1_175' title='bbox 560 1657 732 1700; x_wconf 73' lang='lat' dir='ltr'><em>‘felicia&#39;</em></span> <span class='ocrx_word' id='word_1_176' title='bbox 773 1661 821 1699; x_wconf 92' lang='lat' dir='ltr'><em>ut</em></span> <span class='ocrx_word' id='word_1_177' title='bbox 860 1657 1065 1700; x_wconf 67' lang='lat' dir='ltr'><em>‘felicum&#39;</em></span> <span class='ocrx_word' id='word_1_178' title='bbox 1105 1658 1296 1700; x_wconf 87' lang='lat' dir='ltr'><em>dieamus</em></span> <span class='ocrx_word' id='word_1_179' title='bbox 1334 1672 1422 1699; x_wconf 84' lang='lat' dir='ltr'><em>non</em></span> <span class='ocrx_word' id='word_1_180' title='bbox 1453 1657 1664 1713; x_wconf 87' lang='lat' dir='ltr'><em>procedit,</em></span> <span class='ocrx_word' id='word_1_181' title='bbox 1701 1672 1755 1700; x_wconf 89' lang='lat' dir='ltr'><em>ne</em></span> <span class='ocrx_word' id='word_1_182' title='bbox 1787 1658 1927 1700; x_wconf 89' lang='lat' dir='ltr'><em>minor</em></span> <span class='ocrx_word' id='word_1_183' title='bbox 1959 1658 2016 1700; x_wconf 90' lang='lat' dir='ltr'><em>sit</em></span> 
     </span>
     <span class='ocr_line' id='line_1_24' title="bbox 304 1728 2016 1785; baseline 0.001 -15"><span class='ocrx_word' id='word_1_184' title='bbox 304 1729 528 1785; x_wconf 86' lang='lat' dir='ltr'><em>genetivus</em></span> <span class='ocrx_word' id='word_1_185' title='bbox 573 1744 599 1771; x_wconf 93' lang='lat' dir='ltr'><em>a</em></span> <span class='ocrx_word' id='word_1_186' title='bbox 636 1729 908 1771; x_wconf 89' lang='lat' dir='ltr'><em>nominativo</em></span> <span class='ocrx_word' id='word_1_187' title='bbox 947 1729 1121 1785; x_wconf 82' lang='lat' dir='ltr'><em>plurali.</em></span> <span class='ocrx_word' id='word_1_188' title='bbox 1182 1729 1383 1771; x_wconf 88' lang='lat' dir='ltr'><em>similiter</em></span> <span class='ocrx_word' id='word_1_189' title='bbox 1405 1730 1465 1770; x_wconf 87' lang='lat' dir='ltr'><em>-et</em></span> <span class='ocrx_word' id='word_1_190' title='bbox 1498 1728 1747 1771; x_wconf 74' lang='lat' dir='ltr'><em>‘ultricium&#39;</em></span> <span class='ocrx_word' id='word_1_191' title='bbox 1780 1732 1824 1772; x_wconf 92' lang='lat' dir='ltr'><em>et</em></span> <span class='ocrx_word' id='word_1_192' title='bbox 1855 1729 2016 1771; x_wconf 75' lang='lat' dir='ltr'><em>‘victri-</em></span> 
     </span>
     <span class='ocr_line' id='line_1_25' title="bbox 305 1799 2015 1857; baseline 0.001 -16"><span class='ocrx_word' id='word_1_193' title='bbox 305 1799 433 1842; x_wconf 86' lang='lat' dir='ltr'><em>cium&#39;</em></span> <span class='ocrx_word' id='word_1_194' title='bbox 466 1800 660 1855; x_wconf 88' lang='lat' dir='ltr'><em>dicimus,</em></span> <span class='ocrx_word' id='word_1_195' title='bbox 692 1800 795 1842; x_wconf 87' lang='lat' dir='ltr'><em>licet</em></span> <span class='ocrx_word' id='word_1_196' title='bbox 825 1801 871 1842; x_wconf 88' lang='lat' dir='ltr'><em>in</em></span> <span class='ocrx_word' id='word_1_197' title='bbox 902 1799 970 1842; x_wconf 91' lang='lat' dir='ltr'><em>his</em></span> <span class='ocrx_word' id='word_1_198' title='bbox 1003 1803 1204 1843; x_wconf 89' lang='lat' dir='ltr'><em>neutrum</em></span> <span class='ocrx_word' id='word_1_199' title='bbox 1238 1813 1373 1855; x_wconf 86' lang='lat' dir='ltr'><em>genus</em></span> <span class='ocrx_word' id='word_1_200' title='bbox 1405 1800 1451 1841; x_wconf 86' lang='lat' dir='ltr'><em>in</em></span> <span class='ocrx_word' id='word_1_201' title='bbox 1482 1814 1662 1843; x_wconf 90' lang='lat' dir='ltr'><em>numero</em></span> <span class='ocrx_word' id='word_1_202' title='bbox 1695 1800 1903 1857; x_wconf 84' lang='lat' dir='ltr'><em>singulari</em></span> <span class='ocrx_word' id='word_1_203' title='bbox 1928 1815 2015 1843; x_wconf 89' lang='lat' dir='ltr'><em>non</em></span> 
     </span>
     <span class='ocr_line' id='line_1_26' title="bbox 305 1871 559 1913; baseline 0.004 -1"><span class='ocrx_word' id='word_1_204' title='bbox 305 1871 559 1913; x_wconf 87' lang='lat' dir='ltr'><em>inveniatur.</em></span> 
     </span>
    </p>

    <p class='ocr_par' dir='ltr' id='par_1_9' title="bbox 305 1943 2043 2070">
     <span class='ocr_line' id='line_1_27' title="bbox 423 1943 2018 1999; baseline -0.001 -13"><span class='ocrx_word' id='word_1_205' title='bbox 423 1943 524 1986; x_wconf 85' lang='lat'><em>591.</em></span> <span class='ocrx_word' id='word_1_206' title='bbox 574 1955 796 1987; x_wconf 55' lang='lat' dir='ltr'><em>V1011An1r</em></span> <span class='ocrx_word' id='word_1_207' title='bbox 837 1955 1057 1986; x_wconf 80' lang='lat' dir='ltr'>VVLNERE</span> <span class='ocrx_word' id='word_1_208' title='bbox 1098 1954 1272 1986; x_wconf 81' lang='lat' dir='ltr'><em>ooRva</em></span> <span class='ocrx_word' id='word_1_209' title='bbox 1316 1943 1411 1985; x_wconf 79' lang='lat' dir='ltr'><em>bene</em></span> <span class='ocrx_word' id='word_1_210' title='bbox 1454 1943 1663 1999; x_wconf 72' lang='lat' dir='ltr'><em>‘violarit’,</em></span> <span class='ocrx_word' id='word_1_211' title='bbox 1707 1943 1806 1999; x_wconf 83' lang='lat' dir='ltr'><em>quia</em></span> <span class='ocrx_word' id='word_1_212' title='bbox 1851 1943 2018 1986; x_wconf 83' lang='lat' dir='ltr'><em>dixerat</em></span> 
     </span>
     <span class='ocr_line' id='line_1_28' title="bbox 305 2013 2043 2070; baseline 0 -13"><span class='ocrx_word' id='word_1_213' title='bbox 305 2013 522 2057; x_wconf 73' lang='lat' dir='ltr'><em>‘sacrum&#39;.</em></span> <span class='ocrx_word' id='word_1_214' title='bbox 583 2018 622 2057; x_wconf 88' lang='lat' dir='ltr'><em>et</em></span> <span class='ocrx_word' id='word_1_215' title='bbox 655 2015 844 2069; x_wconf 74' lang='lat' dir='ltr'><em>superius</em></span> <span class='ocrx_word' id='word_1_216' title='bbox 875 2014 1021 2070; x_wconf 86' lang='grc'><strong>&lt;558&gt;</strong></span> <span class='ocrx_word' id='word_1_217' title='bbox 1054 2015 1208 2056; x_wconf 88' lang='lat' dir='ltr'><em>dictum</em></span> <span class='ocrx_word' id='word_1_218' title='bbox 1245 2017 1304 2056; x_wconf 88' lang='lat' dir='ltr'><em>est</em></span> <span class='ocrx_word' id='word_1_219' title='bbox 1334 2027 1499 2066; x_wconf 74' lang='lat' dir='ltr'><em>operam</em></span> <span class='ocrx_word' id='word_1_220' title='bbox 1528 2016 1717 2058; x_wconf 80' lang='lat' dir='ltr'><em>sollemni</em></span> <span class='ocrx_word' id='word_1_221' title='bbox 1745 2029 1856 2057; x_wconf 88' lang='lat' dir='ltr'><em>more</em></span> <span class='ocrx_word' id='word_1_222' title='bbox 1886 2029 2016 2058; x_wconf 84' lang='lat' dir='ltr'><em>conse-</em></span> <span class='ocrx_word' id='word_1_223' title='bbox 2040 2016 2043 2018; x_wconf 81' lang='grc'><strong>’</strong></span> 
     </span>
    </p>
   </div>
   <div class='ocr_carea' id='block_1_6' title="bbox 234 2085 2017 2142">
    <p class='ocr_par' dir='ltr' id='par_1_10' title="bbox 234 2085 2017 2142">
     <span class='ocr_line' id='line_1_29' title="bbox 234 2085 2017 2142; baseline 0.001 -15"><span class='ocrx_word' id='word_1_224' title='bbox 234 2096 279 2127; x_wconf 78' lang='lat'><em>25</em></span> <span class='ocrx_word' id='word_1_225' title='bbox 305 2088 437 2142; x_wconf 85' lang='lat' dir='ltr'><em>erari,</em></span> <span class='ocrx_word' id='word_1_226' title='bbox 479 2100 606 2140; x_wconf 77' lang='lat' dir='ltr'><em>usque</em></span> <span class='ocrx_word' id='word_1_227' title='bbox 641 2087 740 2129; x_wconf 87' lang='lat' dir='ltr'><em>dum</em></span> <span class='ocrx_word' id='word_1_228' title='bbox 777 2087 959 2129; x_wconf 85' lang='lat' dir='ltr'><em>solvatur</em></span> <span class='ocrx_word' id='word_1_229' title='bbox 994 2089 1119 2140; x_wconf 77' lang='lat' dir='ltr'><em>caput</em></span> <span class='ocrx_word' id='word_1_230' title='bbox 1153 2085 1350 2141; x_wconf 79' lang='lat' dir='ltr'><em>hominis,</em></span> <span class='ocrx_word' id='word_1_231' title='bbox 1387 2086 1434 2127; x_wconf 88' lang='lat' dir='ltr'><em>id</em></span> <span class='ocrx_word' id='word_1_232' title='bbox 1462 2090 1521 2128; x_wconf 87' lang='lat' dir='ltr'><em>est</em></span> <span class='ocrx_word' id='word_1_233' title='bbox 1551 2087 1740 2129; x_wconf 78' lang='lat' dir='ltr'><em>liberetur</em></span> <span class='ocrx_word' id='word_1_234' title='bbox 1769 2088 2017 2130; x_wconf 80' lang='lat' dir='ltr'><em>sacrationis</em></span> 
     </span>
    </p>
   </div>
   <div class='ocr_carea' id='block_1_7' title="bbox 298 2158 2019 2428">
    <p class='ocr_par' dir='ltr' id='par_1_11' title="bbox 298 2158 2019 2428">
     <span class='ocr_line' id='line_1_30' title="bbox 304 2158 2019 2213; baseline 0.001 -14"><span class='ocrx_word' id='word_1_235' title='bbox 304 2172 435 2200; x_wconf 77' lang='lat' dir='ltr'><em>nexu:</em></span> <span class='ocrx_word' id='word_1_236' title='bbox 473 2159 581 2211; x_wconf 76' lang='lat' dir='ltr'><em>quod</em></span> <span class='ocrx_word' id='word_1_237' title='bbox 607 2158 779 2211; x_wconf 82' lang='lat' dir='ltr'><em>facilius</em></span> <span class='ocrx_word' id='word_1_238' title='bbox 809 2159 976 2213; x_wconf 88' lang='lat' dir='ltr'><em>accidet,</em></span> <span class='ocrx_word' id='word_1_239' title='bbox 1013 2159 1052 2200; x_wconf 86' lang='lat' dir='ltr'><em>si</em></span> <span class='ocrx_word' id='word_1_240' title='bbox 1082 2171 1194 2200; x_wconf 86' lang='lat' dir='ltr'><em>mors</em></span> <span class='ocrx_word' id='word_1_241' title='bbox 1223 2158 1456 2200; x_wconf 84' lang='lat' dir='ltr'><em>intercedat.</em></span> <span class='ocrx_word' id='word_1_242' title='bbox 1517 2158 1582 2200; x_wconf 80' lang='lat' dir='ltr'><em>hic</em></span> <span class='ocrx_word' id='word_1_243' title='bbox 1612 2172 1704 2213; x_wconf 69' lang='lat' dir='ltr'><em>erqo</em></span> <span class='ocrx_word' id='word_1_244' title='bbox 1737 2159 1862 2213; x_wconf 85' lang='lat' dir='ltr'><em>totius</em></span> <span class='ocrx_word' id='word_1_245' title='bbox 1890 2160 1952 2201; x_wconf 89' lang='lat' dir='ltr'><em>rei</em></span> <span class='ocrx_word' id='word_1_246' title='bbox 1982 2162 2019 2200; x_wconf 87' lang='lat' dir='ltr'><em>et</em></span> 
     </span>
     <span class='ocr_line' id='line_1_31' title="bbox 298 2230 2018 2285; baseline 0 -13"><span class='ocrx_word' id='word_1_247' title='bbox 298 2231 520 2284; x_wconf 73' lang='lat' dir='ltr'><em>praecipue</em></span> <span class='ocrx_word' id='word_1_248' title='bbox 549 2231 796 2273; x_wconf 83' lang='lat' dir='ltr'><em>sacrationis</em></span> <span class='ocrx_word' id='word_1_249' title='bbox 830 2231 951 2272; x_wconf 87' lang='lat' dir='ltr'><em>aliud</em></span> <span class='ocrx_word' id='word_1_250' title='bbox 983 2244 1107 2284; x_wconf 74' lang='lat' dir='ltr'><em>ayens</em></span> <span class='ocrx_word' id='word_1_251' title='bbox 1134 2233 1254 2284; x_wconf 76' lang='lat' dir='ltr'><em>poeta</em></span> <span class='ocrx_word' id='word_1_252' title='bbox 1278 2230 1522 2272; x_wconf 80' lang='lat' dir='ltr'><em>mentionem</em></span> <span class='ocrx_word' id='word_1_253' title='bbox 1547 2231 1731 2285; x_wconf 86' lang='lat' dir='ltr'><em>inseruit,</em></span> <span class='ocrx_word' id='word_1_254' title='bbox 1762 2231 1897 2272; x_wconf 86' lang='lat' dir='ltr'><em>dicens</em></span> <span class='ocrx_word' id='word_1_255' title='bbox 1928 2230 2018 2272; x_wconf 77' lang='lat' dir='ltr'><em>‘hac</em></span> 
     </span>
     <span class='ocr_line' id='line_1_32' title="bbox 304 2301 2017 2357; baseline -0.001 -13"><span class='ocrx_word' id='word_1_256' title='bbox 304 2303 547 2356; x_wconf 76' lang='lat' dir='ltr'><em>quicumque</em></span> <span class='ocrx_word' id='word_1_257' title='bbox 577 2314 743 2355; x_wconf 85' lang='lat' dir='ltr'><em>sacrum</em></span> <span class='ocrx_word' id='word_1_258' title='bbox 773 2302 942 2344; x_wconf 82' lang='lat' dir='ltr'><em>violarit</em></span> <span class='ocrx_word' id='word_1_259' title='bbox 971 2302 1138 2344; x_wconf 83' lang='lat' dir='ltr'><em>vulnere</em></span> <span class='ocrx_word' id='word_1_260' title='bbox 1167 2315 1328 2357; x_wconf 76' lang='lat' dir='ltr'><em>corpus,</em></span> <span class='ocrx_word' id='word_1_261' title='bbox 1365 2302 1468 2344; x_wconf 80' lang='lat' dir='ltr'><em>Tros</em></span> <span class='ocrx_word' id='word_1_262' title='bbox 1499 2301 1697 2354; x_wconf 75' lang='lat' dir='ltr'><em>Italusue,</em></span> <span class='ocrx_word' id='word_1_263' title='bbox 1729 2302 1833 2343; x_wconf 77' lang='lat' dir='ltr'><em>mihi</em></span> <span class='ocrx_word' id='word_1_264' title='bbox 1854 2302 2017 2356; x_wconf 74' lang='lat' dir='ltr'><em>pariter</em></span> 
     </span>
     <span class='ocr_line' id='line_1_33' title="bbox 305 2371 2019 2428; baseline -0.001 -12"><span class='ocrx_word' id='word_1_265' title='bbox 305 2375 370 2416; x_wconf 89' lang='lat' dir='ltr'><em>det</em></span> <span class='ocrx_word' id='word_1_266' title='bbox 391 2374 595 2428; x_wconf 69' lang='lat' dir='ltr'><em>sanquine</em></span> <span class='ocrx_word' id='word_1_267' title='bbox 611 2372 796 2428; x_wconf 75' lang='lat' dir='ltr'><em>poenas&#39;.</em></span> <span class='ocrx_word' id='word_1_268' title='bbox 846 2373 940 2415; x_wconf 84' lang='lat' dir='ltr'><em>bene</em></span> <span class='ocrx_word' id='word_1_269' title='bbox 964 2386 1067 2428; x_wconf 66' lang='lat' dir='ltr'><em>erqo,</em></span> <span class='ocrx_word' id='word_1_270' title='bbox 1097 2373 1207 2427; x_wconf 78' lang='lat' dir='ltr'><em>sicut</em></span> <span class='ocrx_word' id='word_1_271' title='bbox 1225 2373 1378 2415; x_wconf 87' lang='lat' dir='ltr'><em>dictum</em></span> <span class='ocrx_word' id='word_1_272' title='bbox 1402 2376 1470 2424; x_wconf 88' lang='lat' dir='ltr'><em>est,</em></span> <span class='ocrx_word' id='word_1_273' title='bbox 1497 2371 1706 2428; x_wconf 56' lang='grc' dir='ltr'><em>τυἱοῑανίῗ,</em></span> <span class='ocrx_word' id='word_1_274' title='bbox 1730 2373 1830 2425; x_wconf 79' lang='lat' dir='ltr'><em>quia</em></span> <span class='ocrx_word' id='word_1_275' title='bbox 1855 2373 2019 2415; x_wconf 77' lang='lat' dir='ltr'><em>dixerat</em></span> 
     </span>
    </p>
   </div>
   <div class='ocr_carea' id='block_1_8' title="bbox 236 2444 516 2488">
    <p class='ocr_par' dir='ltr' id='par_1_12' title="bbox 236 2444 516 2488">
     <span class='ocr_line' id='line_1_34' title="bbox 236 2444 516 2488; baseline -0.004 0"><span class='ocrx_word' id='word_1_276' title='bbox 236 2453 281 2484; x_wconf 89' lang='lat'><em>30</em></span> <span class='ocrx_word' id='word_1_277' title='bbox 308 2444 516 2488; x_wconf 72' lang='lat' dir='ltr'><em>‘sacrum&#39;.</em></span> 
     </span>
    </p>
   </div>
   <div class='ocr_carea' id='block_1_9' title="bbox 334 2507 590 2510">
    <p class='ocr_par' dir='ltr' id='par_1_13' title="bbox 334 2507 590 2510">
     <span class='ocr_line' id='line_1_35' title="bbox 334 2507 590 2510; baseline 0 0"><span class='ocrx_word' id='word_1_278' title='bbox 334 2507 590 2510; x_wconf 95' lang='lat' dir='ltr'><em> </em></span> 
     </span>
    </p>
   </div>
   <div class='ocr_carea' id='block_1_10' title="bbox 306 2524 2016 3283">
    <p class='ocr_par' dir='ltr' id='par_1_14' title="bbox 306 2524 2016 3283">
     <span class='ocr_line' id='line_1_36' title="bbox 306 2524 2016 2570; baseline -0.001 -9"><span class='ocrx_word' id='word_1_279' title='bbox 306 2537 528 2561; x_wconf 64' lang='lat' dir='ltr'><em>mmmmm</em></span> <span class='ocrx_word' id='word_1_280' title='bbox 552 2537 579 2560; x_wconf 91' lang='lat' dir='ltr'><em>s.</em></span> <span class='ocrx_word' id='word_1_281' title='bbox 605 2536 638 2560; x_wconf 84' lang='lat' dir='ltr'><em>v.</em></span> <span class='ocrx_word' id='word_1_282' title='bbox 664 2525 861 2569; x_wconf 86' lang='lat' dir='ltr'><em>inuiolata,</em></span> <span class='ocrx_word' id='word_1_283' title='bbox 896 2526 939 2560; x_wconf 84' lang='lat' dir='ltr'><em>in</em></span> <span class='ocrx_word' id='word_1_284' title='bbox 971 2535 1085 2569; x_wconf 66' lang='lat' dir='ltr'><em>maro.</em></span> <span class='ocrx_word' id='word_1_285' title='bbox 1113 2525 1158 2559; x_wconf 87' lang='lat' dir='ltr'><em>ab</em></span> <span class='ocrx_word' id='word_1_286' title='bbox 1190 2525 1268 2559; x_wconf 87' lang='lat' dir='ltr'><em>alia</em></span> <span class='ocrx_word' id='word_1_287' title='bbox 1298 2536 1412 2560; x_wconf 85' lang='lat' dir='ltr'><em>manu</em></span> <span class='ocrx_word' id='word_1_288' title='bbox 1443 2525 1648 2560; x_wconf 84' lang='lat' dir='ltr'><em>temeratae</em></span> <span class='ocrx_word' id='word_1_289' title='bbox 1680 2524 1852 2560; x_wconf 86' lang='lat' dir='ltr'><em>dicuntur</em></span> <span class='ocrx_word' id='word_1_290' title='bbox 1882 2525 2016 2570; x_wconf 88' lang='lat' dir='ltr'><em>quibus</em></span> 
     </span>
     <span class='ocr_line' id='line_1_37' title="bbox 307 2571 2015 2619; baseline -0.001 -11"><span class='ocrx_word' id='word_1_291' title='bbox 307 2574 365 2609; x_wconf 90' lang='lat' dir='ltr'><em>est</em></span> <span class='ocrx_word' id='word_1_292' title='bbox 389 2574 446 2608; x_wconf 88' lang='lat' dir='ltr'><em>uis</em></span> <span class='ocrx_word' id='word_1_293' title='bbox 471 2573 588 2608; x_wconf 86' lang='lat' dir='ltr'><em>allata</em></span> <span class='ocrx_word' id='word_1_294' title='bbox 618 2573 768 2618; x_wconf 87' lang='lat' dir='ltr'><em>proprie</em></span> <span class='ocrx_word' id='word_1_295' title='bbox 798 2573 831 2607; x_wconf 81' lang='lat' dir='ltr'><em>T</em></span> <span class='ocrx_word' id='word_1_296' title='bbox 862 2574 874 2619; x_wconf 86' lang='grc' dir='ltr'><em>ΙΙ</em></span> <span class='ocrx_word' id='word_1_297' title='bbox 910 2572 1092 2607; x_wconf 84' lang='lat' dir='ltr'><em>temerata</em></span> <span class='ocrx_word' id='word_1_298' title='bbox 1117 2571 1158 2606; x_wconf 98' lang='lat' dir='ltr'><em>F</em></span> <span class='ocrx_word' id='word_1_299' title='bbox 1191 2574 1203 2617; x_wconf 80' lang='grc' dir='ltr'><em>ΙΙ</em></span> <span class='ocrx_word' id='word_1_300' title='bbox 1241 2577 1258 2606; x_wconf 93' lang='grc'>1</span> <span class='ocrx_word' id='word_1_301' title='bbox 1288 2572 1375 2606; x_wconf 88' lang='lat' dir='ltr'><em>dum</em></span> <span class='ocrx_word' id='word_1_302' title='bbox 1402 2574 1557 2607; x_wconf 85' lang='lat' dir='ltr'><em>conatur</em></span> <span class='ocrx_word' id='word_1_303' title='bbox 1583 2571 1624 2606; x_wconf 97' lang='lat' dir='ltr'><em>F</em></span> <span class='ocrx_word' id='word_1_304' title='bbox 1657 2583 1741 2607; x_wconf 87' lang='lat' dir='ltr'><em>cum</em></span> <span class='ocrx_word' id='word_1_305' title='bbox 1767 2574 1922 2607; x_wconf 87' lang='lat' dir='ltr'><em>conatur</em></span> <span class='ocrx_word' id='word_1_306' title='bbox 1947 2585 1971 2607; x_wconf 88' lang='lat' dir='ltr'><em>a</em></span> <span class='ocrx_word' id='word_1_307' title='bbox 2006 2573 2015 2618; x_wconf 69' lang='grc' dir='ltr'>Η</span> 
     </span>
     <span class='ocr_line' id='line_1_38' title="bbox 308 2619 2014 2667; baseline -0.001 -11"><span class='ocrx_word' id='word_1_308' title='bbox 308 2621 498 2657; x_wconf 78' lang='lat' dir='ltr'><em>obsessam</em></span> <span class='ocrx_word' id='word_1_309' title='bbox 524 2621 558 2656; x_wconf 74' lang='lat' dir='ltr'><em>G</em></span> <span class='ocrx_word' id='word_1_310' title='bbox 576 2622 587 2667; x_wconf 90' lang='grc' dir='ltr'><em>ΙΙ</em></span> <span class='ocrx_word' id='word_1_311' title='bbox 613 2622 771 2665; x_wconf 81' lang='lat' dir='ltr'><em>actaque</em></span> <span class='ocrx_word' id='word_1_312' title='bbox 798 2620 839 2654; x_wconf 88' lang='lat' dir='ltr'><em>F</em></span> <span class='ocrx_word' id='word_1_313' title='bbox 854 2621 866 2666; x_wconf 85' lang='grc' dir='ltr'><em>ΙΙ</em></span> <span class='ocrx_word' id='word_1_314' title='bbox 896 2624 917 2655; x_wconf 88' lang='grc'>2</span> <span class='ocrx_word' id='word_1_315' title='bbox 944 2620 1069 2654; x_wconf 88' lang='lat' dir='ltr'><em>lumen</em></span> <span class='ocrx_word' id='word_1_316' title='bbox 1096 2619 1137 2654; x_wconf 92' lang='lat' dir='ltr'><em>F</em></span> <span class='ocrx_word' id='word_1_317' title='bbox 1151 2621 1163 2664; x_wconf 86' lang='grc' dir='ltr'><em>ΙΙ</em></span> <span class='ocrx_word' id='word_1_318' title='bbox 1192 2631 1257 2664; x_wconf 87' lang='lat' dir='ltr'><em>spe</em></span> <span class='ocrx_word' id='word_1_319' title='bbox 1283 2619 1323 2654; x_wconf 90' lang='lat' dir='ltr'><em>F</em></span> <span class='ocrx_word' id='word_1_320' title='bbox 1339 2621 1350 2665; x_wconf 89' lang='grc' dir='ltr'><em>ΙΙ</em></span> <span class='ocrx_word' id='word_1_321' title='bbox 1381 2624 1401 2654; x_wconf 90' lang='grc'><strong>3</strong></span> <span class='ocrx_word' id='word_1_322' title='bbox 1430 2621 1643 2655; x_wconf 82' lang='lat' dir='ltr'><em>suscenseat</em></span> <span class='ocrx_word' id='word_1_323' title='bbox 1669 2620 1838 2655; x_wconf 82' lang='lat' dir='ltr'><em>Troianis</em></span> <span class='ocrx_word' id='word_1_324' title='bbox 1864 2621 2014 2665; x_wconf 78' lang='lat' dir='ltr'><em>scripsi:</em></span> 
     </span>
     <span class='ocr_line' id='line_1_39' title="bbox 308 2667 2013 2714; baseline -0.001 -10"><span class='ocrx_word' id='word_1_325' title='bbox 308 2680 483 2704; x_wconf 86' lang='lat' dir='ltr'><em>suscensa</em></span> <span class='ocrx_word' id='word_1_326' title='bbox 507 2679 531 2703; x_wconf 89' lang='lat' dir='ltr'><em>a</em></span> <span class='ocrx_word' id='word_1_327' title='bbox 554 2667 711 2703; x_wconf 85' lang='lat' dir='ltr'><em>troianis</em></span> <span class='ocrx_word' id='word_1_328' title='bbox 738 2667 778 2702; x_wconf 89' lang='lat' dir='ltr'><em>F</em></span> <span class='ocrx_word' id='word_1_329' title='bbox 793 2668 806 2714; x_wconf 81' lang='grc' dir='ltr'><em>ΙΙ</em></span> <span class='ocrx_word' id='word_1_330' title='bbox 835 2671 859 2701; x_wconf 89' lang='grc'>4</span> <span class='ocrx_word' id='word_1_331' title='bbox 884 2678 929 2702; x_wconf 86' lang='lat' dir='ltr'><em>ex</em></span> <span class='ocrx_word' id='word_1_332' title='bbox 952 2667 1024 2701; x_wconf 85' lang='lat' dir='ltr'><em>fati</em></span> <span class='ocrx_word' id='word_1_333' title='bbox 1050 2678 1123 2702; x_wconf 92' lang='lat' dir='ltr'><em>non</em></span> <span class='ocrx_word' id='word_1_334' title='bbox 1149 2667 1370 2702; x_wconf 84' lang='lat' dir='ltr'><em>necessitate</em></span> <span class='ocrx_word' id='word_1_335' title='bbox 1396 2667 1436 2702; x_wconf 98' lang='lat' dir='ltr'><em>F</em></span> <span class='ocrx_word' id='word_1_336' title='bbox 1451 2670 1463 2712; x_wconf 87' lang='grc' dir='ltr'><em>ΙΙ</em></span> <span class='ocrx_word' id='word_1_337' title='bbox 1495 2672 1516 2702; x_wconf 87' lang='grc'><strong>6</strong></span> <span class='ocrx_word' id='word_1_338' title='bbox 1542 2679 1710 2702; x_wconf 69' lang='lat' dir='ltr'><em>M1rr1rv1t</em></span> <span class='ocrx_word' id='word_1_339' title='bbox 1735 2668 1769 2702; x_wconf 90' lang='lat' dir='ltr'><strong><em>A</em></strong></span> <span class='ocrx_word' id='word_1_340' title='bbox 1780 2667 1808 2701; x_wconf 76' lang='lat' dir='ltr'><em>S&#39;</em></span> <span class='ocrx_word' id='word_1_341' title='bbox 1843 2679 2013 2704; x_wconf 67' lang='lat' dir='ltr'><strong>0¹-0NM11&#39;A</strong></span> 
     </span>
     <span class='ocr_line' id='line_1_40' title="bbox 308 2714 2015 2767; baseline -0.002 -16"><span class='ocrx_word' id='word_1_342' title='bbox 308 2728 378 2751; x_wconf 59' lang='grc' dir='ltr'>τινα</span> <span class='ocrx_word' id='word_1_343' title='bbox 402 2716 447 2751; x_wconf 89' lang='lat' dir='ltr'><em>H</em></span> <span class='ocrx_word' id='word_1_344' title='bbox 461 2717 473 2762; x_wconf 85' lang='grc'><em>11</em></span> <span class='ocrx_word' id='word_1_345' title='bbox 499 2715 793 2751; x_wconf 88' lang='lat' dir='ltr'><em>committeretur</em></span> <span class='ocrx_word' id='word_1_346' title='bbox 819 2715 891 2750; x_wconf 83' lang='lat' dir='ltr'><em>AS</em></span> <span class='ocrx_word' id='word_1_347' title='bbox 916 2715 1022 2767; x_wconf 56' lang='lat' dir='ltr'><em>(corr,</em></span> <span class='ocrx_word' id='word_1_348' title='bbox 1049 2717 1086 2759; x_wconf 90' lang='lat' dir='ltr'><em>a)</em></span> <span class='ocrx_word' id='word_1_349' title='bbox 1124 2714 1309 2750; x_wconf 86' lang='lat' dir='ltr'><em>conmitur</em></span> <span class='ocrx_word' id='word_1_350' title='bbox 1334 2715 1380 2749; x_wconf 88' lang='lat' dir='ltr'><em>H</em></span> <span class='ocrx_word' id='word_1_351' title='bbox 1412 2715 1668 2750; x_wconf 89' lang='lat' dir='ltr'><em>committatur</em></span> <span class='ocrx_word' id='word_1_352' title='bbox 1694 2715 1744 2749; x_wconf 89' lang='lat' dir='ltr'><em>M</em></span> <span class='ocrx_word' id='word_1_353' title='bbox 1765 2716 1778 2760; x_wconf 75' lang='lat'><em>{1</em></span> <span class='ocrx_word' id='word_1_354' title='bbox 1809 2719 1829 2750; x_wconf 88' lang='grc'><strong>9</strong></span> <span class='ocrx_word' id='word_1_355' title='bbox 1856 2714 2015 2750; x_wconf 88' lang='lat' dir='ltr'><em>neoteri-</em></span> 
     </span>
     <span class='ocr_line' id='line_1_41' title="bbox 308 2761 2015 2809; baseline -0.001 -10"><span class='ocrx_word' id='word_1_356' title='bbox 308 2775 392 2799; x_wconf 86' lang='lat' dir='ltr'><em>cum</em></span> <span class='ocrx_word' id='word_1_357' title='bbox 420 2764 645 2799; x_wconf 83' lang='lat' dir='ltr'><em>Masvieius:</em></span> <span class='ocrx_word' id='word_1_358' title='bbox 671 2762 897 2797; x_wconf 88' lang='lat' dir='ltr'><em>neuteritum</em></span> <span class='ocrx_word' id='word_1_359' title='bbox 923 2762 963 2796; x_wconf 97' lang='lat' dir='ltr'><em>F</em></span> <span class='ocrx_word' id='word_1_360' title='bbox 979 2763 990 2807; x_wconf 88' lang='grc' dir='ltr'><em>ΙΙ</em></span> <span class='ocrx_word' id='word_1_361' title='bbox 1009 2761 1130 2806; x_wconf 87' lang='lat' dir='ltr'><em>ipsam</em></span> <span class='ocrx_word' id='word_1_362' title='bbox 1157 2761 1205 2805; x_wconf 88' lang='lat' dir='ltr'><em>F,</em></span> <span class='ocrx_word' id='word_1_363' title='bbox 1231 2763 1374 2797; x_wconf 79' lang='lat' dir='ltr'><em>correxi</em></span> <span class='ocrx_word' id='word_1_364' title='bbox 1391 2764 1403 2808; x_wconf 79' lang='grc' dir='ltr'><strong>Η</strong></span> <span class='ocrx_word' id='word_1_365' title='bbox 1434 2766 1478 2797; x_wconf 91' lang='grc'><em>10</em></span> <span class='ocrx_word' id='word_1_366' title='bbox 1503 2762 1540 2808; x_wconf 85' lang='lat' dir='ltr'><em>x]</em></span> <span class='ocrx_word' id='word_1_367' title='bbox 1566 2775 1604 2796; x_wconf 68' lang='grc' dir='ltr'><em>ιχ</em></span> <span class='ocrx_word' id='word_1_368' title='bbox 1630 2762 1728 2797; x_wconf 89' lang='lat' dir='ltr'><em>HM</em></span> <span class='ocrx_word' id='word_1_369' title='bbox 1744 2763 1756 2809; x_wconf 85' lang='grc' dir='ltr'><em>ΙΙ</em></span> <span class='ocrx_word' id='word_1_370' title='bbox 1780 2762 1819 2797; x_wconf 88' lang='lat' dir='ltr'><em>in</em></span> <span class='ocrx_word' id='word_1_371' title='bbox 1843 2773 1902 2797; x_wconf 90' lang='lat' dir='ltr'><em>em</em></span> <span class='ocrx_word' id='word_1_372' title='bbox 1929 2762 2015 2797; x_wconf 87' lang='lat' dir='ltr'><em>mit-</em></span> 
     </span>
     <span class='ocr_line' id='line_1_42' title="bbox 307 2809 2015 2863; baseline -0.001 -18"><span class='ocrx_word' id='word_1_373' title='bbox 307 2812 394 2845; x_wconf 87' lang='lat' dir='ltr'><em>tunt</em></span> <span class='ocrx_word' id='word_1_374' title='bbox 413 2811 481 2855; x_wconf 79' lang='lat' dir='ltr'><em>Fu</em></span> <span class='ocrx_word' id='word_1_375' title='bbox 499 2810 677 2863; x_wconf 85' lang='lat' dir='ltr'><em>mittunt]</em></span> <span class='ocrx_word' id='word_1_376' title='bbox 696 2821 770 2845; x_wconf 91' lang='lat' dir='ltr'><em>non</em></span> <span class='ocrx_word' id='word_1_377' title='bbox 796 2809 835 2844; x_wconf 88' lang='lat' dir='ltr'><em>in</em></span> <span class='ocrx_word' id='word_1_378' title='bbox 859 2810 873 2844; x_wconf 89' lang='lat' dir='ltr'><em>i</em></span> <span class='ocrx_word' id='word_1_379' title='bbox 899 2811 983 2844; x_wconf 87' lang='lat' dir='ltr'><em>add.</em></span> <span class='ocrx_word' id='word_1_380' title='bbox 1004 2809 1119 2844; x_wconf 82' lang='lat' dir='ltr'><em>ASR</em></span> <span class='ocrx_word' id='word_1_381' title='bbox 1138 2811 1150 2854; x_wconf 85' lang='grc' dir='ltr'><em>ΙΙ</em></span> <span class='ocrx_word' id='word_1_382' title='bbox 1170 2813 1214 2844; x_wconf 89' lang='grc'><em>12</em></span> <span class='ocrx_word' id='word_1_383' title='bbox 1241 2810 1288 2844; x_wconf 86' lang='lat' dir='ltr'><em>ab</em></span> <span class='ocrx_word' id='word_1_384' title='bbox 1314 2821 1380 2846; x_wconf 89' lang='lat' dir='ltr'><em>om.</em></span> <span class='ocrx_word' id='word_1_385' title='bbox 1400 2810 1476 2854; x_wconf 86' lang='grc' dir='ltr'><em>ΜΙΙ</em></span> <span class='ocrx_word' id='word_1_386' title='bbox 1508 2814 1551 2845; x_wconf 88' lang='grc'><em>16</em></span> <span class='ocrx_word' id='word_1_387' title='bbox 1577 2821 1599 2844; x_wconf 86' lang='lat' dir='ltr'><em>a</em></span> <span class='ocrx_word' id='word_1_388' title='bbox 1618 2812 1750 2844; x_wconf 84' lang='lat' dir='ltr'><em>neutro</em></span> <span class='ocrx_word' id='word_1_389' title='bbox 1770 2809 1857 2844; x_wconf 80' lang='lat' dir='ltr'><em>AS:</em></span> <span class='ocrx_word' id='word_1_390' title='bbox 1884 2810 2015 2844; x_wconf 87' lang='lat' dir='ltr'><em>neutro</em></span> 
     </span>
     <span class='ocr_line' id='line_1_43' title="bbox 308 2856 2014 2903; baseline -0.001 -10"><span class='ocrx_word' id='word_1_391' title='bbox 308 2859 397 2893; x_wconf 83' lang='lat' dir='ltr'><em>RH</em></span> <span class='ocrx_word' id='word_1_392' title='bbox 430 2859 563 2893; x_wconf 85' lang='lat' dir='ltr'><em>neutra</em></span> <span class='ocrx_word' id='word_1_393' title='bbox 583 2858 633 2892; x_wconf 89' lang='lat' dir='ltr'><em>M</em></span> <span class='ocrx_word' id='word_1_394' title='bbox 666 2856 706 2892; x_wconf 88' lang='lat' dir='ltr'><em>in</em></span> <span class='ocrx_word' id='word_1_395' title='bbox 730 2858 862 2892; x_wconf 85' lang='lat' dir='ltr'><em>neutro</em></span> <span class='ocrx_word' id='word_1_396' title='bbox 885 2857 925 2891; x_wconf 91' lang='lat' dir='ltr'><em>F</em></span> <span class='ocrx_word' id='word_1_397' title='bbox 941 2858 952 2902; x_wconf 83' lang='grc' dir='ltr'><em>ΙΙ</em></span> <span class='ocrx_word' id='word_1_398' title='bbox 971 2857 1136 2891; x_wconf 86' lang='lat' dir='ltr'><em>felicium</em></span> <span class='ocrx_word' id='word_1_399' title='bbox 1157 2857 1197 2891; x_wconf 88' lang='lat' dir='ltr'><em>F</em></span> <span class='ocrx_word' id='word_1_400' title='bbox 1213 2859 1224 2903; x_wconf 83' lang='grc' dir='ltr'><em>ΙΙ</em></span> <span class='ocrx_word' id='word_1_401' title='bbox 1247 2861 1289 2892; x_wconf 83' lang='grc'><em>17</em></span> <span class='ocrx_word' id='word_1_402' title='bbox 1314 2856 1420 2903; x_wconf 89' lang='lat' dir='ltr'><em>huic]</em></span> <span class='ocrx_word' id='word_1_403' title='bbox 1446 2857 1500 2892; x_wconf 88' lang='lat' dir='ltr'><em>rei</em></span> <span class='ocrx_word' id='word_1_404' title='bbox 1519 2857 1603 2892; x_wconf 85' lang='lat' dir='ltr'><em>add.</em></span> <span class='ocrx_word' id='word_1_405' title='bbox 1619 2857 1668 2891; x_wconf 88' lang='lat' dir='ltr'><em>M</em></span> <span class='ocrx_word' id='word_1_406' title='bbox 1700 2856 1827 2892; x_wconf 80' lang='lat' dir='ltr'><em>felices</em></span> <span class='ocrx_word' id='word_1_407' title='bbox 1848 2857 1931 2891; x_wconf 83' lang='lat' dir='ltr'><em>add</em></span> <span class='ocrx_word' id='word_1_408' title='bbox 1948 2856 1989 2891; x_wconf 89' lang='lat' dir='ltr'><em>F</em></span> <span class='ocrx_word' id='word_1_409' title='bbox 2005 2857 2014 2902; x_wconf 86' lang='grc' dir='ltr'><em>ΙΙ</em></span> 
     </span>
     <span class='ocr_line' id='line_1_44' title="bbox 308 2903 2016 2951; baseline -0.002 -10"><span class='ocrx_word' id='word_1_410' title='bbox 308 2905 515 2941; x_wconf 87' lang='lat' dir='ltr'><em>iudicemus</em></span> <span class='ocrx_word' id='word_1_411' title='bbox 540 2905 581 2939; x_wconf 89' lang='lat' dir='ltr'><em>F</em></span> <span class='ocrx_word' id='word_1_412' title='bbox 596 2906 607 2951; x_wconf 86' lang='grc' dir='ltr'><em>ΙΙ</em></span> <span class='ocrx_word' id='word_1_413' title='bbox 628 2908 671 2939; x_wconf 88' lang='grc'><em>19</em></span> <span class='ocrx_word' id='word_1_414' title='bbox 697 2903 864 2940; x_wconf 82' lang='lat' dir='ltr'><em>felicium</em></span> <span class='ocrx_word' id='word_1_415' title='bbox 891 2904 930 2939; x_wconf 95' lang='lat' dir='ltr'><em>F</em></span> <span class='ocrx_word' id='word_1_416' title='bbox 946 2906 958 2949; x_wconf 89' lang='grc' dir='ltr'><em>ΙΙ</em></span> <span class='ocrx_word' id='word_1_417' title='bbox 977 2908 1022 2939; x_wconf 93' lang='grc'><em>20</em></span> <span class='ocrx_word' id='word_1_418' title='bbox 1048 2904 1219 2940; x_wconf 86' lang='lat' dir='ltr'><em>uictricia</em></span> <span class='ocrx_word' id='word_1_419' title='bbox 1243 2905 1287 2939; x_wconf 90' lang='lat' dir='ltr'><em>H</em></span> <span class='ocrx_word' id='word_1_420' title='bbox 1303 2906 1378 2951; x_wconf 84' lang='grc'><em>1123</em></span> <span class='ocrx_word' id='word_1_421' title='bbox 1405 2904 1577 2939; x_wconf 84' lang='lat' dir='ltr'><em>dixerant</em></span> <span class='ocrx_word' id='word_1_422' title='bbox 1595 2904 1728 2950; x_wconf 60' lang='lat'><em>171124</em></span> <span class='ocrx_word' id='word_1_423' title='bbox 1753 2905 1802 2939; x_wconf 88' lang='lat' dir='ltr'><em>ad</em></span> <span class='ocrx_word' id='word_1_424' title='bbox 1825 2914 1856 2939; x_wconf 81' lang='lat' dir='ltr'><em>v.</em></span> <span class='ocrx_word' id='word_1_425' title='bbox 1879 2907 1946 2938; x_wconf 84' lang='lat'><em>591</em></span> <span class='ocrx_word' id='word_1_426' title='bbox 1973 2905 2016 2939; x_wconf 82' lang='lat' dir='ltr'><em>in</em></span> 
     </span>
     <span class='ocr_line' id='line_1_45' title="bbox 309 2951 2016 2998; baseline -0.001 -10"><span class='ocrx_word' id='word_1_427' title='bbox 309 2964 424 2998; x_wconf 61' lang='grc' dir='ltr'><em>τηαν-,9</em></span> <span class='ocrx_word' id='word_1_428' title='bbox 451 2951 618 2997; x_wconf 88' lang='lat' dir='ltr'><em>superius</em></span> <span class='ocrx_word' id='word_1_429' title='bbox 645 2951 786 2986; x_wconf 86' lang='lat' dir='ltr'><em>dictum</em></span> <span class='ocrx_word' id='word_1_430' title='bbox 813 2955 870 2987; x_wconf 89' lang='lat' dir='ltr'><em>est</em></span> <span class='ocrx_word' id='word_1_431' title='bbox 895 2951 1021 2997; x_wconf 87' lang='lat' dir='ltr'><em>capita</em></span> <span class='ocrx_word' id='word_1_432' title='bbox 1047 2952 1219 2987; x_wconf 87' lang='lat' dir='ltr'><em>sollemni</em></span> <span class='ocrx_word' id='word_1_433' title='bbox 1245 2963 1347 2987; x_wconf 88' lang='lat' dir='ltr'><em>more</em></span> <span class='ocrx_word' id='word_1_434' title='bbox 1373 2951 1580 2988; x_wconf 87' lang='lat' dir='ltr'><em>consecrari</em></span> <span class='ocrx_word' id='word_1_435' title='bbox 1601 2952 1638 2986; x_wconf 86' lang='lat' dir='ltr'><em>et</em></span> <span class='ocrx_word' id='word_1_436' title='bbox 1657 2962 1771 2995; x_wconf 86' lang='lat' dir='ltr'><em>usque</em></span> <span class='ocrx_word' id='word_1_437' title='bbox 1794 2951 1881 2985; x_wconf 88' lang='lat' dir='ltr'><em>dum</em></span> <span class='ocrx_word' id='word_1_438' title='bbox 1903 2954 2016 2996; x_wconf 87' lang='lat' dir='ltr'><em>caput</em></span> 
     </span>
     <span class='ocr_line' id='line_1_46' title="bbox 307 2998 2012 3052; baseline -0.002 -17"><span class='ocrx_word' id='word_1_439' title='bbox 307 3000 469 3035; x_wconf 90' lang='lat' dir='ltr'><em>hominis</em></span> <span class='ocrx_word' id='word_1_440' title='bbox 492 2999 671 3034; x_wconf 86' lang='lat' dir='ltr'><em>liberetur</em></span> <span class='ocrx_word' id='word_1_441' title='bbox 695 2999 735 3034; x_wconf 87' lang='lat' dir='ltr'><em>id</em></span> <span class='ocrx_word' id='word_1_442' title='bbox 760 3001 818 3035; x_wconf 86' lang='lat' dir='ltr'><em>est</em></span> <span class='ocrx_word' id='word_1_443' title='bbox 842 2999 1010 3035; x_wconf 86' lang='lat' dir='ltr'><em>soluatur</em></span> <span class='ocrx_word' id='word_1_444' title='bbox 1035 3000 1312 3035; x_wconf 87' lang='lat' dir='ltr'><em>consecratione</em></span> <span class='ocrx_word' id='word_1_445' title='bbox 1338 3011 1412 3034; x_wconf 90' lang='lat' dir='ltr'><em>non</em></span> <span class='ocrx_word' id='word_1_446' title='bbox 1437 3010 1545 3044; x_wconf 83' lang='lat' dir='ltr'><em>posse</em></span> <span class='ocrx_word' id='word_1_447' title='bbox 1570 2998 1732 3033; x_wconf 82' lang='lat' dir='ltr'><em>interire.</em></span> <span class='ocrx_word' id='word_1_448' title='bbox 1777 2998 1883 3052; x_wconf 80' lang='lat' dir='ltr'><em>quod</em></span> <span class='ocrx_word' id='word_1_449' title='bbox 1902 2998 2012 3033; x_wconf 83' lang='lat' dir='ltr'><em>facile</em></span> 
     </span>
     <span class='ocr_line' id='line_1_47' title="bbox 310 3044 2013 3098; baseline -0.002 -15"><span class='ocrx_word' id='word_1_450' title='bbox 310 3047 448 3083; x_wconf 86' lang='lat' dir='ltr'><em>accidit</em></span> <span class='ocrx_word' id='word_1_451' title='bbox 471 3047 687 3083; x_wconf 89' lang='lat' dir='ltr'><em>interuentu</em></span> <span class='ocrx_word' id='word_1_452' title='bbox 711 3047 855 3082; x_wconf 89' lang='lat' dir='ltr'><em>mortis.</em></span> <span class='ocrx_word' id='word_1_453' title='bbox 893 3046 955 3081; x_wconf 84' lang='lat' dir='ltr'><em>hic</em></span> <span class='ocrx_word' id='word_1_454' title='bbox 982 3057 1070 3091; x_wconf 86' lang='lat' dir='ltr'><em>ergo</em></span> <span class='ocrx_word' id='word_1_455' title='bbox 1091 3047 1484 3082; x_wconf 83' lang='lat' dir='ltr'><em>commemorationem</em></span> <span class='ocrx_word' id='word_1_456' title='bbox 1510 3045 1603 3080; x_wconf 85' lang='lat' dir='ltr'><em>facit</em></span> <span class='ocrx_word' id='word_1_457' title='bbox 1622 3045 1823 3098; x_wconf 80' lang='lat' dir='ltr'><em>uirgilius</em></span> <span class='ocrx_word' id='word_1_458' title='bbox 1812 3046 1930 3090; x_wconf 83' lang='lat' dir='ltr'><em>ipsius</em></span> <span class='ocrx_word' id='word_1_459' title='bbox 1948 3044 2013 3081; x_wconf 89' lang='lat' dir='ltr'><em>rei</em></span> 
     </span>
     <span class='ocr_line' id='line_1_48' title="bbox 311 3091 2016 3147; baseline -0.001 -18"><span class='ocrx_word' id='word_1_460' title='bbox 311 3097 380 3130; x_wconf 86' lang='lat' dir='ltr'><em>hac</em></span> <span class='ocrx_word' id='word_1_461' title='bbox 411 3094 635 3147; x_wconf 81' lang='lat' dir='ltr'><em>quicumque</em></span> <span class='ocrx_word' id='word_1_462' title='bbox 666 3094 790 3139; x_wconf 84' lang='lat' dir='ltr'><em>inquit</em></span> <span class='ocrx_word' id='word_1_463' title='bbox 820 3104 964 3129; x_wconf 84' lang='lat' dir='ltr'><em>sacrum</em></span> <span class='ocrx_word' id='word_1_464' title='bbox 991 3106 1024 3129; x_wconf 92' lang='lat' dir='ltr'><em>u.</em></span> <span class='ocrx_word' id='word_1_465' title='bbox 1052 3106 1085 3128; x_wconf 88' lang='lat' dir='ltr'><em>u.</em></span> <span class='ocrx_word' id='word_1_466' title='bbox 1114 3105 1142 3129; x_wconf 92' lang='lat' dir='ltr'><em>c</em></span> <span class='ocrx_word' id='word_1_467' title='bbox 1170 3095 1394 3139; x_wconf 86' lang='lat' dir='ltr'><em>peritissime</em></span> <span class='ocrx_word' id='word_1_468' title='bbox 1426 3095 1551 3129; x_wconf 89' lang='lat' dir='ltr'><em>autem</em></span> <span class='ocrx_word' id='word_1_469' title='bbox 1581 3091 1720 3127; x_wconf 85' lang='lat' dir='ltr'><em>adiecit</em></span> <span class='ocrx_word' id='word_1_470' title='bbox 1750 3093 1892 3138; x_wconf 82' lang='lat' dir='ltr'><em>pariter</em></span> <span class='ocrx_word' id='word_1_471' title='bbox 1922 3092 2016 3128; x_wconf 90' lang='lat' dir='ltr'><em>mihi</em></span> 
     </span>
     <span class='ocr_line' id='line_1_49' title="bbox 310 3140 2007 3194; baseline -0.001 -18"><span class='ocrx_word' id='word_1_472' title='bbox 310 3144 344 3178; x_wconf 82' lang='lat' dir='ltr'><em>d.</em></span> <span class='ocrx_word' id='word_1_473' title='bbox 372 3155 399 3177; x_wconf 90' lang='lat' dir='ltr'><em>s.</em></span> <span class='ocrx_word' id='word_1_474' title='bbox 426 3155 461 3187; x_wconf 90' lang='lat' dir='ltr'><em>p.</em></span> <span class='ocrx_word' id='word_1_475' title='bbox 495 3141 586 3187; x_wconf 83' lang='lat' dir='ltr'><em>qnia</em></span> <span class='ocrx_word' id='word_1_476' title='bbox 617 3141 779 3186; x_wconf 86' lang='lat' dir='ltr'><em>expiatio</em></span> <span class='ocrx_word' id='word_1_477' title='bbox 813 3143 870 3177; x_wconf 89' lang='lat' dir='ltr'><em>est</em></span> <span class='ocrx_word' id='word_1_478' title='bbox 900 3140 972 3176; x_wconf 87' lang='lat' dir='ltr'><em>diis</em></span> <span class='ocrx_word' id='word_1_479' title='bbox 1005 3141 1195 3186; x_wconf 86' lang='lat' dir='ltr'><em>acceptior</em></span> <span class='ocrx_word' id='word_1_480' title='bbox 1226 3141 1258 3177; x_wconf 90' lang='lat' dir='ltr'><em>si</em></span> <span class='ocrx_word' id='word_1_481' title='bbox 1290 3141 1471 3186; x_wconf 80' lang='lat' dir='ltr'><em>sanguine</em></span> <span class='ocrx_word' id='word_1_482' title='bbox 1501 3140 1665 3194; x_wconf 80' lang='lat' dir='ltr'><em>placatio</em></span> <span class='ocrx_word' id='word_1_483' title='bbox 1697 3140 1915 3185; x_wconf 79' lang='lat' dir='ltr'><em>expediatur</em></span> <span class='ocrx_word' id='word_1_484' title='bbox 1943 3140 1977 3175; x_wconf 78' lang='lat' dir='ltr'><em>T</em></span> <span class='ocrx_word' id='word_1_485' title='bbox 2003 3140 2007 3187; x_wconf 71' lang='grc' dir='ltr'>Ι</span> 
     </span>
     <span class='ocr_line' id='line_1_50' title="bbox 310 3186 2006 3242; baseline -0.001 -18"><span class='ocrx_word' id='word_1_486' title='bbox 310 3190 508 3235; x_wconf 91' lang='lat' dir='ltr'><em>sollempni</em></span> <span class='ocrx_word' id='word_1_487' title='bbox 535 3189 603 3234; x_wconf 80' lang='lat' dir='ltr'><em>Fu</em></span> <span class='ocrx_word' id='word_1_488' title='bbox 632 3193 677 3224; x_wconf 85' lang='grc'><em>26</em></span> <span class='ocrx_word' id='word_1_489' title='bbox 703 3189 836 3242; x_wconf 85' lang='lat' dir='ltr'><em>totius]</em></span> <span class='ocrx_word' id='word_1_490' title='bbox 862 3189 964 3224; x_wconf 71' lang='lat' dir='ltr'><em>teins</em></span> <span class='ocrx_word' id='word_1_491' title='bbox 991 3189 1029 3233; x_wconf 84' lang='lat' dir='ltr'><em>(i.</em></span> <span class='ocrx_word' id='word_1_492' title='bbox 1056 3199 1081 3223; x_wconf 86' lang='lat' dir='ltr'><em>c.</em></span> <span class='ocrx_word' id='word_1_493' title='bbox 1112 3188 1291 3235; x_wconf 29' lang='lat' dir='ltr'><em>ffltevcius’)</em></span> <span class='ocrx_word' id='word_1_494' title='bbox 1318 3189 1351 3223; x_wconf 79' lang='lat' dir='ltr'><em>G</em></span> <span class='ocrx_word' id='word_1_495' title='bbox 1371 3191 1382 3234; x_wconf 76' lang='grc' dir='ltr'><em>ΙΙ</em></span> <span class='ocrx_word' id='word_1_496' title='bbox 1413 3193 1456 3224; x_wconf 84' lang='grc'><em>27</em></span> <span class='ocrx_word' id='word_1_497' title='bbox 1483 3187 1705 3233; x_wconf 84' lang='lat' dir='ltr'><em>praecipuae</em></span> <span class='ocrx_word' id='word_1_498' title='bbox 1733 3187 1773 3222; x_wconf 90' lang='lat' dir='ltr'><em>F</em></span> <span class='ocrx_word' id='word_1_499' title='bbox 1787 3189 1800 3232; x_wconf 83' lang='grc' dir='ltr'><em>ΙΙ</em></span> <span class='ocrx_word' id='word_1_500' title='bbox 1824 3187 1915 3222; x_wconf 86' lang='lat' dir='ltr'><em>haec</em></span> <span class='ocrx_word' id='word_1_501' title='bbox 1942 3186 1983 3222; x_wconf 89' lang='lat' dir='ltr'><em>F</em></span> <span class='ocrx_word' id='word_1_502' title='bbox 2003 3188 2006 3235; x_wconf 88' lang='grc' dir='ltr'>Ι</span> 
     </span>
     <span class='ocr_line' id='line_1_51' title="bbox 309 3235 2015 3283; baseline -0.001 -11"><span class='ocrx_word' id='word_1_503' title='bbox 309 3241 356 3272; x_wconf 88' lang='grc'><em>28</em></span> <span class='ocrx_word' id='word_1_504' title='bbox 381 3237 543 3273; x_wconf 82' lang='lat' dir='ltr'><em>uiolaret</em></span> <span class='ocrx_word' id='word_1_505' title='bbox 566 3236 607 3272; x_wconf 89' lang='lat' dir='ltr'><em>F</em></span> <span class='ocrx_word' id='word_1_506' title='bbox 630 3239 644 3283; x_wconf 79' lang='grc' dir='ltr'><em>ΙΙ</em></span> <span class='ocrx_word' id='word_1_507' title='bbox 673 3241 718 3272; x_wconf 85' lang='grc'><em>29</em></span> <span class='ocrx_word' id='word_1_508' title='bbox 745 3235 904 3272; x_wconf 86' lang='lat' dir='ltr'><em>uiolauit</em></span> <span class='ocrx_word' id='word_1_509' title='bbox 929 3236 970 3271; x_wconf 91' lang='lat' dir='ltr'><em>F</em></span> <span class='ocrx_word' id='word_1_510' title='bbox 993 3237 1005 3283; x_wconf 83' lang='grc' dir='ltr'><em>ΙΙ</em></span> <span class='ocrx_word' id='word_1_511' title='bbox 1037 3239 1082 3271; x_wconf 85' lang='grc'><em>30</em></span> <span class='ocrx_word' id='word_1_512' title='bbox 1108 3236 1270 3282; x_wconf 84' lang='lat' dir='ltr'><em>sacrum]</em></span> <span class='ocrx_word' id='word_1_513' title='bbox 1298 3236 1439 3281; x_wconf 85' lang='lat' dir='ltr'><em>pariter</em></span> <span class='ocrx_word' id='word_1_514' title='bbox 1463 3235 1529 3270; x_wconf 84' lang='lat' dir='ltr'><em>aut</em></span> <span class='ocrx_word' id='word_1_515' title='bbox 1554 3236 1652 3282; x_wconf 80' lang='lat' dir='ltr'><em>(fort.</em></span> <span class='ocrx_word' id='word_1_516' title='bbox 1679 3236 1819 3280; x_wconf 79' lang='lat' dir='ltr'><em>autem)</em></span> <span class='ocrx_word' id='word_1_517' title='bbox 1845 3235 1909 3270; x_wconf 86' lang='lat' dir='ltr'><em>dat</em></span> <span class='ocrx_word' id='word_1_518' title='bbox 1933 3245 2015 3270; x_wconf 84' lang='lat' dir='ltr'><em>san-</em></span> 
     </span>
    </p>
   </div>
  </div>
 </body>
</html>
