2092 3614
313 230 401 273 566
1023 258 1027 259 ν
1087 228 1248 267 SERVII

433 341 531 384 808.
580 351 788 383 VIRGINIS
821 351 976 382 AVDET-
1008 340 1069 382 sie
1101 339 1243 382 fuerat
1274 342 1591 396 consternatus,
1630 343 1680 383 ut
1710 342 1840 383 etiam
1874 343 2019 384 vulne-

313 415 452 454 ratam
486 413 672 454 timeret.

432 484 529 526 811.
582 495 745 526 occlso
777 494 988 526 PASTORE
1021 494 1168 526 LVPVS
1210 484 1316 525 bene
1355 484 1519 538 pastori
1557 485 1750 540 reginam
1783 488 2006 540 comparat

312 569 414 596 nam
446 568 570 610 reges
602 554 687 609 ipsi
719 556 914 609 pastores
948 555 1175 596 vocantur:
1209 552 1425 596 Homerus
1456 553 1642 610 ποιμένα
1675 555 1807 598 λαῶν.

265 634 286 664 5
432 627 531 668 812.
581 637 773 668 CAVDAM
799 638 1097 668 PAVlTANTEM
1130 640 1238 680 quae
1265 625 1464 667 timorem
1490 625 1668 669 indicat:
1700 642 1779 682 pro
1812 627 1919 683 ‘ipse
1946 643 2020 683 pa-

312 696 482 739 vitans'.

431 770 530 812 814.
580 781 810 812 TVRBIDVS
850 769 976 812 modo
1009 769 1205 824 timidus,
1243 783 1373 823 supra
1405 769 1632 823 terribilis,
1671 772 1719 812 ut
1750 770 1898 826 (742)
1927 770 1998 814 Ve

313 842 431 883 nulo
465 842 734 884 adversum
766 855 816 883 se
847 841 1088 883 turbidus
1120 840 1293 882 infert.

432 913 530 954 817.
580 923 739 955 MVCRO
766 912 865 954 hine
893 915 1074 967 apparet
1099 925 1345 954 mucronem
1372 908 1463 953 ess‘e
1484 912 1715 955 cuiuslibet
1733 914 1810 956 teli
1832 928 2021 956 acumen.

243 991 286 1022 10
431 984 529 1026 818.
579 995 773 1026 FRIGIDA
798 995 929 1040 ’LE'ro
968 983 1043 1025 alii
1082 981 1202 1024 ‘telo'
1241 982 1394 1037 legunt
1435 985 1476 1024 et
1514 984 1772 1040 intellegunt
1802 984 2021 1028 evulnere’.

310 1059 346 1097 et
382 1055 552 1108 qnidam
589 1072 798 1098 LABVNTVR
829 1072 926 1097 mro
962 1069 1045 1096 non
1084 1053 1174 1096 ‘leto
1209 1052 1396 1108 f'riyida',
1433 1055 1504 1096 sect
1541 1054 1630 1097 ‘leto
1661 1056 1884 1106 labuntur'.
1944 1057 2022 1099 alii

311 1126 484 1180 ‘friyida
522 1125 612 1168 leto'
651 1127 876 1180 accipiunt,
911 1127 1012 1179 quia
1049 1126 1232 1185 sequitur
1260 1128 1358 1178 post
1394 1124 1572 1179 ‘captum
1604 1127 1678 1169 Zeto
1701 1128 1844 1181 posuit
1872 1127 2021 1182 eapat'.

310 1213 394 1240 non
430 1199 539 1240 nulli
578 1197 750 1253 ‘friyida
782 1197 959 1240 lumina'
994 1198 1180 1248 tradunt,
1218 1197 1369 1239 seilicet
1398 1197 1488 1251 iyni
1519 1198 1669 1240 caloris
1700 1200 1889 1255 extincto,
1925 1203 1973 1241 ‘at
2001 1214 2022 1242 e

309 1271 516 1312 contrario
549 1269 621 1325 <11
652 1269 770 1324 405>
803 1270 866 1312 ad
894 1269 1081 1311 eaelum
1113 1269 1311 1311 tendens
1342 1269 1575 1310 ardentia
1606 1269 1811 1313 lamina.

244 1348 286 1379 15
433 1342 533 1384 822.
581 1352 770 1383 PART1R1
797 1352 941 1384 cvnAs
969 1339 1174 1382 subaudis
1201 1338 1523 1382 ‘consueverat'.
1615 1352 1739 1383 HAEC
1765 1353 1843 1383 ITA
1870 1354 2023 1385 FATVR

313 1429 443 1455 unum
477 1412 687 1455 abundat:
721 1427 822 1455 nam
855 1427 988 1466 supra
1021 1411 1082 1452 ait
1114 1410 1405 1466 ‘adloquitur’.

430 1484 529 1527 823.
560 1496 703 1527 POTVI
744 1483 961 1538 absolute,
1007 1483 1074 1524 vel
1112 1496 1304 1538 pugnare
1343 1482 1411 1524 vel
1451 1483 1607 1525 vivere:
1650 1486 1877 1527 necessaria
1914 1486 2023 1528 enim

309 1557 470 1611 eclipsis
499 1557 546 1598 in
577 1555 809 1609 defectione,
840 1568 944 1608 quae
974 1567 1022 1596 ex
1052 1556 1141 1595 arte
1170 1567 1254 1595 non
1284 1554 1404 1595 semel
1426 1555 1568 1608 posita
1598 1558 1666 1597 est.

431 1628 528 1670 826.
579 1638 823 1670 SVCCEDAT
843 1637 1030 1668 PVGNAE
1058 1625 1227 1667 animus
1255 1625 1492 1667 bellatrieis
1520 1627 1774 1682 ostenditur,
1801 1642 1909 1683 quae
1936 1643 2022 1670 non

239 1706 285 1737 20
312 1715 356 1742 se
395 1700 514 1742 dolet
545 1699 704 1754 lucem,
743 1699 816 1741 sed
850 1697 965 1740 bella
997 1697 1209 1752 deserere,
1247 1698 1293 1739 in
1326 1700 1505 1748 tantum,
1546 1701 1591 1739 at
1620 1698 1728 1740 nihil
1758 1699 1878 1741 aliud
1906 1701 2022 1752 †mo-

310 1773 430 1826 riens,
461 1785 586 1825 quam
617 1771 666 1812 de
695 1784 740 1812 re
756 1770 926 1824 publiea
957 1770 1120 1820 tuenda,
1151 1772 1188 1811 et
1212 1769 1360 1811 bellum
1384 1769 1612 1824 mandaret,
1643 1773 1682 1811 et
1703 1770 1836 1812 solum
1853 1774 2025 1825 putaret

310 1844 500 1886 idoneam
535 1843 725 1885 Turnum
755 1842 828 1895 qui
858 1842 905 1883 in
936 1841 1023 1883 eius
1052 1829 1176 1883 vicem
1207 1841 1440 1883 succederet.

432 1915 531 1957 828.
581 1925 677 1956 NON
710 1924 890 1956 SPONTE
926 1924 1107 1955 FLVENS
1133 1927 1221 1954 non
1248 1915 1296 1954 ut
1322 1927 1451 1967 supra
1479 1912 1623 1967 <499>
1656 1913 1927 1969 portisque
1960 1915 2021 1956 ab

312 2000 440 2041 equo
480 1985 661 2041 regina
699 1985 790 2026 sub
827 1983 958 2038 ipsis
996 1983 1235 2038 desiluit,
1277 1998 1423 2038 quam
1455 1986 1567 2025 tota
1598 1984 1782 2026 cohors
1815 1985 2022 2028 imitata

241 2064 285 2095 25
311 2056 519 2099 relictis
553 2056 611 2097 ad
644 2059 839 2097 terram
871 2054 1095 2096 defluxit
1127 2054 1284 2109 equis.

431 2127 530 2170 829.
580 2138 819 2169 PAVLATIM
862 2137 1091 2168 EXSOLVIT
1138 2137 1190 2168 SE
1237 2136 1451 2168 CORPORE
1498 2126 1559 2168 sie
1599 2126 1644 2168 in
1682 2128 1837 2182 quarto
1875 2126 2019 2182 <703>

312 2203 462 2254 teque
494 2199 597 2240 isto
631 2212 847 2253 corpore
880 2197 1038 2240 solvo.

431 2270 528 2313 830.
579 2287 629 2312 Er
658 2286 813 2312 CAPTVM
842 2286 937 2311 mro
967 2261 1035 2311 ros
1044 2285 1107 2311 νη*
1134 2285 1258 2311 CAPVT
1292 2282 1383 2310 cum
1414 2269 1513 2311 dicit
1544 2268 1694 2323 ‘caput’
1726 2270 1900 2311 ostendit
1933 2283 2019 2323 ope-

310 2356 404 2384 ram
435 2344 727 2396 consecratam,
763 2354 889 2395 usque
919 2342 1018 2383 dnm
1048 2340 1231 2383 solvatur
1261 2343 1383 2395 eaput
1413 2340 1611 2395 hominis,
1648 2341 1695 2382 id
1723 2343 1781 2382 est
1811 2341 1999 2383 liberetur
2006 2355 2020 2391 ;

320 2496 324 2499 -
408 2475 430 2505 4
455 2469 654 2515 Homerus]
684 2469 725 2504 Il.
751 2469 767 2504 I
792 2472 860 2504 263
885 2470 899 2514 ΙΙ
931 2473 951 2503 9
979 2468 1064 2503 hinc
1091 2470 1249 2514 apparet
1275 2495 1282 2503 .
1304 2497 1311 2504 .
1334 2498 1341 2505 .
1369 2469 1540 2515 acumen]
1570 2479 1680 2504 exscr.
1710 2469 1794 2505 Isid.
1821 2480 1872 2506 or.
1900 2469 2021 2505 XVIII

313 2522 345 2562 6,
372 2523 409 2561 23
440 2517 515 2554 diff.
543 2517 643 2552 verb.
671 2520 739 2552 198

408 2640 428 2671 8
454 2636 573 2671 instat
598 2635 686 2670 RH
693 2635 740 2670 M
757 2637 769 2681 ΙΙ
803 2639 846 2670 10
873 2634 938 2669 alii
964 2636 1000 2669 te
1026 2633 1202 2680 leguntur
1228 2634 1273 2669 H
1288 2636 1299 2681 ΙΙ
1330 2631 1370 2669 11
1398 2637 1448 2671 ad
1473 2648 1582 2670 nomo
1607 2646 1633 2670 s.
1660 2647 1690 2671 v.
1718 2634 1820 2670 loeto
1845 2635 2021 2671 labuntur

313 2696 387 2720 non
413 2685 489 2720 leto
515 2683 670 2729 frigida,
701 2694 728 2719 s.
754 2694 787 2718 v.
814 2686 882 2724 819
909 2693 983 2717 non
1009 2682 1103 2716 nulli
1129 2710 1136 2717 .
1160 2710 1166 2717 .
1188 2709 1195 2716 .
1223 2683 1394 2718 ardentia.
1425 2684 1568 2718 lumina
1596 2683 1629 2717 T
1657 2684 1670 2730 ΙΙ
1706 2682 1843 2727 frigido
1869 2681 1917 2726 F,‘
1943 2694 2019 2719 eor-

313 2733 394 2767 rexi
412 2733 423 2778 11
453 2735 495 2766 13
522 2730 666 2767 scilicet
689 2742 756 2766 om.
782 2730 816 2764 Τ
830 2731 842 2776 ΙΙ
868 2730 1032 2764 extincto
1058 2729 1145 2775 igne
1172 2729 1307 2765 caloris
1339 2731 1369 2764 T
1386 2732 1398 2776 ῃ
1422 2730 1520 2776 ignis
1547 2731 1669 2766 calore
1695 2730 1834 2765 Daniel
1851 2731 1864 2776 ΙΙ
1888 2741 1907 2765 e
1935 2741 2018 2766 con-

314 2783 372 2814 tra.
399 2779 432 2814 T
460 2780 472 2826 ΙΙ
511 2783 554 2815 15
580 2779 686 2814 schol.
714 2779 763 2814 ad
788 2789 929 2812 summ
955 2789 985 2811 c.
1013 2788 1078 2811 om.
1106 2777 1146 2811 F
1170 2777 1183 2822 ΙΙ
1219 2782 1416 2813 consuerat
1442 2778 1513 2813 AS
1540 2779 1552 2824 ΙΙ
1591 2782 1632 2813 17
1659 2777 1718 2812 vel
1744 2781 1828 2813 ante
1853 2788 2018 2823 pugnare

314 2838 379 2863 om.
396 2826 436 2861 F
451 2829 463 2873 ΙΙ
482 2828 531 2862 ad
556 2838 661 2862 POTVI
684 2837 711 2861 s.
732 2837 764 2861 v.
785 2824 930 2860 scilieet
954 2823 1015 2859 uel
1042 2824 1170 2859 uiuere
1195 2825 1257 2859 uel
1282 2837 1458 2870 pugnare.
1498 2826 1536 2860 et
1561 2826 1619 2860 est
1642 2824 1852 2860 necessaria
1877 2824 2019 2870 ellipsis

314 2875 404 2919 quia
428 2874 770 2919 interrumpebatur
796 2884 867 2908 uox
892 2871 1085 2907 morientis
1115 2872 1146 2906 Τ
1173 2873 1184 2918 ΙΙ
1216 2876 1261 2907 20
1287 2873 1367 2919 sed]
1395 2874 1463 2908 sub
1490 2872 1531 2907 F
1559 2874 1571 2919 ΙΙ
1600 2883 1628 2907 8.
1654 2884 1685 2907 υ.
1712 2875 1781 2907 825
1807 2872 1845 2906 in
1870 2873 2018 2906 tantum

313 2922 458 2957 animus
484 2920 691 2956 bellatrieis
717 2920 927 2956 ostenditur
952 2920 993 2953 ut
1018 2919 1110 2954 nihil
1137 2920 1238 2955 aliud
1266 2932 1376 2965 quam
1398 2921 1443 2955 de
1463 2932 1501 2956 re
1522 2920 1673 2965 publica,
1692 2919 1832 2955 tuenda
1857 2919 2018 2955 moriens

314 2970 352 3004 et
377 2969 517 3004 bellum
545 2967 739 3003 mandaret
764 2968 802 3003 et
825 2967 943 3003 solum
969 2966 1143 3001 idoneum
1175 2968 1326 3012 putaret
1349 2969 1498 3002 turnum
1526 2966 1591 3012 qui
1616 2965 1656 3002 in
1685 2966 1762 3002 eius
1790 2967 1912 3002 locum
1938 2978 2018 3002 suc-

314 3016 462 3052 cederet
489 3015 522 3050 T
555 3017 568 3061 ss
600 3014 782 3063 moriens]
817 3016 971 3059 fortasse
1002 3014 1159 3048 moliens
1190 3019 1257 3050 aut
1289 3015 1382 3050 nihil
1415 3014 1518 3049 aliud
1545 3015 1712 3060 cogitans
1740 3026 1774 3059 q.
1801 3014 1836 3050 d.
1863 3026 1890 3049 r.
1918 3026 1952 3058 p.
1978 3016 2018 3058 t.,

314 3064 474 3099 moriens
500 3063 540 3098 et
563 3074 589 3099 e.
617 3075 648 3108 q.
673 3074 701 3098 s.
722 3064 734 3110 ΙΙ
753 3067 796 3098 21
824 3063 1001 3107 putarent
1025 3060 1066 3095 F
1081 3062 1092 3107 ΙΙ
1112 3065 1156 3096 22
1183 3061 1246 3107 qui
1273 3073 1339 3099 om.
1361 3062 1401 3097 F
1417 3063 1428 3109 11
1448 3061 1646 3097 succiderit
1671 3061 1711 3096 F
1725 3062 1738 3106 ΙΙ
1763 3065 1807 3096 23
1834 3061 1924 3108 non]
1953 3072 2020 3096 sua.

314 3113 444 3157 sponte
469 3111 554 3146 add.
577 3111 625 3146 M
641 3111 654 3155 Ι]
673 3115 719 3145 24
745 3109 908 3145 dissiluit
926 3107 1011 3143 RF
1026 3110 1038 3153 ΙΙ
1057 3112 1102 3143 26
1127 3110 1233 3144 schol.
1255 3111 1304 3145 ad
1321 3121 1353 3145 v.
1375 3113 1444 3145 829
1470 3120 1536 3145 om.
1559 3108 1654 3144 HM
1667 3110 1679 3154 [Ι
1704 3112 1749 3144 28
1776 3109 1825 3144 ad
1850 3120 2019 3144 sxsonvn·

313 3170 340 3193 ε.
367 3171 399 3194 υ.
424 3159 564 3194 liberat
591 3157 651 3203 ΤΙΙ
670 3168 783 3203 opera
807 3155 1094 3193 consecrationis
1121 3155 1185 3201 qui
1212 3156 1300 3192 dnm
1327 3157 1367 3192 F
1402 3167 1552 3202 operam
1579 3157 1786 3192 consecrari
1812 3157 2018 3201 (eonsecra-

313 3208 392 3242 tam
418 3207 495 3253 eqo)
518 3216 635 3251 usque
661 3206 749 3240 dum
773 3205 912 3241 Daniel
