2092 3614
42 0 290 42 Ἢηεξιρψπξῇ
343 8 346 10 -

485 266 636 303 COMM.
663 267 716 303 IN
741 267 883 303 VERG.
910 267 1022 302 AEN.
1049 267 1136 303 v111
1160 272 1360 305 344—348.
1679 268 1764 311 251

54 377 185 431 fectus
213 376 260 418 ob
288 377 563 420 twbulentam
588 380 626 419 et
647 377 882 419 seditiosam
906 379 1115 419 naturam.
1160 378 1238 419 alii
1261 379 1370 431 quod
1386 379 1580 433 Arqillus
1603 383 1770 422 senator
1795 416 1807 426 ,

51 452 145 503 post
175 446 387 491 Cannense
413 449 620 503 proelium
650 447 828 490 suaserit
857 463 885 490 a
916 447 1065 490 Poenis
1091 462 1234 501 pacem
1257 450 1484 502 postulari,
1516 451 1603 492 ideo
1635 452 1681 492 in
1711 464 1770 493 se-

58 523 161 562 natu
191 522 378 574 carptum
408 520 651 574 domumque
681 520 766 562 eius
784 520 981 572 *dirutam
1012 523 1050 561 et
1081 520 1211 562 locum
1242 520 1475 574 Arqiletum
1506 523 1770 575 appellatum.

58 591 227 645 quidam
266 591 411 633 dicunt
449 605 540 633 cum
577 590 791 645 Capitolii,
834 591 905 633 ubi
947 605 1057 633 nunc
1100 595 1174 643 est,
1215 592 1490 644 fundamenta
1530 594 1771 647 iacerentur,

57 665 179 720 caput
214 661 444 704 humanum
481 663 589 716 quod
620 662 688 704 Oli
723 663 940 713 diceretur,
978 663 1213 704 inventum:
1250 677 1328 716 quo
1366 664 1500 704 omine
1535 664 1773 706 sollicitatos

57 733 281 775 conditores
311 734 468 776 misisse
498 735 556 776 ad
577 732 772 776 Tusciam
798 735 855 775 ad
877 734 1108 797 aruspicem
1134 734 1249 776 illius
1275 735 1468 788 temporis
1497 736 1772 788 nominatum,

57 806 129 859 qui
159 806 247 847 iam
276 805 532 847 indicaverat
558 792 674 859 Arqo
703 805 792 858 filio
822 819 912 859 suo,
945 805 1142 847 tributum
1173 806 1360 858 fataliter
1390 819 1489 857 esse,
1521 810 1568 848 ut
1596 808 1634 848 is
1666 808 1774 850 locus

58 877 146 918 orbi
175 877 448 931 imperitaret,
478 877 523 918 in
554 890 632 930 quo
663 876 770 918 illud
799 880 923 929 caput
951 879 1051 918 esset
1080 877 1301 919 inventum.
1363 877 1470 919 obvii
1501 878 1627 931 iqitur
1657 879 1774 932 Arqo

56 948 102 990 hi
139 948 212 1001 qui
253 948 372 990 missi
415 952 534 990 erant
573 948 746 990 ubinam
785 951 885 990 esset
915 951 1039 1002 pater
1079 949 1444 1003 interroqaverunt.
1504 951 1576 1004 qui
1615 951 1774 1004 coqnita

57 1033 186 1062 causa
224 1020 387 1063 itineris
425 1034 583 1073 eorum,
627 1033 743 1061 omne
781 1032 1037 1074 responsum>
1057 1020 1198 1073 patris
1233 1021 1422 1073 prodidit
1457 1022 1694 1075 monuitque
1729 1026 1777 1063 ut

57 1094 258 1146 caverent,
289 1105 339 1133 ne
369 1092 421 1133 ab
452 1105 495 1134 eo
526 1091 844 1145 interroqatione
874 1091 1161 1144 deciperentur.
1223 1093 1293 1133 sed
1322 1106 1414 1133 cum
1445 1093 1567 1146 leqati
1597 1094 1655 1135 ad
1682 1107 1774 1136 eum

50 1163 332 1217 pervenissent
365 1165 405 1204 et
438 1164 486 1204 de
524 1163 822 1217 siqniftcatione
858 1163 1016 1205 inventi
1053 1163 1200 1216 capitis
1236 1167 1490 1216 quaererent,
1530 1165 1667 1207 volens
1707 1166 1776 1207 ille

58 1235 316 1276 dominatum
347 1234 456 1276 orbis
480 1235 647 1288 patriae
677 1248 776 1276 suae
798 1235 939 1288 potius
968 1235 1211 1289 adscribere,
1243 1235 1528 1290 interroqavit,
1559 1250 1667 1278 anne
1697 1236 1775 1292 liic,

58 1319 179 1348 suum
210 1306 340 1348 locum
365 1307 594 1361 ostendens,
626 1306 882 1348 invenissent.
931 1305 1018 1347 illis
1043 1306 1285 1359 neqantibus
1308 1307 1538 1360 suspicatus
1563 1308 1775 1360 proditum

58 1391 139 1420 esse
168 1390 424 1431 responsum,
456 1377 656 1431 quaesivit
679 1391 736 1418 an
760 1390 1004 1430 quemquam
1030 1377 1191 1419 obvium
1216 1376 1461 1419 habuissent.
1503 1378 1589 1420 illis
1613 1379 1774 1432 simpli-

58 1449 156 1490 citer
186 1448 464 1502 confitentibus
495 1450 716 1491 occurrisse
745 1449 825 1490 sibi
855 1449 1058 1499 iuvenem,
1100 1452 1195 1490 tunc
1225 1463 1405 1502 aruspex
1436 1463 1645 1492 conscenso
1677 1465 1775 1504 equo

60 1523 219 1563 secutus
247 1518 412 1574 Arqum
444 1521 588 1562 occidit
617 1534 659 1562 eo
691 1520 792 1574 loco,
821 1520 893 1562 ubi
922 1533 1034 1562 nunc
1064 1519 1202 1562 Roma
1233 1524 1307 1574 est,
1338 1535 1366 1562 a
1396 1522 1513 1563 cuius
1543 1523 1660 1564 caede
1691 1523 1775 1563 Ar-

53 1592 235 1646 yiletum.
284 1592 473 1645 quamvis
502 1592 600 1634 haec
623 1590 798 1634 historia
822 1592 946 1633 etiam
971 1592 1019 1633 de
1044 1592 1128 1634 alio
1152 1593 1318 1634 nomine
1342 1606 1462 1646 saepe
1486 1593 1685 1636 celebrata
1709 1595 1774 1636 sit.

179 1662 277 1704 346.
329 1674 573 1706 TESTATVR
605 1674 765 1706 LOCVM
807 1663 924 1705 iurat
955 1678 1040 1705 non
1073 1678 1152 1705 sua
1184 1663 1312 1718 culpa
1342 1663 1438 1706 iura
1469 1664 1647 1720 hospitii
1681 1679 1774 1707 esse

58 1733 234 1776 violata.
327 1751 603 1782 TESTATVRQVE
632 1732 773 1791 roem]
807 1735 867 1776 vel
898 1735 944 1776 in
976 1735 1251 1776 testimonium
1280 1736 1393 1777 ducit
1416 1750 1565 1778 nomen
1596 1737 1683 1792 loci,
1715 1738 1775 1779 vel

58 1805 288 1847 detestatur.

181 1876 279 1918 347.
330 1894 529 1919 TARPEIAM
562 1894 694 1920 SEDEM
725 1877 954 1931 prolepsis:
1002 1878 1083 1919 duo
1125 1878 1222 1920 haec
1265 1880 1382 1921 enim·
1418 1881 1590 1922 nomina
1630 1884 1775 1934 postea

59 1948 190 1990 monti
220 1948 357 1989 indita
387 1950 494 1990 sunt.

178 2019 276 2061 348.
326 2031 482 2061 AVREA
514 2031 638 2062 NVNC
676 2019 818 2062 enuno'
852 2021 905 2062 ad
939 2023 1168 2077 utrumque
1200 2022 1406 2078 pertinet,
1438 2025 1482 2064 et
1514 2023 1567 2065 ad
1600 2022 1773 2066 ‘aurea'

60 2091 103 2132 et
141 2090 192 2132 ad
232 2089 485 2146 ‘Tarpeiam
524 2090 708 2134 sedem’:
751 2106 852 2134 nam
885 2092 1071 2147 Tarpeia
1109 2093 1230 2135 sedes
1269 2094 1384 2136 dicta
1422 2097 1488 2136 est
1526 2110 1551 2136 a
1589 2094 1773 2150 Tarpeia

59 2162 240 2218 virgine.
291 2176 386 2204 cum
420 2162 532 2204 enim
565 2162 774 2205 Romulus
808 2167 959 2206 contra
992 2163 1177 2207 Sabinos
1209 2165 1325 2207 bella
1355 2167 1567 2208 tractaret
1598 2168 1640 2207 et
1671 2166 1773 2208 Tar-

59 2233 154 2288 peio
197 2232 365 2275 cuidam
407 2233 597 2276 dedisset
637 2249 779 2277 arcem
822 2235 1045 2290 tuendam,
1086 2236 1176 2277 filia
1214 2236 1305 2278 eius
1344 2236 1529 2292 Tarpeia
1568 2240 1774 2293 aquatum

59 2304 253 2359 profecta
293 2305 339 2346 in
371 2305 518 2348 hostes
549 2306 712 2348 incidit.
776 2321 906 2361 quam
944 2322 1041 2349 cum
1074 2307 1355 2350 hortarentur
1394 2308 1447 2350 ad
1485 2309 1773 2363 proditionem

60 2377 188 2430 arcis,
229 2376 303 2418 illa
343 2391 422 2431 pro
461 2378 655 2432 praemio
686 2378 888 2434 poposcit
920 2382 1119 2421 ornatum
1157 2395 1362 2422 manuum
1401 2380 1692 2435 sinistrarum,
1731 2382 1774 2423 id

63 2450 130 2490 est
161 2447 366 2504 armillas.
429 2447 543 2490 facta
574 2449 722 2504 itaque
754 2449 863 2492 arcis
902 2450 1148 2505 proditione
1184 2451 1333 2494 hostes
1371 2451 1598 2507 ingeniosa
1635 2455 1773 2494 morte

61 2518 277 2572 promissa
314 2518 553 2562 solverunt:
594 2535 695 2562 nam
729 2524 870 2575 scuta,
908 2521 952 2563 id
984 2525 1051 2563 est
1083 2522 1356 2564 sinistrarum
1388 2525 1608 2574 ornatum,
1648 2538 1775 2578 super

61 2589 180 2631 illam
212 2589 417 2632 iacientes
450 2606 545 2633 eam
576 2592 671 2634 luce
703 2592 941 2647 privarunt.
975 2609 1103 2648 .quae
1133 2593 1223 2636 illic
1249 2595 1421 2649 sepulta
1447 2593 1656 2650 Tarpeiae
1684 2595 1773 2637 sedi

63 2674 219 2702 nomen
251 2660 456 2715 inposuit.

157 2770 178 2801 4
211 2765 364 2811 quidam
397 2765 527 2802 dicunt
558 2778 588 2802 e.
615 2780 650 2813 q.
677 2768 722 2815 8.]
760 2768 806 2803 cf.
832 2768 970 2805 Arnob.
993 2770 1085 2816 adv.
1117 2772 1194 2806 nat.
1220 2771 1271 2806 VI
1299 2775 1318 2806 7
1350 2784 1385 2817 p.
1411 2775 1481 2807 219
1514 2770 1727 2808 Reiffersoh.
1760 2772 1770 2817 Η

61 2817 106 2848 25
133 2813 294 2859 Tarpeia
319 2813 425 2849 sedes
453 2842 460 2849 .
483 2841 490 2848 .
513 2842 520 2849 .
546 2813 729 2862 inposuit]
756 2826 871 2851 exscr.
899 2817 1086 2863 mythogr.
1113 2818 1130 2852 I
1158 2822 1225 2854 155

160 2912 178 2943 1
206 2908 426 2944 sediciosam
452 2909 493 2944 F
508 2910 520 2954 ΙΙ
545 2911 692 2945 senator
717 2912 804 2956 post
828 2911 982 2948 Daniel:
1008 2915 1194 2959 senatorq:
1222 2913 1262 2948 F
1277 2915 1290 2959 ΙΙ
1318 2918 1339 2948 5
1366 2915 1489 2959 cupud
1515 2914 1556 2949 F
1571 2916 1583 2961 Η
1608 2914 1673 2950 olli
1700 2915 1739 2949 F
1761 2915 1772 2959 Η

67 2955 189 2991 omine
218 2955 474 2992 Commelinus:
508 2956 627 2992 omnis
653 2957 694 2992 F
728 2969 854 2994 omnes
879 2959 1018 2995 Daniel
1046 2962 1058 3008 ΙΙ
1091 2965 1109 2996 7
1136 2961 1184 3007 is]
1210 2961 1269 2996 his
1295 2961 1336 2996 F
1363 2962 1376 3006 ΙΙ
1407 2965 1428 2997 8
1453 2961 1697 3007 imperatoret
1723 2962 1771 3004 F,

63 3004 213 3040 correxi.
254 3004 457 3049 imperaret
481 3005 620 3040 Daniel
637 3006 650 3050 ΙΙ
675 3010 695 3040 9
723 3005 777 3040 hii
803 3005 845 3041 F
859 3007 872 3053 ΙΙ
890 3007 975 3042 misi
1000 3007 1040 3043 F
1055 3010 1067 3054 ΙΙ
1095 3012 1137 3044 12
1164 3008 1222 3043 illi
1248 3008 1288 3043 F
1304 3010 1316 3054 ΙΙ
1344 3008 1386 3043 13
1412 3009 1538 3054 potius
1565 3010 1605 3043 F
1639 3011 1771 3054 potens

65 3049 204 3086 Daniel
221 3052 234 3097 ΙΙ
261 3055 303 3086 15
329 3051 547 3087 habuissent
571 3054 720 3097 scripsi:
746 3053 904 3090 fuissent
929 3055 969 3089 F
1003 3056 1179 3091 fecissent
1206 3057 1343 3091 Daniel
1361 3057 1374 3101 ΙΙ
1392 3055 1451 3091 illi
1475 3057 1516 3091 F
1531 3058 1543 3101 ΙΙ
1570 3060 1614 3092 18
1640 3056 1771 3091 istoria

65 3095 106 3130 F
120 3097 133 3141 ΙΙ
151 3098 243 3144 alio]
269 3099 354 3142 fort.
381 3099 558 3144 Capitolii
576 3102 588 3145 ΙΙ
608 3100 761 3135 cebrata
786 3100 835 3146 F,
861 3113 952 3138 corr.
981 3103 1118 3138 Daniel
1136 3105 1148 3149 ΙΙ
1181 3107 1221 3138 19
1248 3114 1495 3144 resmrvnovss
1521 3104 1590 3139 Fa
1609 3105 1619 3149 ΙΙ
1651 3107 1695 3138 20
1721 3104 1771 3138 ad

62 3155 307 3186 rnsurvnqve
327 3159 356 3181 L.
382 3157 484 3191 supr.
503 3158 593 3183 vers.
619 3148 658 3183 in
683 3147 940 3185 testimonium
966 3149 1118 3185 deducit
1141 3162 1277 3185 nomen
1303 3150 1377 3186 loci
1400 3151 1433 3185 T
1446 3153 1459 3195 ΙΙ
1478 3155 1522 3186 22
1549 3150 1770 3195 prolempsis

66 3189 106 3224 F
120 3191 133 3234 ss
151 3194 195 3226 26
215 3192 396 3228 Romulus
415 3205 482 3230 om.
497 3194 570 3230 AS
577 3195 613 3230 R
631 3196 644 3240 ΙΙ
662 3200 708 3231 30
730 3196 921 3242 ingeniose
936 3198 965 3232 S
982 3199 994 3242 ΙΙ
1013 3202 1055 3233 31
1079 3198 1313 3233 sinistrarum
1333 3209 1509 3234 manuum
1524 3198 1564 3233 F
1579 3199 1592 3243 ΙΙ
1611 3197 1767 3243 321uce]

64 3237 146 3272 nita
172 3237 212 3272 F
248 3238 328 3274 vita
351 3240 490 3276 Damicl

1802 1030 1844 1061 10

1803 1387 1846 1418 15

1801 1745 1845 1776 20

1799 2102 1844 2133 25

1799 2460 1845 2492 30
