2092 3614
331 281 416 323 228
1105 281 1267 318 SERVII

328 393 508 444 ventum,
547 389 606 431 sic
641 389 850 432 auxilium
880 390 1016 432 debuit
1043 391 1182 433 dicere.
1303 402 1512 433 MAXIMVS
1544 402 1703 434 VLTOR
1739 405 1827 433 non
1864 392 2038 433 tantum

329 464 495 516 noster,
529 461 603 503 sed
635 461 826 503 omnium
857 464 1083 503 terrarum.

448 533 547 575 202.
598 543 859 575 TERGEMINI
897 544 1020 574 NECE
1058 544 1310 575 GERYONAE
1351 533 1464 575 hanc
1503 533 1695 575 fabulam
1738 532 1924 576 diximus
1961 532 2037 574 illo

329 604 424 646 loco
452 603 566 658 <VII
586 603 702 658 661>
729 606 1000 659 postquam
1028 602 1311 645 Laurentia
1342 604 1512 646 victor
1538 603 1772 659 Geryone
1805 604 2036 646 extincto

281 682 302 713 5
329 675 638 730 Tirynthius
681 675 868 730 attigit
909 689 1041 716 arva.
1163 686 1433 726 SPOLIISQVE
1474 686 1707 718 svpmzssvs
1746 675 1867 730 atqui
1905 675 2037 717 boves

329 747 584 789 abduxerat:
618 745 693 788 sed
724 746 910 801 spolium
937 748 1004 787 est
1029 746 1232 801 quicquid
1259 746 1309 788 de
1336 746 1534 788 hostibus
1560 747 1741 803 tollitur,
1765 749 1815 788 ut
1840 745 1930 801 <XI
1950 745 2036 800 80>

329 818 472 861 addit
497 832 654 873 equos
681 819 730 859 et
755 818 862 859 tela
888 818 1072 872 quibus
1101 818 1426 872 spoliaverat
1450 818 1652 860 hostem
1678 819 1782 860 item
1808 817 1899 872 <VI
1924 817 2036 872 168>

327 893 600 946 postquam
639 889 788 931 illum
829 889 937 931 vita
978 889 1148 932 victor
1185 889 1438 943 spoliavit
1474 889 1723 932 Achilles.
1783 903 1882 932 sane
1918 889 2039 932 aliter

326 975 456 1016 supra
487 961 633 1016 <196>
663 960 954 1014 foribusque
984 961 1219 1014 superbis.
1720 967 1723 970 '

260 1039 302 1070 10
445 1033 545 1075 203.
602 1049 732 1075 vzcrozz
757 1035 949 1086 perpetuo
980 1031 1150 1085 epitheto
1180 1032 1377 1074 Herculis
1407 1045 1508 1074 usus
1538 1035 1612 1084 est,
1643 1033 1743 1086 quia
1773 1033 1914 1075 omnia
1943 1032 2034 1074 ani-

326 1104 459 1146 malia
488 1104 606 1146 vicit:
644 1104 753 1157 quod
781 1104 827 1145 in
858 1103 1113 1157 sequentibus
1141 1104 1309 1157 plenius
1339 1104 1504 1146 dicetur.
1565 1117 1665 1146 sane
1701 1105 1748 1146 de
1778 1103 1883 1147 Caco
1913 1104 2037 1145 inter-

326 1178 455 1229 empto
492 1175 544 1216 ab
579 1174 758 1217 Hercule
795 1177 879 1216 tam
919 1174 1069 1217 Graeci
1105 1188 1230 1228 quam
1266 1174 1451 1217 Romani
1486 1176 1757 1227 consentiunt,
1793 1175 1904 1218 solus
1942 1175 2036 1218 Ver-

325 1247 417 1288 rius
446 1245 628 1288 Flaccus
664 1246 764 1288 dicit
799 1244 1023 1287 Garanum
1060 1245 1190 1298 fuisse
1217 1249 1428 1299 pastorem
1469 1260 1717 1301 maynarum
1756 1246 1928 1300 virium,
1967 1247 2039 1300 qui

327 1320 480 1360 Cacum
516 1318 701 1372 adflixit,
741 1330 878 1359 omncs
909 1320 1045 1359 autem
1075 1308 1324 1372 maynarum
1359 1318 1514 1360 virium
1551 1318 1666 1372 apud
1700 1320 1845 1360 veteres
1877 1317 2037 1360 Hercu—

258 1396 301 1428 15
329 1389 384 1432 les
413 1390 553 1432 dictos.

445 1459 546 1503 205.
595 1472 655 1502 AT
692 1471 827 1503 vas
866 1471 972 1502 OACI
1016 1471 1140 1503 MENS
1186 1474 1264 1514 pro
1310 1460 1478 1515 ingenti
1523 1461 1680 1502 scelere
1725 1459 1834 1502 furis
1878 1474 2036 1502 nomen

326 1531 490 1586 posuit:
529 1531 715 1587 capitale
753 1532 867 1573 enim
905 1531 1066 1573 crimen
1104 1531 1216 1587 apud
1257 1532 1442 1574 maiores
1474 1531 1557 1573 fuit
1588 1534 1688 1573 ante
1720 1545 1902 1586 poenam
1934 1545 2036 1586 qua-

327 1603 482 1658 drupli.
526 1603 597 1645 sed
618 1602 684 1645 hic
707 1603 877 1657 quidam
901 1603 953 1645 ab
971 1602 1178 1646 Euandro
1204 1606 1414 1657 tamquam
1439 1603 1486 1645 in
1510 1603 1695 1657 deycneri
1722 1602 1873 1655 fraude
1900 1602 2037 1655 furem

326 1674 579 1728 appellatum
608 1674 759 1717 volunt.

255 1754 302 1785 20
446 1746 545 1788 208.
594 1757 799 1789 AVERTIT
826 1748 919 1788 erat
942 1746 1166 1801 proprium
1193 1745 1392 1802 ‘abegit’3
1425 1746 1499 1788 sed
1529 1745 1718 1800 respexit
1743 1745 1795 1787 ad
1822 1744 2036 1799 praedam,

328 1832 438 1872 quae
464 1817 599 1859 averti
624 1816 791 1871 dicitur,
817 1819 866 1859 ut
885 1816 937 1872 <I
956 1816 1072 1871 528>
1098 1819 1277 1872 raptas
1305 1817 1364 1859 ad
1392 1817 1550 1859 litora
1575 1820 1777 1858 vertere
1803 1815 2037 1870 praedas.

446 1888 543 1931 209.
593 1900 751 1940 ATQVE
776 1900 867 1931 Hos
894 1888 1092 1944 quotiens
1118 1888 1402 1930 masculinum
1429 1890 1472 1929 et
1501 1888 1756 1930 femininum
1787 1887 2037 1943 iunguntur,

326 1959 433 2002 haec
465 1960 691 2015 disciplina
722 1962 805 2015 est,
836 1960 885 2002 ut
913 1959 1044 2002 etiam
1078 1959 1115 2001 si
1145 1959 1362 2014 posterius
1395 1962 1461 2001 est
1492 1958 1763 2014 femininum,
1795 1957 2034 2000 masculino

326 2031 675 2087 respondeamus
796 2049 912 2075 PEDIB
920 2047 964 2075 vs
994 2047 1127 2074 anons
1164 2045 1241 2085 pro
1285 2030 1451 2084 ‘pedum
1487 2033 1687 2073 rectorum
1696 2029 1722 2085 ⁹,
1763 2029 1926 2072 dativus
1953 2043 2035 2083 pro

255 2110 301 2144 25
323 2104 529 2157 genitivo:
1745 2090 1756 2093 ⁶

447 2175 544 2217 210.
602 2189 813 2220 VERSISQVE
845 2189 934 2216 VJAR
942 2190 998 2216 VM
1025 2174 1204 2226 [Nolens]
1230 2172 1303 2214 hoc
1327 2175 1386 2215 est
1407 2173 1597 2226 vestiyiis‚
1623 2173 1731 2226 quod
1751 2172 1886 2214 aversi
1904 2171 2034 2213 trahe-

328 2246 490 2288 bantur.
582 2255 837 2295 VERslsQVE
866 2256 1045 2286 VIARVM
1071 2255 1261 2287 molens
1293 2244 1337 2285 id
1367 2247 1434 2286 est
1459 2246 1612 2286 contra
1636 2246 1836 2285 naturam
1861 2242 2036 2284 inicien-

328 2317 446 2358 tibus
479 2330 667 2357 errorem
699 2314 882 2357 indiciis.
939 2315 1052 2370 ipsa,
1084 2315 1244 2370 inquit,
1275 2314 1550 2370 decipiebant
1579 2313 1756 2364 indicia,
1789 2328 1897 2369 quae
1928 2313 2036 2356 indi-

277 2410 284 2420 ·
329 2401 425 2428 care
458 2389 736 2441 consuerunt3
767 2401 866 2428 nam
898 2385 1146 2428 ‘indicium'
1180 2387 1234 2428 ab
1265 2386 1493 2428 indicando
1526 2399 1684 2428 nomen
1716 2384 1891 2440 accepit.

427 2518 470 2549 12
503 2513 603 2548 solus
635 2514 785 2549 Verrius
812 2513 968 2550 Flaccus
996 2542 1003 2550 .
1026 2543 1032 2550 .
1055 2542 1062 2549 .
1090 2515 1226 2561 dictos]
1260 2514 1304 2551 cf.
1331 2514 1456 2550 Aurel.
1484 2514 1578 2550 Vict.
1607 2525 1657 2549 or.
1685 2515 1784 2558 gent.
1811 2513 1915 2549 Rom.
1942 2512 1994 2548 VI
2024 2513 2034 2558 Η

331 2566 374 2598 17
402 2561 560 2607 capitale
588 2590 594 2596 .
618 2589 624 2596 .
647 2588 654 2595 .
682 2561 899 2608 quadrupli]
927 2573 1040 2598 exscr.
1068 2561 1154 2598 [sid.
1182 2573 1232 2598 or.
1260 2562 1293 2597 V
1318 2566 1375 2607 26,
1404 2565 1447 2597 18
1918 2564 1920 2566 ’

426 2685 446 2716 2
473 2680 554 2726 sed]
583 2680 646 2714 sed
673 2681 711 2715 et
729 2679 824 2714 ΒΜ
840 2680 852 2724 ΙΙ
870 2680 1054 2715 terrarum
1080 2691 1146 2716 om.
1161 2680 1253 2717 LH.
1280 2679 1378 2714 unde
1403 2679 1558 2715 lucanus
1578 2679 1645 2724 (IV
1665 2681 1748 2725 610)
1777 2679 1910 2714 ‘terras
1930 2690 2032 2714 mon-

329 2728 415 2764 stris
435 2738 645 2772 aequorque
665 2727 854 2762 leuantem
873 2726 1155 2772 magnanimum
1180 2727 1329 2769 alciden
1353 2726 1497 2772 libycas
1520 2727 1657 2763 exciuit
1680 2727 1718 2762 in
1739 2726 1834 2762 oras’
1859 2727 1945 2762 add.
1964 2725 2003 2760 D
2021 2726 2032 2773 Η

330 2781 351 2811 3
377 2776 470 2811 haec
496 2774 624 2809 fabula
649 2773 750 2809 dicta
775 2774 833 2808 est
856 2773 924 2809 illo
949 2775 1033 2809 loco
1058 2774 1099 2808 F
1114 2775 1126 2820 ΙΙ
1155 2779 1176 2809 6
1202 2775 1408 2809 adduxerat
1431 2775 1466 2808 L
1492 2774 1596 2819 (corr.
1624 2775 1649 2820 l)
1668 2776 1679 2820 ΙΙ
1708 2778 1728 2809 9
1755 2773 1934 2819 superbus
1960 2773 2001 2808 F
2022 2774 2034 2819 ΙΙ

331 2827 376 2858 10
402 2823 577 2868 ephteeto
603 2821 653 2865 F,
680 2832 769 2856 corr.
791 2820 930 2856 Daniel
948 2822 960 2864 ΙΙ
990 2825 1033 2856 12
1060 2820 1107 2856 ab
1132 2822 1292 2857 Hercule
1318 2821 1474 2857 Daniel:
1501 2821 1566 2856 alii
1591 2820 1741 2857 hercule
1768 2821 1808 2855 F
1824 2822 1835 2866 fl
1856 2824 1899 2855 13
1926 2819 2032 2855 Cara-

328 2882 418 2905 num
444 2870 590 2904 Iordan
615 2869 739 2904 Herm.
765 2867 818 2907 LII
837 2879 877 2912 p.
903 2871 972 2902 409
993 2870 1004 2913 ΙΙ
1038 2872 1079 2903 16
1107 2881 1222 2904 Fvnus
1249 2869 1359 2904 LFa
1377 2871 1389 2914 ΙΙ
1418 2881 1506 2904 mnus
1532 2881 1667 2904 mmmm
1693 2869 1743 2903 M
1757 2869 1770 2913 ΙΙ
1803 2871 1846 2903 17
1873 2867 2034 2912 quadru-

331 2918 469 2963 plicem
494 2916 531 2951 R
549 2918 561 2962 ΙΙ
582 2919 624 2951 18
651 2914 689 2950 in
715 2914 907 2960 degeneris
931 2914 1036 2950 frade
1063 2915 1207 2959 (fraude
1228 2916 1274 2959 G)
1294 2916 1343 2959 F,
1369 2917 1464 2961 quod
1489 2917 1640 2952 correxi.
1685 2916 1887 2960 deqenerem
1911 2917 2033 2949 autem

328 2965 497 3008 fraudem
528 2964 625 2999 dixit
655 2964 833 3007 interpres
863 2973 955 3007 quae
984 2973 1098 3008 qenus
1124 2963 1214 2998 Caci
1237 2964 1498 3006 dehonestaret,
1528 2967 1570 2999 ut
1598 2963 1749 2998 Tacitus
1779 2972 1867 2997 ann.
1893 2960 1961 2995 XII
1989 2965 2031 2996 19

330 3013 533 3058 deyenerem
551 3021 704 3056 precem.
742 3011 897 3053 fortasse
915 3010 1064 3054 plenius
1088 3010 1279 3053 scholium,
1303 3021 1374 3055 quo
1399 3012 1574 3046 monitum
1593 3013 1670 3045 erat
1689 3008 1926 3052 Euandrum,
1951 3019 2032 3062 qum

329 3061 448 3104 furem
467 3059 598 3094 diceret
618 3057 767 3101 Cacum,
797 3069 820 3093 a
844 3057 975 3100 fabula
1000 3057 1217 3100 discessisse,
1242 3058 1464 3102 neyleqenter
1487 3058 1530 3092 in
1555 3058 1696 3092 brevius
1721 3059 1945 3092 contractum
1970 3059 2031 3091 est.

330 3108 376 3151 cf.
401 3107 499 3142 Serv.
525 3106 575 3141 ad
599 3116 631 3140 v.
654 3109 721 3140 190
747 3108 779 3140 et
804 3108 872 3140 226
892 3105 903 3151 ΙΙ
926 3107 967 3139 19
993 3103 1200 3149 apellatum
1227 3104 1260 3139 G
1279 3105 1290 3150 ΙΙ
1309 3108 1355 3139 20
1380 3103 1539 3139 refflexit
1563 3103 1697 3149 Η1122
1724 3103 2032 3148 quotiescumque

330 3154 367 3189 R
385 3156 397 3200 ΙΙ
414 3152 583 3199 iungitur
607 3152 641 3187 L
660 3154 671 3198 ΙΙ
691 3156 735 3187 23
761 3154 804 3187 ut
828 3151 943 3187 etiam
967 3153 1010 3186 ut
1033 3150 1064 3186 si
1091 3150 1131 3185 F
1145 3153 1157 3195 ΙΙ
1177 3152 1233 3185 est
1257 3162 1323 3187 om.
1350 3151 1385 3186 L
1410 3149 1644 3195 (femininum
1671 3150 1721 3185 sit
1744 3151 1770 3195 l)
1788 3151 1801 3196 ΙΙ
1829 3154 1875 3185 24
1900 3151 1950 3186 ad
1974 3163 2033 3185 Pa-

330 3213 434 3237 nmvs
460 3213 492 3235 R.
527 3211 627 3245 supr.
653 3210 740 3235 vers·
766 3210 834 3244 pro
865 3199 1001 3244 pedum
1034 3199 1218 3233 rectorum
1246 3198 1280 3232 T
1312 3199 1325 3243 ΙΙ
1362 3202 1406 3233 26
1432 3210 1624 3237 vnnsmqvn
1650 3211 1683 3234 v.
1710 3211 1734 3232 1.
1767 3198 1837 3233 hoc
1869 3198 1927 3233 est
1951 3225 1960 3234 .
1987 3226 1996 3234 .
2022 3223 2031 3233 .

330 3249 574 3284 trahebantur
598 3247 637 3282 id
663 3249 721 3282 est
745 3250 876 3282 contra
900 3257 927 3282 e.
953 3258 984 3292 q.
1010 3257 1037 3282 s,
1065 3244 1111 3280 F.
1148 3246 1219 3280 hoc
1246 3247 1303 3281 est
1329 3273 1336 3281 .
1359 3274 1366 3281 .
1389 3273 1395 3279 .
1422 3246 1668 3281 trahebantur
1691 3245 1806 3281 edidit
1825 3244 2033 3291 Stephanus
