2092 3614
591 241 742 278 COMM.
769 241 822 277 IN
847 240 992 278 VERG.
1019 241 1129 275 AEN.
1156 240 1226 275 XII
1255 244 1357 275 1-7.
1742 237 1830 280 575

116 354 261 395 autem
306 352 488 408 ‘pectus'
528 352 722 394 saucium
759 353 910 407 pectus
947 350 1132 401 habens,
1177 353 1225 392 ut
1261 349 1331 405 <V
1367 348 1479 403 135>
1523 349 1833 402 nudatosque

115 437 310 466 umeros
353 425 454 466 oleo
490 424 704 478 perfusa
745 423 965 465 nitescit.
1026 424 1070 463 et
1116 422 1222 463 bene
1262 420 1349 463 alia
1387 421 1520 463 verba
1557 419 1832 475 interposuit,

117 495 219 550 quia
252 494 437 537 ‘saucius
471 493 637 549 pectus'
671 497 716 536 ei:
747 494 931 536 sonabat
961 493 1214 548 asperrime,
1251 495 1294 534 et
1325 492 1524 547 inperitis
1557 493 1730 546 poterat
1762 505 1831 532 so-

119 560 350 609 loecismus
383 566 530 608 v‘ideri.
585 567 624 607 et
653 564 833 608 ‘saueius
855 564 1012 619 pectus'
1045 578 1229 618 confine,
1259 565 1306 605 in
1337 578 1416 617 quo
1451 564 1587 605 Turni
1616 563 1732 605 dolor
1762 565 1831 604 est.

177 649 321 680 GRAVI
354 649 570 680 VVLNERE
610 636 767 691 ‘yravi'
806 637 852 678 id
889 639 947 678 est
984 635 1108 689 forti,
1146 638 1194 676 ut
1225 634 1371 690 <458>
1404 634 1531 677 ferit
1564 649 1683 676 ense
1715 648 1830 690 gra·
1857 641 1879 693 ξ)

118 724 226 752 vem
265 709 619 764 Thymbraeus
659 707 862 751 Osirim.
923 706 1174 750 ‘venantum’
1214 710 1351 748 autem
1389 705 1584 747 ‘vulnere’
1622 706 1731 759 quod
1768 719 1832 747 ve-

117 784 263 822 nantes
290 780 482 833 fecerunt.

238 853 276 894 6.
326 864 421 894 TVM
454 863 622 894 DEMVM
662 851 913 905 novissime,
951 851 993 892 id
1034 852 1100 893 est
1138 852 1371 905 postquam
1403 847 1535 890 fuerit
1567 849 1740 890 vulnere
1774 849 1833 890 la-

119 923 319 966 cessitus:
351 922 464 966 ‘haec
503 923 617 965 enim
658 923 828 965 leonum
869 924 1025 964 natura
1057 924 1140 976 est,
1179 923 1227 963 ut
1257 920 1343 962 nisi
1375 920 1567 962 lacessiti
1600 920 1729 961 irasci
1761 934 1832 961 ne-

119 997 290 1051 queant.
382 1007 541 1038 MOVET
573 998 709 1037 autem
742 1006 871 1036 ARMA
903 995 1016 1036 vires
1049 1008 1149 1035 suas
1184 993 1417 1048 experitur:
1448 1006 1551 1033 nam
1585 1006 1706 1033 arma
1732 993 1833 1033 sunt,
1861 1001 1904 1031 10

119 1066 452 1122 uniuscuiusque
484 1067 546 1109 rei
577 1065 862 1121 possibilitas,
893 1065 1004 1108 unde
1038 1067 1105 1107 est
1135 1063 1205 1118 <II
1237 1064 1324 1118 99>
1358 1066 1409 1105 et
1439 1076 1684 1119 quaerere
1717 1078 1832 1105 con-

121 1138 258 1180 scius
291 1153 447 1191 arma,
485 1139 528 1180 id
561 1140 628 1179 est
660 1137 794 1179 dolos.
857 1140 915 1180 est
944 1141 1080 1179 autem
1113 1135 1258 1178 ‘movet
1286 1134 1422 1177 arma’
1454 1136 1578 1177 etiam
1616 1135 1834 1178 translatio

120 1210 171 1253 ab
202 1209 445 1265 hominibus,
476 1210 548 1263 qui
579 1223 671 1250 cum
702 1208 853 1251 hostem
877 1212 1034 1264 petunt,
1065 1221 1188 1250 arma
1219 1221 1373 1250 movere
1403 1208 1617 1249 dicuntur:
1649 1207 1708 1248 sic
1732 1206 1835 1248 alibi

119 1282 167 1324 de
198 1285 318 1323 tauro
348 1281 495 1335 siyna
525 1283 678 1322 movet
699 1293 1033 1334 praecepsque
1063 1280 1270 1322 oblitum
1299 1279 1465 1332 fertur
1495 1279 1558 1321 in>
1578 1278 1773 1320 hostem.

120 1370 168 1395 aa
179 1369 300 1400 murro
310 1370 355 1395 νε
391 1366 461 1406 spe
499 1352 680 1394 ultionis.
736 1354 774 1392 et
811 1351 978 1393 (licendo
1020 1349 1208 1405 ‘caudet’
1246 1351 1505 1392 alacritatem
1541 1349 1670 1391 voluit
1707 1350 1835 1391 leonis
1867 1358 1906 1390 15

119 1424 344 1478 exprimere
376 1424 525 1477 ¹qaudii
562 1423 689 1464 verbo.
752 1425 925 1464 ceterum
962 1422 1073 1463 nulli
1100 1422 1289 1475 ferarum
1320 1422 1381 1463 ccl
1407 1421 1607 1475 pecudum
1638 1422 1713 1463 iste
1743 1435 1833 1463 sen-

118 1509 189 1538 sus
219 1496 453 1551 adponitur.

245 1567 283 1610 7.
332 1584 406 1609 exc
415 1583 550 1610 vrzfflvs
582 1583 653 1609 oen
663 1583 748 1609 νιοΕ
781 1582 897 1609 ronos
929 1566 1076 1608 cervice
1113 1566 1341 1608 excutiens:
1382 1579 1439 1607 an
1475 1579 1574 1618 quos
1612 1566 1659 1607 in
1698 1565 1844 1607 cervice

125 1638 273 1681 habet?
396 1649 628 1680 LATRONIS
660 1638 938 1691 insidiatoris,
975 1651 1003 1678 a
1035 1637 1216 1687 latendo;
1257 1638 1328 1678 sed
1358 1636 1485 1678 modo
1519 1637 1747 1678 venatoris.
1799 1639 1842 1678 eb

125 1712 193 1752 est,
231 1709 462 1752 Graecum:
512 1723 612 1750 nam
657 1706 888 1762 λατρεύειν
933 1708 1082 1750 dieunt
1125 1708 1304 1763 obsequi
1351 1711 1393 1749 et
1432 1708 1592 1750 servire
1634 1707 1839 1762 mercede,
1865 1718 1911 1749 20

126 1781 236 1823 unde
276 1781 469 1823 latrones
506 1783 712 1822 vocantur
744 1779 943 1822 conducti
976 1780 1149 1821 milites.
1211 1779 1342 1821 moris
1377 1781 1521 1821 autem
1554 1783 1649 1822 erat
1679 1783 1728 1822 ut
1759 1779 1840 1822 hos

124 1853 362 1909 imperator
400 1855 443 1894 et
482 1852 595 1894 circa
637 1866 682 1894 se
713 1851 893 1893 haberet
925 1853 968 1893 et
998 1864 1063 1893 eos
1093 1851 1257 1906 primos
1290 1851 1483 1892 mitteret,
1514 1851 1566 1892 ad
1600 1865 1726 1893 omne
1759 1851 1841 1893 dis-

125 1925 304 1967 crimen:
349 1924 460 1966 unde
505 1939 617 1965 nunc
661 1923 766 1965 dicit
806 1923 988 1965 latronis
1030 1922 1118 1963 telo
1159 1922 1291 1963 fixum
1333 1922 1521 1977 leonem,
1568 1922 1670 1977 quia
1709 1922 1841 1964 etiam

126 1998 353 2038 venatores
395 2009 546 2051 operas
587 2009 686 2037 suas
724 1994 867 2037 locare
906 1996 1180 2037 consuerunt.
1242 1994 1301 2035 sic
1338 1994 1462 2035 etiam
1501 1994 1601 2036 dieti
1630 1994 1703 2047 qui
1733 1995 1843 2036 eirea

125 2068 215 2110 vias
245 2070 353 2122 sunt,
383 2068 494 2120 quod
521 2070 569 2108 ut
598 2067 748 2109 milites
778 2070 876 2109 sunt
906 2080 998 2109 cuni
1026 2067 1150 2121 ferro,
1182 2068 1257 2107 aut
1286 2066 1395 2119 quod
1424 2066 1551 2108 latent
1580 2066 1638 2107 ad
1666 2066 1843 2108 insidias
1867 2076 1914 2107 25

223 2201 243 2232 9
270 2196 361 2231 haee
390 2224 396 2231 .
418 2223 427 2232 .
447 2224 455 2232 .
483 2196 685 2242 nequeant]
714 2195 759 2231 cf.
785 2195 870 2231 Isid.
899 2207 950 2231 or.
977 2195 1046 2231 XII
1073 2199 1106 2240 2,
1133 2196 1185 2240 611
1215 2181 1267 2230 14ι
1286 2194 1409 2241 signa]
1436 2206 1563 2242 georg.
1591 2194 1643 2229 III
1670 2199 1739 2230 236
1758 2197 1770 2241 ΙΙ
1799 2199 1840 2230 19

127 2243 559 2328 Ldffiizogzglsbingigiatoris
591 2255 622 2279 e.
649 2255 684 2288 q.
713 2243 756 2289 s.]
792 2243 837 2279 cf.
865 2242 968 2280 Paul.
995 2243 1092 2279 Fest.
1121 2255 1148 2278 3.
1174 2255 1207 2279 v.
1236 2244 1416 2287 latrones,
1451 2242 1535 2279 Isid.
1563 2253 1614 2278 or.
1641 2242 1673 2276 X
1703 2246 1768 2278 159
1804 2245 1843 2306 et.

228 2416 245 2446 1
273 2412 403 2456 pectus
428 2410 467 2446 id
494 2412 551 2446 est
577 2408 743 2446 saucium
773 2410 821 2444 M
855 2411 868 2455 ΙΙ
905 2410 1071 2445 saucium
1103 2411 1234 2456 pectus
1260 2421 1326 2446 om.
1354 2408 1395 2444 F
1428 2411 1440 2456 ΙΙ
1478 2413 1498 2443 3
1525 2408 1743 2454 solyeismus
1770 2409 1810 2444 F
1831 2410 1843 2457 Η

132 2463 152 2494 5
179 2458 304 2505 gravi]
330 2457 478 2504 grauidi
504 2458 543 2493 F
565 2459 577 2504 ΙΙ
605 2462 626 2493 6
639 2458 894 2512 'thymbraeus
921 2458 986 2493 Μ·
1011 2458 1081 2503 thy
1085 2457 1231 2493 mbreus
1258 2458 1338 2493 AR
1375 2458 1576 2503 hymbreus
1602 2457 1647 2492 H
1679 2458 1842 2502 tymbre-

131 2518 192 2542 sus
219 2506 260 2541 F
283 2508 296 2552 [Ι
327 2505 455 2542 osirim
481 2506 534 2541 R·
561 2506 675 2542 osirin
699 2505 891 2550 ASHM,
916 2516 982 2540 om
1009 2506 1057 2540 F
1078 2507 1089 2551 ΙΙ
1120 2506 1169 2541 ad
1194 2508 1398 2541 venantum
1423 2516 1450 2540 3.
1476 2516 1509 2540 υ.
1535 2505 1636 2550 quod
1663 2508 1842 2540 uenantes

130 2554 301 2590 fecerunt
328 2555 360 2589 T
376 2555 388 2599 ΙΙ
419 2558 440 2589 8
466 2554 617 2589 vulnere
643 2553 865 2599 lacessitus]
882 2554 1100 2588 uulneratus
1127 2553 1166 2588 1«
1189 2555 1200 2600 ΙΙ
1233 2557 1254 2588 9
1279 2552 1457 2599 lacessiti]
1483 2551 1577 2587 laesi
1602 2552 1723 2587 ASF
1739 2554 1750 2598 ΙΙ
1779 2564 1842 2587 ne-

132 2602 285 2648 queant]
311 2601 348 2637 id
376 2603 434 2636 esi
459 2601 597 2636 irritati
623 2602 662 2636 et
685 2601 880 2647 provocati
906 2602 989 2636 add
1017 2601 1223 2646 Stephanus
1241 2603 1254 2647 ΙΙ
1276 2605 1317 2636 12
1344 2600 1542 2635 translatio
1569 2602 1627 2635 est
1652 2601 1700 2635 ab
1725 2600 1842 2635 homi-

132 2650 267 2684 nibus.
319 2648 418 2684 ,iste
444 2659 572 2684 sensus
599 2648 802 2694 apponitur
825 2649 906 2683 hab.
926 2649 959 2683 T
976 2650 988 2695 ΙΙ
1009 2653 1052 2683 13
1080 2651 1186 2684 hoste
1207 2649 1246 2683 F
1263 2650 1275 2694 ΙΙ
1295 2649 1466 2683 dicuntur
1485 2659 1589 2682 arma
1609 2659 1759 2682 mouere
1784 2648 1816 2681 Τ
1833 2648 1844 2694 Η

133 2696 324 2742 dicuntur]
351 2697 420 2731 dfis
446 2696 486 2730 F
501 2696 514 2740 ΙΙ
535 2699 578 2731 14
602 2707 808 2741 pr.aeceps
861 2696 1038 2732 ,hostem
1063 2707 1127 2733 om.
1148 2696 1181 2731 Τ
1195 2698 1207 2743 ΙΙ
1229 2700 1271 2731 15
1298 2695 1525 2741 omnm-ova]
1552 2695 1692 2740 gaudet
1717 2697 1843 2730 autem

138 2744 170 2779 T
189 2745 202 2790 ΙΙ
228 2744 354 2779 leones
382 2743 422 2778 F
442 2746 455 2789 ΙΙ
486 2747 529 2778 16
556 2744 716 2778 ceteram
745 2743 784 2778 F
805 2745 818 2788 l}
851 2746 894 2778 18
921 2745 970 2778 ad
994 2756 1100 2779 Τοιιοε
1126 2754 1153 2779 3.
1179 2757 1211 2780 v.
1239 2743 1441 2779 eminentia
1467 2742 1667 2777 cuiuslibet
1692 2742 1746 2777 rei
1771 2741 1844 2777 tori

133 2792 306 2827 dicuntur
335 2791 367 2826 T
395 2792 407 2836 ΙΙ
448 2795 488 2826 19
516 2791 565 2826 ad
589 2802 758 2825 mmoms
783 2802 811 2826 3.
837 2801 869 2826 υ.
898 2795 931 2826 et
954 2792 996 2826 in
1020 2802 1132 2837 marq.
1160 2792 1361 2827 uenatoris.
1402 2791 1440 2825 et
1466 2801 1488 2824 a
1512 2789 1665 2825 latendo
1691 2790 1843 2825 insidia-

133 2839 224 2875 toris
251 2840 378 2884 accipe
404 2838 551 2884 proprie
578 2838 730 2874 dictum.
769 2838 989 2874 dicebantur
1015 2839 1128 2874 etiam
1154 2839 1318 2874 latrones
1343 2838 1406 2884 qui
1428 2838 1526 2873 οιιοει
1548 2848 1680 2872 caueae
1701 2839 1844 2882 speeta-

133 2888 226 2922 banb
251 2888 350 2932 quod
376 2889 420 2921 ut
444 2885 584 2920 milites
611 2897 695 2921 cum
725 2886 823 2920 ferro
855 2887 980 2921 essent
1011 2886 1172 2922 latentes
1205 2890 1271 2922 aut
1303 2887 1401 2932 quod
1428 2886 1591 2920 latereni
1616 2885 1663 2920 ad
1688 2885 1844 2920 insidias

134 2934 325 2970 faciendas
346 2934 380 2968 T
396 2935 407 2980 ΙΙ
427 2937 472 2968 20
498 2933 694 2977 λατρεύειν
721 2932 865 2979 dicuni]
891 2934 1037 2969 latrone
1063 2934 1260 2979 (latronem
1282 2934 1325 2978 S)
1351 2932 1571 2968 ueindicunt
1590 2932 1663 2967 AS
1696 2944 1843 2968 ΛΛοΛςε-

136 2995 197 3016 nm
222 2982 351 3017 dicunt
376 2981 412 3016 R
455 2981 600 3016 lathase
633 2980 803 3015 uidicunt
827 2980 872 3015 H
909 2980 1105 3016 latronoue
1138 2982 1267 3017 dicunt
1293 2981 1342 3015 M
1381 2981 1587 3015 latereuein
1617 2980 1746 3015 dicunt
1772 2980 1845 3014 F=1

137 3028 307 3074 obsequii
335 3029 402 3075 Fu
421 3029 628 3064 mercedem
655 3028 774 3063 ASH
793 3029 805 3074 ΙΙ
829 3032 874 3062 21
902 3029 1044 3075 autem]
1071 3030 1168 3064 enim
1196 3028 1276 3064 AR
1295 3030 1306 3075 ΙΙ
1331 3032 1375 3063 23
1405 3027 1542 3063 dicitur
1567 3028 1603 3062 R
1622 3029 1633 3074 ΙΙ
1659 3031 1705 3062 24
1730 3017 1847 3062 locari

136 3077 186 3112 M
200 3078 211 3123 ΙΙ
230 3079 503 3112 consueuerant
528 3076 568 3110 F
583 3077 595 3121 ΙΙ
614 3075 727 3110 etiam
754 3086 820 3110 om.
843 3075 892 3118 F,
917 3087 935 3111 e
963 3076 1167 3130 Turonensi
1191 3077 1275 3111 add.
1299 3076 1437 3110 Daniel
1455 3077 1467 3120 ΙΙ
1495 3074 1560 3119 qui
1586 3075 1685 3109 circa
1710 3085 1846 3109 caueae

138 3125 225 3158 sunt
249 3123 341 3159 dicti
362 3123 416 3169 F3
444 3123 537 3159 dicti
562 3124 790 3168 transposuit
808 3123 965 3167 Daniel,
991 3123 1090 3160 circa
1115 3125 1194 3159 vias
1219 3135 1287 3159 ser.
1304 3123 1522 3158 Masvicius.
1555 3123 1600 3165 ef.
1618 3122 1657 3156 F
1656 3125 1716 3156 est
1736 3123 1846 3156 Paul.

135 3182 163 3207 3.
183 3182 216 3206 υ.
243 3172 400 3206 latrones
425 3174 458 3207 et
484 3172 578 3206 Isid
605 3181 656 3206 or.
678 3170 711 3204 X
734 3172 831 3216 15911
861 3174 907 3206 25
933 3172 1026 3206 sunt
1045 3173 1144 3218 (ante
1163 3172 1261 3216 cum)
1282 3181 1360 3216 eqo.
1387 3171 1489 3205 stent
1508 3169 1664 3214 Daniel,
1690 3180 1760 3204 om.
1773 3169 1812 3203 F
1834 3169 1846 3217 11

137 3219 283 3254 lateant
307 3219 446 3254 Daniel
473 3220 486 3265 ΙΙ
517 3218 677 3254 snsidias
703 3217 744 3253 F
