2092 3614
272 1015 315 1046 10

271 1372 313 1404 15

268 1730 314 1761 20

268 2088 314 2119 25

339 253 428 295 270
1114 251 1274 288 SERVII

340 361 421 403 fati
457 361 713 403 necessitate
749 361 912 404 factum
951 363 1017 403 est
1053 362 1102 402 ut
1141 360 1328 415 venires3
1371 360 1571 403 fortunae
1609 361 1862 403 beneficium
1901 363 1949 403 ut
1985 361 2051 403 illi

341 433 491 475 ducem
522 433 753 488 requirant.
816 433 1001 489 legimus
1034 446 1137 488 ergo
1170 434 1212 474 et
1245 431 1408 474 ‘adfer'
1443 435 1486 474 et
1518 432 1718 475 ‘adfers'.
1935 476 1937 479 .

458 505 559 547 478.
607 521 718 547 HAVD
750 521 895 547 moon
927 521 1024 547 ΗιΝσ
1049 507 1097 546 ut
1125 504 1187 545 ire
1217 504 1255 545 ei
1282 503 1407 556 facile
1428 505 1688 558 persuadeat.
1780 515 1897 546 SAxo
1924 515 2050 546 com-

340 587 433 618 TVR
471 586 697 618 FVNDATA
734 587 947 618 VETvs'ro
986 576 1165 630 antiquo
1205 589 1353 630 opere,
1397 578 1446 617 ut
1478 574 1572 630 <ΙΙΙ
1605 575 1690 630 84>
1734 575 1928 630 templa
1971 574 2051 617 dei

341 661 464 690 saxo
497 648 783 691 venerabar
815 649 1014 689 structa
1044 648 1267 689 vetusto.

457 719 556 761 479.
607 731 742 762 VRBIS
784 730 1054 761 AGYLLINAE
1096 729 1241 761 SEDES
1284 732 1394 773 quae
1437 732 1551 760 nune
1589 717 1723 761 Caere
1765 717 1932 760 dieitur.

338 801 482 831 LYDIA
508 802 738 841 QVONDAM
764 802 885 834 GENS
918 790 1152 846 ‘quondam
1178 788 1364 841 insedit',
1395 804 1484 832 non
1516 788 1749 845 ‘quondam
1779 789 1895 831 bello
1927 803 2050 843 prae—

340 860 498 903 clara':
539 877 643 904 nam
684 862 818 905 etiam
848 865 952 904 tuno
982 862 1174 904 florebat.
1232 875 1334 904 sane
1367 861 1498 903 etiam
1530 876 1660 916 supra
1692 861 1766 916 <II
1799 860 1912 915 781>
1945 860 2051 902 dixi-

339 947 453 988 mus,
490 931 735 975 Maeoniam
766 933 1033 989 provineiam
1065 948 1170 976 esse.
1219 933 1337 975 cuius
1369 932 1470 974 dum
1501 932 1695 975 brevitas
1735 932 1841 974 duos
1879 931 2049 987 fratres,

341 1003 510 1059 Lydum
549 1007 593 1046 et
624 1004 920 1060 Tyrrhenum,
957 1004 1069 1046 ferre
1106 1019 1195 1047 non
1232 994 1398 1059 posset,
1436 1018 1487 1045 ex
1525 1006 1640 1046 sorte
1672 1003 1921 1059 Tyrrhenus
1953 1017 2050 1045 eum

339 1075 509 1131 ingenti
541 1076 818 1118 multitudine
849 1076 1069 1131 profectus
1094 1079 1154 1118 est
1176 1079 1216 1118 et
1243 1077 1411 1130 partem
1437 1075 1590 1118 Italiae
1622 1075 1763 1117 tenuit
1795 1077 1838 1117 et
1863 1074 2051 1129 Tyrrhe-

338 1147 456 1188 niam
487 1147 742 1190 nominavit.
802 1147 850 1189 hi
881 1147 954 1189 diu
985 1147 1216 1202 piraticam
1249 1148 1547 1199 exercuerunt,
1578 1148 1627 1188 ut
1658 1146 1787 1188 etiam
1819 1143 1969 1187 Cicero
2002 1144 2049 1186 in

340 1217 575 1261 Hortensio
614 1218 758 1274 docet,
796 1232 894 1260 cum
931 1218 1127 1273 captivos
1159 1217 1285 1261 novis
1317 1217 1469 1272 poenis
1502 1217 1776 1274 adfligerent,
1813 1217 2051 1260 occisorum

340 1303 413 1331 eos
460 1289 696 1345 religantes
742 1289 1034 1332 cadaveribus.
1097 1289 1211 1344 quod
1255 1287 1476 1344 Vergilius
1521 1288 1595 1331 dat
1637 1287 1869 1342 Mezentio,
1911 1287 2051 1329 sciens

339 1361 499 1403 lectum
543 1375 637 1403 esse
680 1360 732 1403 de
777 1363 906 1416 gente
944 1360 1278 1416 Tyrrhenorum.
1342 1374 1445 1402 sane
1488 1358 1563 1401 illo
1603 1361 1799 1414 tempore
1836 1358 2051 1414 Tyrrheni

339 1432 444 1475 dieti
481 1434 601 1487 sunt,
641 1435 742 1487 post
772 1432 901 1474 Tusci
932 1427 1020 1474 ἀπὸ
1052 1432 1133 1474 τοῦ
1164 1428 1311 1474 θύειν.
1372 1430 1484 1485 Lydi
1523 1432 1669 1472 autem
1701 1445 1727 1472 a
1758 1429 1899 1486 Lydo,
1935 1429 2051 1486 reg-is

339 1504 492 1559 fratre,
526 1504 599 1559 qui
630 1503 675 1546 in
706 1503 932 1559 provincia
963 1506 1243 1546 remanserat.
1305 1505 1342 1544 et
1372 1491 1546 1557 ‘Lydia'
1575 1502 1791 1556 provincia
1813 1501 2051 1556 positivum,

340 1574 509 1630 ‘Lydia’
537 1589 637 1630 qens
666 1576 936 1618 derivaavum
958 1589 1040 1629 pro
1072 1573 1279 1630 ‘Lydica’.
1327 1587 1427 1615 sane
1457 1573 1564 1615 hanc
1593 1573 1792 1627 Ayyllam
1822 1572 1992 1626 quidam
2023 1586 2052 1614 α

339 1647 511 1702 Pelasyo
548 1647 755 1690 conditam
791 1648 948 1699 dievmt,
993 1647 1071 1689 alii
1107 1660 1135 1687 a
1175 1645 1387 1699 Teleyono,
1430 1645 1508 1687 alii
1547 1658 1575 1686 α
1616 1644 1842 1699 Tyrrheno,
1888 1643 2052 1698 Telephi

338 1719 438 1773 filio.
502 1717 691 1762 ‘insedit’
732 1722 869 1761 autem
899 1718 1119 1761 seeundum
1149 1717 1399 1760 Sallustium
1436 1718 1642 1758 montem
1677 1729 1871 1758 sacrum
1907 1718 2051 1769 alque

339 1790 643 1833 Aventinum
672 1791 867 1834 insedit.

458 1863 558 1905 482.
607 1879 751 1905 SAEVIS
782 1879 928 1906 ΤΕΝνῙΤ
954 1878 1175 1904 MEZENTIVS
1205 1877 1326 1903 ARMIS
1355 1861 1463 1903 unde
1493 1860 1559 1902 illi
1589 1860 1722 1914 mayis
1752 1858 1916 1913 indiyni
1942 1858 2051 1900 inm-

338 1935 433 1989 riis,
470 1948 646 1988 quorum
674 1947 856 1989 persona
894 1934 1076 1976 laudata.
1137 1936 1175 1975 el
1210 1932 1281 1974 hoc
1305 1932 1491 1986 positum
1527 1934 1601 1987 esi,
1640 1934 1689 1973 ut
1723 1930 1958 1973 ostendatur
1993 1943 2052 1972 an

338 2006 437 2048 utile
467 2006 554 2048 illis
583 2006 639 2048 sil
667 2006 783 2060 iunyi
814 2005 986 2048 Aeneae.

458 2077 557 2120 483.
608 2088 722 2127 QVID
755 2088 988 2119 MEMOREM
1020 2086 1255 2118 INFANDAS
1295 2085 1474 2116 GAEDES
1513 2073 1654 2129 figura
1692 2072 1900 2129 oratoria,
1941 2086 2050 2128 quae

339 2148 573 2204 paralipsis
605 2150 802 2190 vocatur:
835 2146 984 2190 Cicero
1016 2162 1131 2189 nam
1162 2147 1260 2188 illa
1291 2145 1443 2187 nimis
1476 2145 1691 2199 antiqua
1720 2145 2000 2198 praetereo.

458 2219 559 2262 484.
607 2229 791 2261 EFFERA
823 2221 1010 2261 cruenta.
1132 2229 1184 2259 DI
1217 2228 1369 2259 CAPITI
1401 2227 1544 2258 IPSIVS
1576 2218 1624 2257 ut
1656 2214 1727 2270 <ΙΙ
1762 2214 1874 2270 19Ο>
1894 2259 1897 2261 ,
1916 2214 2049 2270 quod

340 2290 388 2331 di
419 2290 563 2345 prius
597 2304 741 2332 omen
772 2290 823 2332 in
855 2290 1023 2344 ipsum
1054 2290 1375 2332 convertant.
1434 2287 1597 2341 quando
1628 2287 1737 2329 enim
1766 2286 1952 2329 volumus
1982 2299 2048 2327 ex-

435 2434 457 2466 8
484 2441 572 2467 sane
599 2429 714 2467 etiam
739 2455 748 2465 .
770 2460 777 2467 .
802 2458 808 2466 .
834 2430 1058 2476 nominavit]
1086 2430 1131 2465 ef.
1158 2428 1245 2465 Isid.
1272 2439 1323 2464 or.
1345 2427 1429 2463 XIV
1450 2431 1483 2471 3,
1503 2430 1548 2462 43
1569 2428 1581 2473 ΙΙ
1603 2430 1644 2461 12
1672 2425 1799 2462 Cicero
1824 2426 1863 2462 in
1888 2426 2047 2461 Horten-

339 2478 413 2524 sio]
438 2478 572 2524 fragm.
594 2481 638 2512 92
664 2490 700 2523 p.
722 2481 790 2513 987
812 2477 871 2513 Or.
891 2480 904 2525 ΙΙ
925 2481 968 2512 19
989 2489 1012 2512 a
1031 2477 1222 2521 'l'yrrheno
1242 2475 1399 2520 Telephi
1425 2474 1519 2520 filio]
1548 2475 1593 2511 ef.
1621 2485 1750 2510 comm.
1778 2474 1865 2509 Luc.
1892 2474 1927 2508 II
1946 2477 2015 2508 210
2036 2473 2048 2519 Η

339 2530 385 2561 20
405 2526 607 2561 secundum
628 2525 864 2572 Sallustium]
893 2525 979 2561 hist.
1001 2525 1018 2558 I
1038 2528 1058 2560 9
1079 2523 1257 2568 Dietsch„
1283 2523 1299 2557 Ι
1322 2527 1365 2558 10
1386 2521 1500 2558 Kritz.
1521 2523 1532 2568 ΙΙ
1552 2526 1596 2557 26
1617 2521 1761 2567 Cicero]
1783 2521 1822 2556 in
1842 2520 1922 2557 Cat.
1941 2522 1958 2556 I
1981 2525 2011 2566 1,
2026 2525 2065 2567 3>

438 2661 456 2691 1
483 2655 565 2692 fata
589 2656 630 2691 F
645 2657 657 2701 ΙΙ
685 2655 946 2699 necessitatem
974 2656 1010 2690 A
1029 2657 1042 2700 ΙΙ
1069 2653 1196 2690 uenire
1221 2654 1261 2688 F
1276 2655 1289 2699 ss
1313 2652 1488 2688 benefitio
1514 2653 1548 2687 L
1572 2654 1584 2699 ΙΙ
1615 2657 1636 2688 2
1663 2651 1768 2687 adfer
1793 2651 1929 2687 ASH:
1956 2650 2047 2687 affer

339 2704 408 2740 Ra
445 2703 577 2740 afferat
602 2704 635 2738 L
660 2703 830 2748 (afferaet
854 2704 880 2748 l)
918 2703 1040 2738 adfert
1067 2703 1117 2737 M
1152 2701 1297 2737 adferes
1318 2699 1359 2735 F
1373 2702 1386 2746 ΙΙ
1405 2700 1514 2736 affers
1534 2699 1644 2735 RLa
1663 2701 1675 2746 ΙΙ
1694 2703 1715 2734 6
1742 2710 1837 2744 quae
1863 2727 1870 2734 .
1893 2727 1901 2736 .
1922 2728 1930 2735 .
1957 2698 2046 2733 dici-

339 2752 415 2798 tur]
443 2763 539 2798 quae
564 2750 805 2787 nuncreditur
825 2750 866 2785 F
880 2751 892 2796 ss
912 2761 994 2785 cere
1021 2750 1108 2785 libri
1126 2752 1274 2794 praeter
1293 2748 1333 2783 F
1349 2750 1360 2794 ΙΙ
1381 2752 1400 2783 7
1427 2748 1542 2794 bello]
1569 2748 1609 2783 in
1632 2747 1731 2782 bello
1751 2746 1836 2781 LH
1850 2747 1862 2792 ΙΙ
1881 2750 1902 2781 9
1928 2746 2046 2780 cuius-

340 2799 426 2834 dam
452 2799 616 2835 breuitas
643 2810 726 2834 cum
753 2798 846 2833 duos
872 2798 912 2832 F
945 2799 958 2843 ΙΙ
996 2801 1037 2831 11
1067 2797 1283 2842 tyrrhenam
1308 2795 1348 2830 F
1383 2797 1394 2842 ΙΙ
1433 2799 1475 2830 13
1507 2794 1637 2831 hensio
1662 2795 1699 2829 A
1737 2792 1899 2828 ortensio
1924 2792 2006 2827 LF
2034 2793 2046 2854 [J

339 2847 446 2883 novis
472 2857 538 2883 om.
565 2847 611 2881 H
636 2847 648 2893 ΙΙ
679 2844 875 2892 adfligeret
901 2845 949 2879 M
977 2846 989 2891 ΙΙ
1029 2849 1072 2879 14
1097 2843 1277 2889 uergilius
1304 2842 1384 2889 En
1423 2846 1464 2877 15
1492 2843 1537 2878 de
1562 2841 1810 2878 tin-benorum
1835 2841 1947 2886 gente
1973 2841 2043 2875 Ab

339 2894 385 2930 de
418 2895 680 2938 tyrrhenorum
713 2895 848 2939 agente
874 2891 915 2927 F
947 2893 960 2937 ΙΙ
997 2891 1272 2937 Tyrrhenorum
1305 2902 1371 2926 om.
1397 2890 1486 2925 LH
1511 2890 1611 2934 (add.
1637 2890 1664 2933 l)
1695 2890 1708 2933 ΙΙ
1747 2891 1789 2923 16
1823 2887 1908 2932 post
1934 2887 2045 2922 Tusci

339 2951 406 2977 om.
432 2941 468 2976 L
494 2942 592 2986 (add.
620 2943 645 2985 l)
665 2943 677 2988 ΙΙ
695 2941 815 2976 tuscia
839 2939 913 2975 AS
938 2942 1043 2984 (corr.
1070 2940 1108 2984 a)
1128 2939 1141 2985 ΙΙ
1169 2950 1274 2974 erem
1300 2939 1336 2973 A
1376 2949 1486 2974 evpen
1510 2937 1547 2972 R
1572 2938 1679 2982 (corr.
1703 2934 1856 2979 Daniel)
1896 2934 1979 2971 evin
2005 2935 2050 2969 H

340 3000 443 3024 orem
470 2989 521 3023 M
556 3000 661 3023 OYcffl
686 2989 726 3023 F
742 2989 754 3035 ΙΙ
785 2987 868 3024 lidii
894 2987 929 3022 R
953 2989 965 3031 ΙΙ
991 2998 1079 3032 rege
1106 2985 1217 3031 (regis
1243 2987 1269 3030 l)
1308 2985 1421 3020 fratre
1446 2984 1533 3019 LH
1564 2995 1652 3028 rege
1677 2982 1792 3017 fratre
1817 2982 1958 3026 tyrreni
1986 2982 2045 3025 M,

339 3037 425 3081 fort.
445 3040 536 3071 reete
554 3036 566 3081 ΙΙ
588 3041 629 3071 17
651 3036 743 3071 lidia
757 3035 798 3070 F
811 3037 824 3082 ΙΙ
846 3038 888 3070 18
914 3033 1008 3070 lidia
1021 3034 1060 3069 F
1075 3035 1088 3079 ΙΙ
1107 3032 1349 3068 diriuatiuum
1370 3031 1410 3067 F
1424 3032 1437 3077 ΙΙ
1455 3031 1595 3077 Lydica
1615 3029 1838 3064 Masvicius:
1865 3028 1959 3064 lidia
1978 3029 2018 3064 F
2042 3029 2046 3076 Ι

341 3083 496 3129 agillam
522 3082 564 3118 F
597 3082 814 3129 Agyllinam
833 3083 972 3118 Daniel
989 3083 1002 3127 ΙΙ
1023 3085 1065 3116 19
1091 3079 1262 3126 pellasgo
1283 3079 1325 3114 F
1339 3081 1351 3126 ΙΙ
1370 3080 1546 3124 telogono
1573 3077 1613 3113 F
1627 3079 1640 3122 ΙΙ
1658 3075 1767 3112 telesi
1791 3076 1841 3119 F,
1867 3077 2010 3112 correxi

341 3136 386 3167 22
412 3130 526 3177 unde]
553 3132 636 3175 fort.
664 3131 838 3166 videntur
862 3131 916 3166 vel
941 3131 1026 3164 sunt
1050 3129 1148 3163 enim
1167 3129 1179 3171 ΙΙ
1198 3131 1243 3161 26
1268 3126 1466 3171 paralipsis
1490 3124 1580 3161 AS:
1606 3123 1851 3170 paralempsis
1877 3124 2011 3169 reliqui

341 3181 552 3224 praeterr-eo
578 3178 628 3212 M
641 3179 653 3224 fl
672 3182 716 3214 27
743 3180 785 3213 ut
810 3179 867 3213 est
888 3177 929 3212 F
943 3178 957 3223 ΙΙ
976 3181 1020 3212 28
1046 3177 1095 3212 ad
1119 3187 1157 3210 m
1177 3186 1207 3208 c.
1227 3186 1252 3208 1.
1278 3184 1379 3218 supr.
1399 3183 1487 3209 vers.
1514 3171 1661 3217 quando
1685 3171 1859 3207 uolumus
1883 3170 2044 3217 indigni-

340 3228 459 3262 tatem
483 3225 538 3261 rei
564 3225 768 3271 exprimere
794 3224 902 3269 quasi
927 3222 1103 3260 commoti
1130 3220 1332 3258 auertimus
1359 3220 1564 3256 orationem
1587 3219 1620 3253 Τ
