2092 3614
574 241 725 278 COMM.
751 242 805 278 IN
829 240 972 278 VERG.
1000 242 1112 279 AEN.
1140 243 1192 278 XI
1216 246 1393 279 93—108.
1753 242 1842 286 489

125 354 235 408 quod
263 352 483 405 ‘orabant',
514 353 561 396 id
589 356 647 396 est
675 352 870 406 ayebasnt:
900 352 1009 395 ande
1038 356 1077 395 et
1106 356 1260 396 actores
1284 366 1507 396 causarum
1534 351 1743 396 ‘oratores'
1769 367 1841 408 ap-

119 425 345 480 pellantur.
467 436 590 468 VRBE
623 436 799 467 LA'rmA
830 438 909 480 pro
942 423 1134 480 ‘Latini',
1165 425 1209 467 id
1240 427 1306 467 est
1338 425 1426 479 [de]
1459 423 1776 468 Laurolavinio.

251 497 347 540 101.
398 508 572 540 VELATI
596 508 736 539 RAMIS
763 507 918 540 OLEAE
944 510 1032 538 non
1058 496 1276 539 coronati:
1301 511 1381 539 nec
1405 496 1521 538 enim
1546 497 1745 553 lugentes
1771 497 1843 540 de-

127 568 265 623 cebat,
295 572 343 612 ut
371 570 445 624 qui
470 583 548 623 pro
573 569 748 611 mortuis
770 568 1074 623 precabantwr:
1107 568 1183 611 sed
1214 568 1416 624 instructi
1448 570 1492 610 et
1518 568 1674 625 ornati,
1705 567 1751 611 id
1777 571 1843 611 est

127 641 179 692 Q
205 641 406 690 manibus
439 640 579 684 olivae
619 639 1013 688 ramos‘fereutes:
1054 639 1115 682 sio
1147 639 1364 683 Homerus
1404 636 1611 695 στέμματ’
1647 641 1762 696 ἔχων
1792 639 1842 683 ἐν
1869 648 1890 681 5

126 714 291 767 χερσίν.
337 711 504 755 ‘velari'
532 714 678 754 autem
704 711 850 754 ornari
876 713 920 753 et
944 711 1021 754 illo
1047 711 1144 754 loeo
1172 711 1390 768 signifieat
1415 710 1484 764 <V
1504 711 1621 766 366>
1649 711 1842 755 victori

126 784 353 826 velatum
386 799 508 826 auro
540 783 798 839 vittisque
829 783 1119 839 iuvencum,
1151 797 1248 826 eum
1273 783 1399 825 vittis
1425 797 1515 825 non
1541 785 1617 825 aut
1642 783 1841 826 velentur

125 858 202 898 aut
232 858 492 899 coronentur
517 855 734 910 victimae,
767 854 843 897 sed
875 857 1099 898 ornentur:
1131 858 1208 897 aul
1235 857 1337 897 certe
1368 853 1522 897 ‘velati'
1547 854 1599 897 ab
1629 855 1744 898 omni
1773 855 1838 898 in-

123 928 239 969 iuria
281 928 372 970 tecti
413 928 506 970 iure
543 927 739 982 yentium.
861 938 1138 978 VENIAMQVE
1180 938 1428 970 RoeAN'rEs
1471 926 1742 970 beneficium.
1803 930 1842 970 et

124 999 242 1042 iuxta
271 1000 489 1054 antiquum
520 999 686 1041 modum
716 998 869 1041 dictam
901 1002 969 1050 est,
999 998 1073 1042 hoc
1102 1002 1163 1042 est
1190 999 1445 1054 sepulturam
1475 999 1563 1042 suis
1584 1001 1778 1053 petentes.
1864 1008 1910 1040 10

247 1072 342 1115 102.
391 1082 545 1114 FERRO
578 1082 704 1121 QVAE
735 1081 851 1114 FVSA
885 1069 1012 1113 ‘fusa’
1045 1070 1174 1114 modo
1205 1070 1483 1126 interempta,
1522 1069 1630 1113 alias
1661 1070 1836 1127 fugata3

124 1143 197 1185 sed
224 1143 528 1186 discernuntur
553 1142 772 1198 epithetis,
803 1145 853 1185 ut
885 1142 920 1184 si
954 1142 1073 1185 dieas
1100 1142 1231 1185 ‘ferro
1258 1141 1407 1198 fusus',
1433 1142 1501 1185 vel
1528 1141 1663 1185 ‘metu
1688 1141 1837 1185 fusus’.

246 1215 341 1257 103.
392 1204 646 1257 REDDERET
680 1214 870 1257 ostendit
902 1213 990 1256 iam
1021 1228 1198 1270 campos
1229 1214 1275 1256 in
1305 1214 1591 1257 Troianorum
1632 1228 1726 1257 esse
1762 1229 1837 1269 po-

124 1288 294 1330 testate.

243 1358 340 1401 104.
388 1374 558 1401 NVLLVM
591 1374 674 1401 cn!
716 1374 838 1400 VICTIS
876 1374 1084 1401 GERTAMEN
1134 1358 1244 1414 deest
1297 1357 1393 1401 ‘esse
1448 1356 1655 1412 oportere'.
1776 1370 1836 1401 ΕΤ
1865 1366 1908 1398 15

120 1441 340 1473 ΑΕΤΗΕΒΕ
374 1440 528 1473 CASSIS
560 1430 606 1472 id
640 1432 699 1472 est
735 1429 821 1471 luce
856 1429 1021 1472 vacuis:
1059 1430 1171 1472 unde
1210 1431 1253 1472 et
1289 1429 1401 1472 retia
1431 1428 1607 1472 ‘casses'
1641 1429 1837 1485 dicimus,

121 1503 164 1544 et
196 1502 457 1545 vestimenta
489 1515 746 1544 araneorum
778 1514 922 1543 casses
955 1500 1168 1544 dicuntur.
1224 1501 1306 1545 hoe
1340 1502 1485 1544 autem
1516 1501 1625 1544 bene
1658 1501 1835 1558 addidit,

119 1574 232 1628 quod
264 1574 365 1617 vieti
396 1575 580 1629 possunt
611 1573 818 1616 innovare
850 1575 1081 1616 certamen.

243 1645 338 1688 106.
388 1662 515 1690 Bozvvs
545 1661 699 1689 AENEAS
733 1644 840 1696 ideo,
870 1645 972 1699 quia
1008 1645 1060 1688 ab
1090 1659 1133 1688 eo
1168 1645 1293 1698 facile
1323 1645 1581 1699 impetratur.
1702 1657 1834 1689 HAVD

119 1727 433 1760 ASPERNANDA
464 1715 598 1772 iusta,
636 1730 724 1759 non
763 1716 1097 1759 contemnenda:
1136 1717 1385 1772 sepulturae
1424 1716 1540 1759 enim
1578 1716 1835 1760 beneficium
1859 1725 1907 1758 20

119 1789 383 1845 generaliter
415 1788 594 1831 debetur
625 1787 851 1830 universis

241 1861 336 1903 107.
394 1877 511 1904 VENIA
547 1872 673 1914 quam
705 1859 916 1913 petebant:
954 1863 1029 1903 aut
1062 1859 1212 1903 ‘venia'
1245 1860 1512 1904 humanitate.
1634 1871 1834 1904 INSVPER

118 1945 266 1975 ADDI'r
308 1931 550 1975 accumulat
590 1930 734 1973 verbis
773 1930 1046 1988 beneficium,
1085 1931 1231 1975 dicens
1269 1946 1421 1988 pacem
1458 1947 1504 1975 se
1546 1933 1680 1975 etiam
1724 1932 1834 1976 vivis

119 2004 229 2046 velle
261 2005 495 2059 praestare.
539 2001 721 2058 epaeem'
755 2006 901 2046 autem
932 2003 1030 2047 ideo
1062 2004 1289 2060 defunctis,
1315 2004 1417 2060 quia
1442 2004 1505 2047 ait
1530 2019 1662 2061 supra
1688 2005 1834 2060 <104>

117 2075 314 2118 nullum
353 2090 463 2118 cum
494 2075 650 2117 victis
689 2077 968 2131 certamen,
1006 2078 1049 2118 et
1082 2078 1351 2119 mortuorum
1383 2091 1468 2132 pax
1501 2076 1724 2132 sepultura
1754 2078 1832 2120 est.
1858 2084 1904 2117 25

119 2146 232 2188 unde
258 2145 392 2202 elegit
415 2145 595 2188 verbum
613 2147 723 2200 quod
740 2146 944 2203 utrisque,
964 2150 1050 2189 tam
1068 2148 1172 2190 vivis
1196 2162 1323 2202 quam
1347 2147 1522 2191 mortuis
1547 2149 1697 2203 aptum
1722 2151 1832 2192 esset.

241 2218 336 2260 108.
387 2229 613 2268 QVAENAM
651 2220 813 2274 quanta
846 2220 889 2261 et
920 2218 1079 2274 qualis:
1115 2234 1218 2262 nam
1251 2218 1451 2262 mirantis
1485 2221 1568 2276 est3
1606 2233 1685 2262 nee
1716 2220 1827 2262 em'm

215 2374 236 2407 5
261 2370 459 2417 Homerus]
486 2371 527 2407 11.
554 2371 569 2406 I
595 2374 639 2406 14

216 2518 235 2550 1
262 2515 311 2550 ad
337 2525 515 2550 onAromzs
539 2525 567 2550 s.
594 2525 625 2550 v.
653 2524 759 2550 orare
785 2516 843 2557 est
868 2526 980 2562 agere
1005 2515 1092 2551 inde
1118 2515 1263 2551 actores
1290 2526 1485 2552 causarum
1511 2516 1677 2552 oratores
1703 2516 1829 2552 dicun-

119 2565 179 2598 tur
207 2562 240 2597 T
257 2563 270 2608 ΙΙ
297 2562 398 2607 quod
423 2562 596 2608 orabant]
623 2562 689 2607 qui
713 2562 921 2599 adorabant
946 2563 980 2599 G
998 2565 1010 2610 ΙΙ
1038 2564 1208 2599 auctores
1235 2562 1269 2598 G
1288 2564 1300 2609 ΙΙ
1330 2567 1351 2599 2
1379 2563 1425 2599 de
1451 2574 1517 2600 om.
1543 2563 1634 2599 RH
1652 2564 1666 2609 ss
1696 2568 1718 2600 3
1742 2575 1831 2600 nam

119 2610 286 2646 coronati
306 2609 345 2644 F
361 2610 373 2656 ΙΙ
392 2613 414 2645 4
438 2610 482 2645 ut
505 2608 596 2654 quia
614 2609 655 2645 F
670 2611 682 2656 ΙΙ
701 2614 722 2645 5
742 2610 839 2646 sicut
858 2611 898 2646 F
914 2612 926 2658 ΙΙ
945 2623 1128 2647 ετεΛΛΔΛΛ
1155 2622 1243 2646 exon
1269 2622 1310 2646 εΝ
1335 2622 1435 2647 >remu
1454 2611 1492 2647 R
1529 2622 1717 2648 creaaaar.
1744 2623 1830 2648 exo-

117 2668 189 2693 nen
207 2656 320 2702 xepui
339 2657 384 2691 H
411 2668 588 2693 creaaaar
608 2668 752 2693 exonen
771 2670 894 2694 xepcm
915 2660 965 2694 M
988 2669 1146 2694 cremum
1166 2670 1256 2694 exon
1274 2670 1399 2695 xerom
1418 2659 1459 2694 F
1475 2660 1487 2706 ΙΙ
1506 2663 1527 2694 6
1546 2659 1667 2695 velari
1684 2660 1829 2707 autem]

118 2705 180 2740 uel
205 2704 348 2740 amauit
371 2704 408 2740 R
426 2706 439 2751 ss
468 2708 487 2739 7
513 2715 589 2740 non
613 2707 656 2740 ut
681 2705 853 2741 uelentur
878 2707 952 2742 AS
989 2717 1064 2742 non
1087 2705 1189 2742 haud
1215 2705 1387 2742 uelentur
1413 2706 1454 2742 F
1468 2708 1481 2753 ΙΙ
1512 2710 1534 2742 8
1560 2708 1610 2743 ad
1633 2718 1666 2743 v.
1695 2711 1762 2743 101
1788 2708 1831 2744 in

117 2764 232 2798 mary.
259 2751 413 2797 quidam
439 2750 556 2787 uelati
581 2752 769 2798 accipiunt
793 2753 885 2789 tecti
910 2753 1055 2789 scilicet
1080 2754 1128 2790 ab
1152 2752 1291 2789 iniuria.
1313 2754 1394 2790 iure
1420 2754 1590 2800 gentium
1616 2755 1651 2789 T
1675 2756 1687 2801 ΙΙ
1719 2759 1739 2790 9
1765 2767 1829 2791 νε-

118 2813 205 2835 mAu
229 2800 424 2846 precantes
450 2799 523 2834 AS
559 2811 694 2835 venun
718 2813 750 2836 P.
775 2801 875 2835 HM
891 2802 903 2848 ΙΙ
922 2802 971 2837 acl
995 2813 1130 2837 vrum:
1154 2814 1188 2837 B.
1212 2813 1241 2837 s.
1261 2813 1293 2839 v.
1320 2802 1539 2838 beneficium
1565 2803 1605 2838 et
1628 2801 1734 2838 iuxta.
1759 2829 1768 2838 .
1790 2831 1799 2839 .
1820 2831 1828 2838 .

117 2849 288 2893 petentes
317 2847 350 2882 T
367 2849 379 2893 ΙΙ
406 2848 445 2882 et
469 2858 535 2883 om.
557 2846 597 2881 F
612 2847 625 2892 ΙΙ
655 2850 698 2882 10
723 2848 892 2894 modum]
921 2859 1063 2884 morem
1092 2848 1126 2884 T
1139 2850 1152 2896 ΙΙ
1171 2851 1229 2885 est
1246 2854 1332 2895 post
1357 2850 1500 2886 dictum
1526 2861 1591 2886 om.
1613 2850 1654 2885 F
1669 2851 1680 2897 ΙΙ
1699 2850 1829 2895 peten—

117 2896 217 2931 tibus
244 2895 313 2940 Fu
343 2899 385 2930 11
413 2894 511 2940 fusa]
539 2905 635 2939 quae
660 2894 744 2930 fusa
767 2895 911 2931 BHM
927 2897 939 2942 ss
970 2900 1012 2932 12
1038 2895 1136 2933 ferro
1162 2897 1265 2932 fusus
1291 2899 1349 2934 est
1373 2898 1447 2933 AS
1455 2898 1505 2933 M
1510 2897 1551 2932 F
1565 2899 1578 2944 fl
1597 2898 1701 2934 metu
1725 2898 1829 2934 fusus

118 2945 176 2979 est
194 2943 267 2978 AS
285 2944 297 2989 ΙΙ
318 2946 361 2978 15
388 2943 437 2978 ad
463 2954 647 2978 mmmmm
672 2953 699 2978 s.
724 2953 756 2979 v.
784 2942 929 2992 scilicet
954 2955 1035 2980 esse
1059 2945 1232 2989 oportere
1263 2944 1297 2980 T
1310 2946 1322 2991 ss
1341 2945 1436 2992 esse]
1465 2946 1504 2981 et
1529 2956 1567 2981 se
1593 2945 1661 3000 ΕΗ
1680 2946 1830 2991 oportet

117 2991 257 3026 Daniel
275 2992 287 3036 ΙΙ
309 2994 352 3026 16
378 2991 427 3026 ad
451 3001 613 3025 Au'rflssmc
640 3002 670 3026 o.
696 3001 724 3026 s.
750 3001 782 3025 υ.
810 2989 893 3026 luee
918 2989 1047 3028 uacuis
1075 2991 1135 3038 Tss
1154 2991 1312 3037 priuatis
1338 2993 1466 3029 uacuis
1490 2993 1564 3028 AS
1598 2994 1738 3039 priuati
1761 3005 1828 3029 ua.-

119 3038 198 3074 cuis
224 3038 270 3073 M
298 3039 309 3084 ΙΙ
345 3042 385 3074 17
413 3039 450 3073 et
476 3066 483 3074 .
506 3066 513 3073 .
536 3064 544 3072 .
571 3037 746 3072 dicuntur
770 3048 835 3073 om.
863 3038 906 3073 H
911 3038 1011 3074 MF.
1049 3040 1096 3084 cf.
1122 3041 1172 3076 ad
1195 3051 1312 3086 yeory.
1339 3039 1391 3075 IV
1417 3044 1486 3077 246
1512 3043 1545 3076 et
1569 3042 1661 3076 Aen.
1685 3040 1722 3076 II
1746 3044 1791 3076 85

118 3087 156 3121 et
175 3085 228 3120 R:
255 3086 320 3120 sed
340 3085 380 3129 S,
404 3096 471 3121 om.
491 3086 527 3120 A
546 3086 559 3131 ΙΙ
580 3089 623 3121 18
650 3085 765 3131 quod]
792 3085 969 3130 quoniam
988 3085 1061 3123 AS
1068 3087 1108 3123 F
1123 3089 1135 3134 ΙΙ
1156 3091 1199 3123 19
1226 3088 1314 3133 quia
1335 3116 1342 3123 .
1363 3115 1372 3124 .
1392 3115 1400 3123 .
1420 3087 1646 3134 impetratur
1664 3089 1746 3123 hab.
1760 3087 1801 3122 F

119 3136 163 3167 22
191 3133 239 3168 ad
264 3144 372 3168 vnum
395 3144 424 3169 s.
450 3144 481 3169 v.
510 3134 576 3168 aut
602 3132 713 3168 uenia
745 3144 857 3177 quam
889 3132 1068 3179 petebant
1099 3136 1164 3170 aut
1195 3135 1309 3171 etiam
1342 3134 1578 3172 humanitate
1608 3135 1643 3170 T
1673 3137 1685 3181 ΙΙ
1722 3136 1827 3180 pate—

121 3181 212 3215 bant
236 3179 277 3215 F
291 3181 304 3225 ΙΙ
335 3183 380 3215 24
405 3190 535 3225 paoem
563 3191 629 3216 om.
649 3179 722 3215 As
739 3181 752 3225 ΙΙ
771 3180 912 3227 autem]
940 3182 1006 3217 aut
1029 3182 1102 3218 AS
1120 3184 1132 3230 ΙΙ
1150 3183 1204 3219 ait
1229 3194 1341 3228 supra
1365 3193 1432 3218 om.
1452 3182 1501 3228 R,
1528 3194 1640 3228 supra
1664 3193 1731 3218 om.
1750 3182 1797 3217 H
1816 3182 1827 3229 Η

119 3232 164 3264 26
191 3226 329 3274 legitur
353 3227 443 3263 RH
457 3229 469 3275 ΙΙ
488 3228 590 3273 quod
613 3229 693 3263 tam
718 3227 813 3264 vivis
838 3240 872 3273 q.
899 3240 947 3264 m.
973 3229 1141 3275 utrisque
1166 3242 1198 3266 a.
1227 3241 1256 3266 e.
1284 3230 1325 3266 F
1357 3230 1524 3276 utrisque
1550 3241 1616 3266 om.
1640 3229 1780 3266 Daniel
