2092 3614
537 266 688 305 COMM.
715 268 768 306 IN
792 269 937 306 VERG.
964 268 1076 307 AEN.
1102 268 1136 305 X
1164 273 1360 307 147—162.
1717 272 1805 314 405

97 377 238 432 ponit,
271 380 448 433 excepto
480 393 567 422 uno
598 382 644 421 in
676 380 790 435 loco,
825 382 872 421 ut
903 383 962 423 est
992 379 1129 434 <VIII
1162 379 1278 435 603>
1310 380 1444 423 haud
1475 381 1655 457 procul
1687 382 1805 424 hinc

97 447 294 491 Tarcho
328 452 377 491 et
407 450 682 505 Tyrrheni:
713 451 828 507 quod
859 451 987 493 metri
1019 465 1149 494 causa
1179 451 1293 494 fecit.

78 578 83 583 ·
218 520 314 562 154.
363 538 484 564 mma*
507 522 628 577 facit,
659 536 708 564 ex
731 535 842 564 more
865 522 1073 573 Romano,
1095 525 1267 576 propter
1290 537 1464 576 porcum
1494 525 1566 578 qui
1595 526 1643 567 de
1671 526 1807 579 lapide

92 591 255 644 feritur.
375 605 550 636 LIBERA
588 605 723 636 FATIS
765 597 965 648 exempta
1001 593 1129 636 fatali
1165 594 1443 647 necessitate,
1489 611 1572 651 qua
1609 611 1805 653 pugnare

95 677 182 705 non
215 666 416 718 poterant
446 667 626 720 propter
657 665 762 707 illud
796 664 935 720 <VIII
962 664 1077 719 503>
1111 665 1353 708 externos
1386 669 1562 721 optate
1595 668 1757 710 duces.

219 735 314 777 155.
364 753 464 779 oms
487 754 607 779 mmm
628 751 704 791 per
727 737 1020 779 derivationem
1045 735 1198 791 ‘Lydia
1218 736 1356 791 yens':
1386 751 1488 780 nam
1514 737 1683 792 ‘Lydia'
1706 754 1805 794 pro-

94 806 233 847 vincia
254 808 476 861 proprium
506 811 574 851 est.

218 878 312 921 157.
363 891 507 922 PRIMA
537 892 691 923 TENET
725 894 844 923 more
875 880 958 922 viri
989 880 1115 923 fortis
1147 880 1193 922 in
1223 880 1448 936 principiis
1481 884 1566 924 est:
1598 882 1704 924 alibi
1737 882 1806 937 <V

96 947 212 1003 833>
244 950 484 1005 princeps
516 953 633 994 ante
660 966 832 993 omnes
859 951 1068 994 densum
1094 951 1372 994 Palinurus
1400 953 1588 1009 agebat
1615 966 1806 1008 agmen.

161 1031 342 1064 Rosrno
362 1034 591 1065 PHRYGIOS
613 1034 871 1066 svsslvncTA
891 1034 1076 1066 LEONEs
1099 1037 1176 1077 pro
1202 1022 1450 1066 ‘subiunetos
1475 1024 1604 1081 leones
1628 1023 1806 1068 habens'.

95 1091 188 1133 vult
224 1107 302 1147 pro
341 1093 444 1149 iugo
483 1096 670 1136 rostrum
709 1094 830 1136 navis
869 1094 1020 1150 fuisse,
1057 1094 1205 1136 leones
1237 1096 1382 1136 autem
1415 1095 1610 1151 singulos
1643 1095 1688 1136 in
1720 1096 1804 1137 sin-

96 1163 209 1218 gulis
248 1164 372 1206 navis
410 1165 609 1219 partibus
646 1165 779 1207 fuisse
817 1165 1021 1220 depictos.
1083 1179 1186 1207 sane
1223 1167 1403 1208 notatur
1440 1181 1466 1208 a
1504 1166 1665 1209 criticis
1699 1167 1804 1210 Ver-

95 1233 224 1288 gilius
256 1234 339 1277 hoc
370 1236 483 1287 loco,
517 1236 878 1291 quemadmodum
912 1237 973 1279 sic
1006 1237 1093 1279 cito
1120 1236 1229 1278 dixit
1254 1237 1449 1292 potuisse
1473 1253 1607 1280 naves
1631 1238 1805 1281 Aeneae

94 1304 205 1347 fieri:
238 1307 351 1361 quod
383 1309 559 1349 excusat
586 1308 774 1363 pictura,
807 1323 937 1363 quam
964 1308 1102 1350 solam
1129 1310 1342 1350 mutatam
1368 1308 1573 1352 debemus
1601 1310 1805 1365 accipere.

94 1391 185 1432 erqo
216 1378 322 1421 hane
351 1393 497 1421 navem
528 1380 691 1422 Aeneae
722 1380 773 1422 ab
804 1380 997 1422 Etruscis
1027 1381 1170 1431 datam
1199 1380 1492 1435 intelleyamus.
1541 1382 1711 1435 quidam
1741 1396 1804 1424 vo-

95 1449 187 1491 lunt
214 1449 321 1492 hane
350 1465 495 1493 navem
525 1465 576 1494 eoe
605 1451 671 1493 his
701 1465 783 1494 esse
813 1451 959 1504 quibus
981 1450 1146 1493 Aeneas
1170 1452 1228 1493 ad
1249 1451 1504 1494 Euandrum
1529 1456 1620 1495 erat
1642 1457 1805 1533 evectus,

93 1523 132 1561 et
159 1522 217 1563 ad
244 1521 468 1564 Etruriam
499 1526 610 1565 terra
641 1536 723 1565 esse
745 1525 971 1577 portatam.

215 1592 312 1636 158.
362 1605 643 1637 GRATISSIMA
674 1596 851 1650 propter
882 1594 1001 1636 illinc
1033 1594 1149 1636 facta
1180 1594 1370 1650 navigia.

214 1666 311 1707 160.
360 1661 572 1709 ΕνΕΝΤῆε
597 1678 742 1708 BELLI
767 1676 936 1708 VARIOS
963 1665 1071 1708 licet⁴
1090 1665 1272 1707 haberet
1296 1666 1583 1708 fortissimum
1609 1667 1806 1725 militem,

94 1735 317 1791 cogitabat
346 1739 494 1780 tamen
526 1738 691 1780 incerta
722 1737 947 1779 bellorum.

216 1809 313 1851 161.
361 1826 435 1852 JAM
460 1827 631 1857 ρνᾼιςκητ
654 1826 793 1852 SIDERA
825 1809 931 1851 deest
955 1807 1018 1850 ‘de
1039 1807 1209 1851 Aenea'.
1253 1812 1291 1851 et
1320 1808 1498 1863 ‘quaerit
1519 1810 1671 1853 sidera'
1703 1825 1805 1854 num

92 1880 141 1922 de
169 1880 370 1923 sideribus
399 1882 576 1935 quaerit,
607 1895 664 1923 an
694 1881 787 1936 ipsa
817 1881 970 1932 sidera,
1007 1880 1054 1922 id
1082 1883 1141 1922 est
1162 1882 1380 1934 percenset.
1441 1884 1517 1923 aut
1544 1895 1646 1924 num
1679 1896 1805 1925 eausa

92 1953 317 2004 quaerendi
346 1953 456 2006 quod
483 1953 624 2007 cupiat
653 1952 792 1994 lucem.

216 2024 310 2066 162.
361 2035 529 2067 NOCTIS
556 2035 666 2066 ITER
698 2026 773 2065 aut
803 2037 1015 2087 pertquae
1039 2036 1125 2064 nox
1152 2022 1359 2065 decurrit:
1393 2026 1467 2066 aut
1493 2039 1602 2080 quae
1635 2026 1802 2069 intuen-

92 2098 159 2136 tes
190 2097 348 2137 nautae
380 2095 464 2138 iter
494 2098 711 2151 peragunt
741 2094 955 2136 noctibus.
1046 2106 1130 2135 IAM
1163 2094 1309 2148 modo,
1340 2097 1390 2136 ut
1418 2094 1512 2150 <IV
1535 2096 1648 2151 157>
1679 2097 1802 2139 iam-

94 2180 186 2221 que
231 2166 323 2208 hos
368 2181 535 2221 cursu,
578 2166 678 2208 iam
722 2166 979 2220 praeterit
1022 2165 1158 2208 illos.
1292 2183 1397 2213 QVAE
1429 2183 1571 2210 PASSVS
1603 2185 1807 2217 TERRAQVE

93 2254 271 2285 mutare
305 2251 408 2279 num
443 2238 544 2291 quia
574 2237 777 2279 audiendo
813 2250 879 2279 res
911 2239 1046 2290 ¹aestas
1077 2237 1240 2278 Aeneae
1275 2237 1518 2280 incendatur
1554 2242 1593 2280 et
1627 2240 1713 2293 ipse
1749 2242 1807 2283 ad

91 2308 288 2350 imitandi
317 2309 611 2362 cupiditatem?

188 2477 208 2508 3
235 2485 335 2508 mum
364 2473 472 2521 facit]
500 2474 546 2510 cf.
572 2473 667 2510 Non.
693 2485 729 2519 p.
757 2476 836 2517 311,
866 2477 908 2508 17
934 2473 983 2508 M.

191 2631 208 2662 1
235 2627 273 2662 in
294 2639 360 2664 om.
375 2627 416 2663 Η
424 2628 473 2663 Μ
477 2627 517 2663 F
531 2630 544 2674 ΙΙ
562 2629 620 2663 est
637 2629 719 2664 hab.
735 2628 785 2663 M
798 2629 810 2675 ΙΙ
829 2632 850 2663 2
877 2627 977 2673 quod
997 2627 1086 2662 fecit
1105 2629 1259 2673 propter
1278 2628 1439 2663 mettum
1459 2628 1510 2663 M
1542 2628 1631 2673 quid
1650 2630 1804 2675 propter

93 2677 253 2710 metrum
279 2675 319 2710 F
334 2676 346 2719 u
373 2687 485 2711 eausa
509 2676 620 2711 metri
645 2675 718 2710 AS
735 2676 748 2720 ΙΙ
779 2680 800 2710 3
826 2688 929 2710 mim
955 2674 1047 2708 facit
1071 2675 1152 2711 hab.
1181 2675 1226 2709 M
1243 2677 1255 2720 ΙΙ
1283 2679 1306 2710 4
1331 2687 1432 2710 iAms
1461 2677 1510 2711 M
1543 2689 1623 2711 m'n
1650 2677 1689 2711 F
1704 2678 1717 2722 ΙΙ
1741 2688 1802 2712 110-

94 2723 267 2758 cessitate
292 2722 402 2758 fatali
429 2723 477 2757 M
485 2722 525 2757 F
551 2723 564 2768 ΙΙ
595 2727 616 2757 5
640 2725 789 2768 poterat
816 2723 865 2757 M
871 2723 910 2757 F
935 2723 947 2766 ΙΙ
979 2726 999 2756 6
1026 2721 1291 2758 diriuationem
1318 2722 1358 2757 F
1379 2725 1392 2768 ss
1423 2726 1444 2757 8
1471 2723 1648 2768 principis
1676 2724 1725 2759 M
1731 2724 1802 2758 Γ

96 2774 137 2804 11
165 2771 338 2815 rostrum]
364 2770 568 2805 transtrum
594 2770 643 2805 M
674 2771 843 2805 nostrum
869 2770 909 2804 F
933 2770 947 2814 ΙΙ
976 2768 1103 2804 leones
1130 2798 1138 2805 .
1158 2797 1166 2804 .
1224 2770 1337 2806 fuisse
1364 2781 1431 2807 om.
1457 2770 1592 2806 LMF
1615 2772 1714 2817 (add.
1742 2772 1768 2815 l)
1792 2773 1803 2817 1

96 2821 138 2853 12
165 2829 252 2853 sane
279 2846 286 2853 .
339 2818 469 2862 .fieri]
495 2828 583 2853 sane
607 2817 679 2853 hoc
705 2817 787 2852 loco
813 2818 949 2852 notant
973 2816 1102 2852 cretici
1127 2818 1442 2862 quemadmodum
1467 2819 1546 2853 tam
1572 2818 1646 2854 cito
1672 2820 1803 2863 po-tue

93 2865 169 2901 rint
192 2864 273 2901 fieri
298 2845 414 2900 naues
440 2875 576 2901 aeneae
603 2864 695 2900 ΜΡ
722 2865 734 2910 ΙΙ
771 2863 919 2899 creticis
946 2864 1034 2899 libri
1065 2865 1078 2909 ΙΙ
1116 2868 1160 2900 14
1184 2865 1333 2910 pictura
1357 2876 1424 2902 om.
1451 2864 1580 2900 RLH
1613 2866 1712 2911 (add.
1739 2867 1765 2911 Z)
1792 2866 1803 2902 Ι

95 2916 139 2947 15
165 2913 214 2948 ad
237 2924 269 2948 v.
299 2917 364 2948 157
396 2912 492 2948 hanc
526 2923 661 2948 nauem
686 2911 814 2947 datam
846 2921 984 2946 aeneae
1015 2910 1063 2946 ab
1094 2912 1249 2948 etruscis
1281 2913 1408 2948 datam
1436 2913 1515 2958 (sic)
1539 2909 1803 2958 intellegamus

94 2959 265 3003 quamuis
305 2960 455 3005 quidam
493 2960 613 2995 uelint
642 2970 756 2994 unam
788 2970 868 2994 esse
900 2970 944 2994 ex
974 2957 1050 2993 illis
1083 2959 1218 3004 quibus
1250 2970 1386 2995 aeneas
1419 2962 1569 2995 euectus
1600 2959 1724 2995 fuerat
1755 2961 1801 2995 ad

95 3007 299 3060 euandrum
324 3009 362 3043 et
381 3007 430 3042 ad
455 3008 621 3043 etririam
642 3007 722 3052 (sic)
744 3006 961 3051 deportatus
985 3005 1019 3040 Τ
1031 3007 1044 3052 ΙΙ
1062 3017 1154 3045 aene
1174 3006 1215 3041 F
1231 3008 1243 3053 ΙΙ
1262 3007 1398 3042 etrucis
1419 3007 1453 3042 G
1470 3008 1483 3052 ΙΙ
1506 3011 1547 3042 18
1566 3007 1646 3043 11110
1665 3007 1761 3042 RM
1766 3007 1806 3042 Γ

94 3055 105 3098 ΙΙ
130 3053 284 3099 nauigia
307 3054 491 3090 fabricata
517 3056 565 3090 M
600 3056 712 3090 nauia
737 3054 880 3089 fabrica
900 3053 967 3099 Fu
985 3057 1029 3088 21
1057 3054 1106 3090 ad
1130 3066 1282 3094 vamr
1309 3066 1338 3088 s.
1363 3065 1391 3089 s.
1410 3061 1443 3091 υ.
1470 3054 1576 3090 deest
1600 3055 1647 3090 ab
1674 3065 1801 3097 aenea,

95 3102 136 3135 in
160 3112 274 3146 mara
301 3102 367 3137 aut
391 3103 538 3147 quaerit
563 3103 760 3147 percenset
782 3100 867 3146 ipsa
891 3100 1013 3136 sidera
1038 3101 1071 3135 T
1088 3102 1099 3147 ΙΙ
1118 3112 1256 3137 aeneae
1282 3101 1410 3146 &1122
1420 3103 1654 3154 praecenset
1672 3101 1712 3136 F
1746 3113 1784 3136 re

96 3149 220 3183 censet
240 3147 480 3185 Commelinus
498 3151 510 3196 ΙΙ
538 3153 583 3185 23
611 3149 738 3185 cubiat
764 3148 797 3183 G
815 3150 827 3195 ΙΙ
846 3147 968 3183 11100111
992 3149 1143 3193 scripsi.
1168 3147 1291 3184 bicem
1318 3148 1358 3182 I
1392 3147 1514 3184 vicem
1540 3149 1677 3184 Daniel
1703 3149 1802 3183 lacu-

95 3206 181 3230 nam
207 3196 398 3240 indied'ns,
422 3197 542 3233 uicem
569 3197 711 3232 discere
739 3195 979 3231 Oommelinus
997 3196 1009 3241 ΙΙ
1028 3199 1074 3230 24
1098 3207 1165 3241 per
1191 3195 1289 3240 quod
1310 3195 1345 3229 L
1370 3197 1452 3241 (per
1477 3207 1548 3240 que
1574 3197 1630 3240 1)ss
1650 3195 1748 3240 quod
1769 3195 1803 3230 L

95 3243 206 3289 (quae
233 3243 259 3288 l)
289 3244 301 3289 ΙΙ
331 3246 376 3279 25
401 3242 488 3290 iter]
517 3256 583 3290 per
606 3244 643 3279 R
682 3243 780 3278 inter
805 3243 845 3278 F
872 3244 885 3287 ss
916 3246 961 3278 26
986 3254 1143 3283 ammove
1169 3254 1376 3284 ›rx-:mmmm
1403 3243 1444 3278 F

1446 3302 1518 3337 27*

1833 1033 1877 1064 10

1834 1392 1876 1421 15

1830 1749 1876 1780 20

1830 2106 1874 2138 25
