2092 3614
356 241 441 284 208
612 256 614 258 ’
1127 244 1289 280 SERVII

353 353 420 393 est
451 353 495 393 ei:
527 351 614 393 alia
647 352 882 407 expositio,
911 355 961 395 ut
991 352 1126 396 ‘recto
1151 353 1343 395 flumine'
1377 353 1582 409 edomito,
1612 355 1781 398 frenato
1808 359 1851 398 et
1874 357 1919 398 in
1942 359 2058 400 iuran-

351 422 614 477 quilliiatem
645 423 818 465 redacto
850 423 1173 480 intellegamus:
1213 424 1327 480 quod
1365 425 1497 468 etiam
1529 426 1649 482 fecit,
1686 429 1734 469 ui:
1766 410 1882 483 <8⁰8>
1914 428 2058 471 mitis

349 496 405 535 ui}
435 494 485 536 in
518 508 706 537 morem
737 495 912 551 stagni
943 495 1284 551 placidaeque
1321 497 1547 551 paludis:
1589 500 1638 540 ut
1668 498 1726 540 sii:
1759 497 1907 542 ‘recto'
1939 514 2060 555 prae-

348 565 468 608 ’ceriti
500 566 711 620 temporis
743 566 1021 622 participium
1054 567 1108 609 ab
1142 581 1191 609 eo
1225 567 1337 623 quod
1369 570 1436 609 esi:
1467 566 1626 624 erego'.

301 645 323 675 5
469 636 538 679 59.
587 654 722 680 pmms
743 652 824 692 pro
857 637 1054 691 ‘primum
1079 639 1311 681 cadentibus
1336 640 1461 682 astris
1470 638 1496 695 ⁹,
1527 654 1619 682 eum
1641 641 1831 695 primum
1855 655 1938 684 nox
1962 643 2058 684 oeci-

350 708 467 751 derit.
515 712 555 751 et
584 709 738 752 dietum
769 710 889 752 iuxta
920 710 1131 764 milyarem
1162 711 1412 766 opinionem,
1444 714 1655 766 tamquam
1686 713 1836 754 oriente
1865 713 1930 755 die
1959 714 2060 756 oeci-

348 780 453 823 dant
481 785 608 823 astra.

469 852 538 894 60.
586 864 754 896 IVNONI
786 864 877 896 FER
906 864 1013 896 mrn
1044 864 1219 896 PRECES
1259 854 1369 897 sieut
1402 854 1532 897 etiam
1565 854 1756 897 Helenus
1789 856 1968 899 monuit.
2023 860 2062 899 et

347 923 407 965 sie
439 922 516 977 ‘fer
539 938 679 978 preces
688 923 712 980 ⁹,
743 925 1083 979 quemadmodum
1114 939 1235 968 saera
1263 926 1369 979 ferri
1398 927 1583 969 dicimus.

279 1003 322 1034 10
469 996 536 1037 61.
587 1008 693 1038 MIHI
719 1008 891 1039 V1c¹r01z
916 1007 1147 1039 HONOREM
1172 1009 1443 1040 PERsonvEs
1477 998 1584 1040 bene
1610 999 1650 1040 ei
1676 999 1827 1041 adimit
1859 999 2075 1042 bellicam.

349 1080 499 1108 curam
530 1067 824 1122 promittendo
857 1068 950 1110 voti
979 1067 1072 1110 fore
1104 1071 1360 1123 compotem.

468 1139 536 1181 63.
587 1150 921 1182 STRINGENTEM
946 1150 1080 1182 RIPAS
1111 1140 1353 1195 radentem,
1384 1140 1718 1183 inminuentem:
1749 1157 1850 1184 nam
1881 1143 1964 1185 hoc
1994 1146 2060 1186 est

349 1209 543 1252 Tiberini
580 1210 770 1266 fluminis
807 1211 1048 1267 proprium,
1086 1211 1192 1254 adeo
1225 1215 1273 1254 ut
1304 1212 1358 1253 ab
1392 1212 1582 1268 antiquis
1614 1212 1786 1255 Rumon
1817 1214 1957 1257 dicius
1989 1216 2060 1271 sit,

347 1281 472 1337 quasi
503 1281 622 1337 ripas
654 1282 878 1324 ruminans
911 1285 954 1324 ei:
985 1283 1179 1325 exedens.
1241 1283 1286 1324 in
1327 1283 1459 1326 sacris
1498 1283 1629 1326 etiam
1663 1283 1789 1326 Serra
1827 1285 2059 1341 dicebatur,

278 1362 321 1394 15
347 1352 461 1395 unde
501 1353 564 1394 ait
600 1367 714 1396 nunc
746 1352 811 1395 ‘et
841 1353 1022 1408 pinguia
1053 1354 1170 1396 culta
1202 1354 1454 1397 secantem'.
1516 1354 1561 1396 in
1594 1355 1739 1411 aliqua
1770 1357 1901 1399 etiam
1938 1357 2058 1400 urbis

347 1426 470 1479 parte
501 1424 736 1467 Tarentum
768 1424 926 1467 dieitur
957 1439 1006 1467 eo
1039 1425 1153 1480 quod
1184 1426 1302 1480 ripas
1333 1428 1460 1469 ierat.
1508 1427 1585 1468 alii
1617 1426 1906 1482 ‘sbrinyentem'
1938 1429 2058 1471 iuoeta

346 1498 516 1538 veterem
552 1509 705 1538 morem
741 1496 895 1538 dietum
931 1497 1190 1550 intelleyuni:
1233 1496 1471 1551 ‘strinqere'
1504 1498 1613 1539 enim
1648 1499 1883 1553 significare
1918 1501 2060 1542 dieunt

347 1570 458 1609 iaetu
482 1568 638 1610 modico
661 1567 908 1621 praeterire,
939 1571 986 1608 ut
1012 1568 1095 1621 ipse
1118 1569 1181 1609 ait
1205 1567 1274 1623 <X
1292 1567 1410 1622 478>
1437 1582 1609 1623 mayno
1634 1571 1847 1613 sirinoeit
1875 1572 1929 1613 ole
1953 1585 2056 1613 eor-

338 1653 460 1693 pore
492 1639 665 1682 Turni.

276 1720 321 1751 20
466 1711 536 1753 64.
585 1721 857 1753 CAERVLEVS
891 1723 1092 1755 THYBms
1125 1712 1257 1767 altus,
1288 1711 1538 1767 profundus
1643 1724 1795 1758 CAELo
1828 1726 2058 1759 GRATISSI-

346 1794 438 1825 Mvs
470 1797 549 1838 pro
580 1782 649 1825 his
682 1775 755 1838 qui
786 1782 832 1824 in
863 1782 983 1826 caelo
1014 1786 1127 1826 sunt.

466 1853 535 1897 65.
583 1865 663 1896 mc
689 1866 795 1896 mm
820 1865 985 1897 MAGNA
1015 1866 1174 1897 Domvs
1207 1855 1373 1898 scilicei
1403 1853 1517 1899 ci'rca
1548 1855 1712 1898 exitum
1743 1871 1885 1900 suum:
1916 1872 2058 1912 quam·

345 1926 408 1968 vis
438 1926 548 1968 enim
584 1926 687 1968 alibi
723 1929 853 1980 ortus,
893 1926 1001 1968 hune
1037 1930 1174 1969 tamen
1212 1927 1344 1969 locum
1380 1927 1522 1970 incolo.
1585 1928 1662 1969 alii
1692 1927 1879 1971 Romam
1909 1930 2057 1972 dicunt

347 1997 541 2040 Tiberini
584 2012 677 2040 esse
715 1997 1001 2055 domicilium,
1037 1998 1144 2040 hane
1180 1999 1333 2042 dixisse
1368 2013 1566 2053 maynam
1601 2000 1778 2042 domum.
1838 2001 1916 2043 alii
1951 2003 2057 2044 ostia

274 2079 320 2110 25
345 2069 488 2111 dieunt
516 2068 568 2110 ab
598 2068 671 2110 hoe
701 2069 809 2122 quod
836 2082 927 2124 nos,
959 2083 1051 2111 eum
1074 2083 1151 2124 per
1181 2070 1343 2112 diversa
1372 2072 1688 2113 dismlwerimus
1718 2072 1874 2126 officia,
1913 2073 1960 2115 in
1989 2074 2056 2116 do-

346 2154 460 2182 mum
490 2143 676 2182 nostram
706 2154 781 2184 nos
809 2141 1029 2195 recipimus
1058 2141 1192 2195 ibique
1215 2143 1519 2198 requiescimus,
1548 2146 1597 2185 ut
1618 2144 1726 2186 idem
1749 2143 1832 2198 hie,
1862 2157 1955 2186 eum
1977 2158 2056 2198 per

444 2262 487 2294 12
513 2269 754 2295 ammaum-an
779 2258 991 2305 radentem]
1019 2258 1063 2296 cf.
1090 2258 1186 2294 Non.
1212 2271 1248 2305 p.
1274 2263 1356 2305 403,
1383 2264 1427 2296 10
1453 2260 1501 2296 Μ.

444 2371 461 2402 1
488 2366 656 2412 flumine]
684 2366 718 2400 d.
747 2366 784 2411 (i.
805 2377 832 2401 e.
856 2365 1034 2412 ‘ducam’)
1061 2366 1146 2403 adol.
1160 2367 1208 2402 A.
1234 2367 1276 2402 in
1295 2366 1548 2404 Floriaeensis
1572 2368 1766 2415 archetypo
1790 2379 1927 2415 quoque
1951 2371 2053 2406 recto

345 2414 497 2449 flumine
522 2414 657 2449 ducam
681 2414 796 2457 fuisse
818 2414 978 2457 videtum
1005 2426 1092 2450 nam
1116 2426 1216 2450 nunc
1240 2415 1374 2450 ducam
1399 2415 1440 2450 F
1454 2417 1467 2462 ΙΙ
1486 2416 1668 2452 edomibos
1687 2416 1762 2453 AS
1785 2418 1889 2463 (corr.
1917 2418 1955 2462 a)
1974 2419 1987 2464 ΙΙ
2015 2420 2054 2453 et

345 2462 491 2497 frenato
516 2461 553 2496 R
571 2463 583 2507 ΙΙ
612 2466 633 2496 2
659 2461 753 2497 facit
779 2462 829 2496 M
843 2462 856 2507 ΙΙ
884 2465 905 2496 3
931 2461 1219 2507 perlucidaeque
1244 2462 1286 2497 F
1298 2464 1312 2508 ΙΙ
1331 2465 1433 2499 recto
1459 2474 1524 2499 om.
1552 2464 1625 2499 AS
1641 2465 1654 2510 11
1681 2468 1704 2499 4
1730 2464 1778 2500 ab
1803 2476 1846 2500 eo
1872 2465 1972 2510 quod
1999 2466 2054 2501 esi:

344 2520 435 2555 rego
460 2519 527 2544 om.
555 2509 644 2543 LH
664 2510 764 2554 (adel.
792 2509 817 2553 l)
849 2510 860 2555 ΙΙ
897 2512 918 2544 5
945 2510 995 2545 ad
1020 2522 1136 2544 Pmms
1161 2521 1262 2555 supr.
1288 2521 1378 2546 vers.
1405 2522 1471 2556 pro
1497 2511 1659 2556 primum
1685 2511 1904 2548 cadentibus
1932 2511 1971 2548 id
1997 2514 2054 2548 est

346 2568 431 2592 cum
455 2568 529 2592 nox
555 2556 750 2600 occiderit,
784 2557 826 2591 in
849 2568 965 2603 mary.
991 2558 1036 2593 ab
1062 2558 1142 2593 alia
1164 2569 1279 2593 manu
1305 2558 1468 2593 osbendit
1493 2559 1719 2594 maiutinum
1743 2560 1891 2604 tempus
1916 2559 2053 2596 diuinis

345 2603 548 2640 honoribus
568 2604 777 2639 conuenire.
816 2605 854 2639 et
878 2604 982 2640 iuxia
1007 2605 1202 2650 uulgarem
1228 2605 1534 2641 consuetudinem
1560 2606 1656 2642 dixiia
1681 2607 1781 2651 quod
1807 2606 1949 2643 oriente
1974 2608 2052 2643 sole

345 2652 448 2687 astra
479 2650 653 2687 occidant
680 2651 714 2685 Τ
746 2651 925 2695 (ostendit
949 2681 957 2688 .
980 2679 987 2687 .
1009 2679 1017 2687 .
1044 2653 1242 2688 conuenire
1272 2652 1410 2688 Tiberii
1433 2654 1578 2690 Donati
1601 2656 1700 2699 swnt)
1726 2656 1738 2700 ΙΙ
1774 2665 1842 2700 pro
1872 2654 2051 2701 primum]

344 2698 537 2745 proprium
564 2698 604 2732 F
620 2699 632 2744 ΙΙ
651 2702 672 2733 8
698 2697 827 2733 docuit
850 2698 887 2733 R
924 2699 1044 2734 mouib
1069 2700 1109 2734 F
1125 2702 1136 2746 ΙΙ
1164 2704 1207 2735 10
1233 2699 1376 2735 ademit
1399 2700 1518 2736 ASF
1540 2701 1689 2746 (adimis
1713 2703 1750 2747 a)
1770 2703 1783 2748 ΙΙ
1809 2706 1851 2737 11
1877 2702 1948 2738 uiti
1972 2703 2052 2738 sore

345 2747 504 2792 conpote
523 2745 563 2780 F
578 2746 591 2791 ΙΙ
612 2749 654 2780 13
674 2757 806 2781 rumon
825 2745 862 2780 R
869 2746 964 2780 LM
970 2746 1023 2781 F:
1044 2758 1174 2782 romon
1194 2747 1268 2783 As
1293 2759 1418 2783 rumor
1436 2749 1481 2783 H
1494 2750 1507 2794 ΙΙ
1528 2753 1572 2784 14
1591 2749 1770 2785 excedens
1786 2750 1835 2784 M
1853 2750 1958 2795 (corr.
1972 2750 2021 2795 m)
2040 2750 2053 2797 Η

346 2805 448 2829 serra
473 2792 650 2828 ASLF:
677 2803 762 2828 seca
787 2792 824 2827 R
861 2804 968 2828 sacra
992 2794 1038 2828 H
1070 2806 1239 2830 serranus
1267 2796 1314 2830 M
1332 2795 1344 2840 ΙΙ
1363 2794 1584 2839 dicebaniur
1607 2797 1695 2831 LH
1715 2797 1822 2842 (corr.
1848 2798 1873 2842 l)
1899 2798 1912 2842 ΙΙ
1944 2801 1987 2833 15
2012 2797 2052 2832 in

347 2841 513 2886 aliquam
539 2869 547 2877 .
568 2869 575 2876 .
596 2868 604 2876 .
630 2841 777 2886 partem
801 2840 933 2875 RLH
963 2841 1067 2885 (corr.
1095 2843 1120 2886 l)
1151 2844 1164 2887 ΙΙ
1201 2842 1300 2878 orbis
1325 2842 1398 2878 As
1406 2844 1455 2878 M
1460 2845 1473 2878 l
1504 2844 1517 2888 ΙΙ
1554 2848 1598 2878 16
1623 2845 1812 2879 tarentum
1838 2845 1942 2888 libri,
1976 2845 2052 2880 nisi

345 2890 441 2935 quod
464 2889 674 2923 tar-rentum
698 2888 747 2924 F.
790 2887 991 2922 Terentum
1018 2889 1226 2926 Masvieius
1257 2890 1302 2933 ef.
1334 2889 1413 2926 Val.
1442 2891 1551 2927 Mace.
1577 2890 1612 2925 II
1635 2895 1670 2936 4,
1696 2895 1734 2934 5;
1767 2891 1904 2927 Preller
1927 2891 2063 2930 Roem.

347 2937 505 2982 Mythol.
526 2946 566 2981 p.
587 2939 673 2978 469;
702 2935 930 2980 Marquardt
954 2935 1105 2971 Handb.
1126 2936 1178 2971 III
1200 2949 1237 2981 p.
1259 2941 1326 2974 371
1347 2938 1359 2982 ΙΙ
1378 2937 1463 2973 aliis
1490 2938 1531 2973 F
1545 2939 1558 2984 ΙΙ
1588 2942 1631 2974 18
1656 2939 1858 2984 praeterite
1884 2939 1933 2982 F,
1958 2950 2049 2975 corr.

346 2984 485 3019 Daniel
507 2985 520 3029 ΙΙ
550 2984 593 3019 ui:
616 2982 771 3019 Daniel:
799 2985 840 3018 ab
866 2982 907 3017 F
929 2984 942 3028 u
978 2986 1024 3018 20
1048 2978 1153 3018 schol.
1181 2985 1231 3019 ad
1257 2996 1355 3020 effla.
1381 2995 1436 3020 ΤΗ.
1463 2996 1529 3022 om.
1557 2986 1598 3020 F
1625 2988 1638 3030 u
1674 2990 1719 3021 23
1743 2986 1868 3021 incolo
1894 2986 2049 3021 Daniel:

346 3030 469 3067 inloco
495 3030 542 3066 F.
587 3034 739 3066 ceterum
776 3030 945 3076 quamvis
970 3058 977 3066 .
1006 3057 1014 3065 .
1042 3057 1049 3064 .
1075 3030 1197 3066 incolo
1235 3043 1311 3067 non
1341 3033 1503 3068 debuisse
1533 3044 1615 3068 eam
1649 3033 1837 3068 Servianis
1875 3034 2050 3079 coniunyi

346 3090 447 3115 nemo
470 3089 546 3114 non
570 3078 696 3124 videtu
716 3082 760 3113 24
786 3078 873 3114 hinc
897 3078 1036 3114 Daniel
1054 3078 1066 3124 ΙΙ
1084 3088 1262 3123 magnum
1288 3078 1329 3112 F
1352 3080 1541 3124 (magnam
1568 3080 1714 3125 G)11ad
1737 3092 1798 3114 mc
1823 3093 1859 3115 M.
1885 3094 1921 3116 M.
1947 3094 1981 3116 1).
2007 3082 2050 3117 in

345 3137 461 3172 mary.
487 3124 641 3171 quidam
665 3137 845 3170 magnum
864 3126 943 3171 (sie)
969 3125 1121 3161 domum
1145 3124 1371 3170 intellegunt
1396 3126 1493 3162 ostia
1518 3127 1617 3171 quod
1632 3131 1708 3162 'nos
1729 3155 1736 3162 .
1759 3155 1767 3162 .
1789 3155 1796 3162 .
1823 3129 2050 3172 peruentum

347 3174 397 3210 sib
424 3173 458 3209 T
480 3175 494 3220 ΙΙ
529 3172 595 3210 alii
620 3172 717 3208 ostia
741 3173 896 3209 Daniel:
923 3173 1010 3209 aluo
1034 3173 1122 3208 istia
1148 3172 1189 3207 F
1209 3173 1222 3218 ΙΙ
1259 3176 1303 3207 25
1329 3184 1394 3209 nos
1420 3174 1484 3219 qui
1509 3185 1592 3209 cum
1621 3174 1655 3208 Τ
1679 3175 1691 3221 ΙΙ
1722 3175 1986 3211 discurerimus
2010 3174 2053 3211 F

347 3219 641 3270 (discuti-erimus
668 3221 715 3266 G)
750 3220 990 3256 discurrimus
1018 3220 1052 3255 T
1073 3221 1085 3267 ΙΙ
1115 3224 1160 3255 26
1186 3220 1385 3266 recipimus
1410 3231 1475 3256 nos
1504 3221 1538 3256 T
1551 3222 1564 3269 [Ι
1582 3221 1808 3267 quiescimus
1836 3222 1871 3257 T
2035 3224 2037 3227 ’
