2092 3614
320 242 407 286 556
1094 245 1257 282 SERVII

318 353 464 397 clinat.
525 356 569 397 et
600 354 693 397 vult
724 355 952 411 utrumque
983 356 1107 398 tanta
1139 356 1360 398 celeritate
1392 370 1485 398 esse
1516 371 1780 412 percussum,
1819 359 1867 399 ut
1898 372 2030 399 unum

316 424 450 467 ictum
487 428 681 480 putares:
720 426 818 468 inde
857 428 923 469 est
954 427 1068 469 enim
1101 426 1373 482 ‘praecipites
1405 427 1648 483 pariterque
1680 428 1840 471 ruunt'.
1935 466 1937 469 Α
1970 445 2026 472 [Ν-

316 514 449 540 ERTEM
477 498 646 540 nudam.
709 512 766 540 an
797 497 906 540 nihil
931 498 1242 552 proficientem?

437 569 536 611 673.
586 581 663 612 ms
695 581 844 612 ADDI'I*
877 581 1133 613 AMASTRVM
1164 569 1372 626 adiungit.

270 648 291 679 5
438 640 537 682 674.
587 658 658 690 sno
667 658 782 685 nrm
805 655 885 695 pro
918 640 1214 696 ‘persequitur’.

438 712 536 755 678.
586 724 728 755 ARMIS
767 724 957 756 IGNOTIS
995 714 1137 768 novis,
1176 713 1458 756 inconsuetis:
1500 714 1562 756 vel
1598 714 1858 769 iynobilibus,
1896 716 1942 757 id
1970 718 2029 758 est

318 797 401 826 non
430 785 669 838 conspicuis.
790 794 963 827 IAPYGE
997 784 1151 840 Apulo.

437 856 535 898 679.
585 868 750 899 PELLIS
776 868 958 899 EREPTA
985 867 1193 900 IVVENco
1221 857 1264 898 id
1290 859 1356 899 est
1380 857 1532 900 lorica:
1563 872 1665 900 nam
1690 857 1863 913 proprie
1890 857 2026 900 lorica

317 929 383 969 est
415 927 605 984 tegimen
636 929 684 970 de
713 929 832 980 corio,
866 932 1078 983 tamquam
1110 928 1160 970 de
1186 928 1280 971 loro
1306 928 1481 984 factum,
1514 943 1598 984 quo
1625 929 1807 971 maiores
1834 930 1879 971 in
1905 929 2020 971 bello

247 1006 291 1037 10
317 999 382 1041 uti
413 1002 737 1042 consueverant.

436 1071 534 1114 680.
584 1088 709 1114 OAPVT
737 1088 880 1115 INGENS
909 1088 994 1114 oms
1023 1088 1170 1115 Huws
1202 1071 1478 1127 amphibolon3
1510 1073 1581 1114 sed
1608 1072 1754 1114 melius
1778 1075 1836 1114 est
1870 1070 2027 1126 ‘ingens

314 1141 482 1185 hiatus'.

436 1214 534 1257 682.
584 1225 910 1265 Aonssmsovs
935 1226 1092 1257 MAst
1118 1226 1276 1256 ARMAT
1310 1225 1480 1258 sPARvs
1512 1215 1621 1257 bene
1656 1214 1891 1270 ‘agrestis':
1923 1230 2023 1257 nam

316 1300 468 1340 sparus
510 1288 576 1328 est
616 1286 823 1328 rusticum
865 1286 1019 1341 telum,
1064 1286 1106 1328 in
1151 1285 1326 1329 modum
1368 1285 1466 1341 pedi
1502 1301 1747 1329 recurvum:
1792 1285 2024 1329 Sallustius

245 1363 287 1396 15
315 1371 495 1412 sparos
534 1359 621 1399 aut
658 1357 884 1412 lanceas,
929 1357 1022 1400 alii
1062 1359 1368 1413 praeacutas
1408 1357 1557 1400 sudes
1596 1360 1822 1412 portare.
1892 1358 2024 1401 Vasrro

312 1430 376 1471 ait
409 1443 612 1483 sparum
644 1429 795 1471 telum
825 1429 1032 1484 missile,
1069 1443 1096 1471 a
1119 1429 1345 1483 piscibus
1375 1428 1520 1471 dueta
1551 1430 1903 1481 similitudine,
1941 1431 2026 1483 qui

311 1502 455 1555 spari·
484 1503 738 1543 vocantur.
800 1501 879 1543 alii
911 1499 1089 1555 ‘sparus’
1121 1515 1148 1542 a
1178 1501 1405 1555 sparyendo
1436 1501 1519 1543 diei
1546 1504 1707 1554 putant.

433 1572 531 1615 683.
581 1584 819 1615 VERTrrVR
851 1584 900 1614 IN
937 1583 1099 1614 MEDIIS
1141 1572 1181 1614 id
1215 1574 1282 1614 est
1314 1571 1423 1627 agit:
1461 1587 1562 1613 nam
1594 1586 1747 1627 graece
1779 1572 1888 1614 dixit
1917 1567 2023 1614 ἄνα-

314 1642 557 1699 στρέφεται.
680 1655 802 1686 'roro
834 1655 1032 1686 vussrlos
1066 1655 1212 1686 SVPRA
1245 1655 1328 1686 Esr
1366 1644 1425 1686 sic
1456 1642 1620 1685 Statius
1657 1643 1708 1685 de
1741 1642 1942 1698 Capaneo
1975 1646 2024 1685 et

239 1723 285 1755 20
312 1716 478 1757 totum
510 1715 840 1757 transcendit
871 1729 1087 1771 corpore
1119 1715 1321 1757 bellum.

433 1786 531 1829 684.
579 1798 705 1829 HVNC
736 1798 847 1829 ILLA
880 1798 1131 1829 EXCEPTVM
1160 1786 1311 1829 fraude
1337 1786 1687 1841 circumventum,
1720 1788 1767 1828 ut
1793 1785 1885 1841 <VI
1909 1786 2022 1840 173>

311 1858 545 1900 aemulus
584 1860 852 1914 exceptum
884 1858 1078 1901 Triton.
1198 1875 1351 1901 somme
1388 1874 1504 1901 meso
1538 1861 1613 1900 aut
1647 1870 1832 1900 converso
1871 1858 2024 1911 impetu

309 1943 406 1972 suo:
437 1933 514 1972 aut
541 1930 875 1973 adversariorum
906 1931 1065 1973 conlato
1095 1931 1268 1985 aymine.

433 2000 531 2044 685.
581 2013 771 2045 TRAICI'I'
805 2001 869 2044 vis
901 2002 1039 2044 iactus
1073 2001 1327 2044 ostenditur.

240 2081 285 2112 25
431 2073 530 2115 686.
580 2084 729 2116 SILVIS
762 2088 840 2129 pro
873 2072 935 2115 ‘in
968 2072 1123 2115 silvis’:
1158 2075 1201 2115 et
1233 2074 1299 2114 est
1332 2073 1608 2115 archaismos.

406 2206 428 2238 8
453 2213 540 2238 nam
567 2230 575 2238 .
597 2228 605 2236 .
626 2229 634 2236 .
661 2202 819 2249 factum]
847 2203 892 2237 cf.
920 2202 1035 2238 Varro
1062 2202 1096 2237 d.
1123 2202 1147 2237 1.
1174 2202 1199 2237 1.
1226 2201 1259 2236 V
1286 2203 1384 2248 11611
1419 2206 1460 2237 13
1488 2212 1573 2236 nam
1601 2230 1608 2237 .
1631 2228 1638 2235 .
1661 2231 1668 2237 .
1695 2200 1828 2248 telum]
1855 2202 1901 2238 cf.
1928 2201 2022 2238 Non.

310 2262 345 2295 p.
373 2253 454 2293 555,
478 2253 520 2284 19
547 2249 596 2284 M.
634 2249 720 2285 Isid.
749 2261 800 2285 or.
827 2250 896 2284 XII
917 2254 949 2291 6,
971 2254 1014 2285 31
1035 2251 1046 2296 ΙΙ
1079 2254 1121 2285 14
1149 2249 1361 2296 Sallustius]
1392 2249 1470 2285 Cat.
1499 2252 1555 2294 56,
1576 2253 1596 2284 3
1616 2249 1629 2295 l]
1651 2253 1692 2285 19
1721 2249 1878 2296 Statius]
1905 2249 2019 2285 Theb.

309 2297 360 2332 IV
389 2300 468 2332 165.
507 2297 554 2333 cf.
582 2296 682 2334 Serv.
710 2297 759 2333 ad
783 2297 876 2334 Aen.
902 2297 972 2334 VH
998 2301 1067 2333 784

405 2420 426 2451 2
452 2415 587 2462 ictum]
614 2416 878 2462 interemptum
906 2416 948 2452 F
961 2418 973 2463 ΙΙ
1005 2417 1055 2452 ad
1079 2429 1238 2452 mnam-m
1263 2417 1342 2460 (sie)
1367 2427 1394 2452 s.
1422 2427 1454 2452 v.
1481 2416 1620 2451 nudam
1644 2414 1740 2450 nihil
1764 2414 2019 2460 proficientem

313 2464 346 2499 Τ
363 2465 375 2510 ΙΙ
403 2467 426 2498 4
450 2464 556 2500 schol.
584 2465 634 2499 ad
658 2475 691 2499 v.
719 2468 786 2499 673
812 2475 879 2499 om.
905 2463 991 2500 AF
1006 2465 1017 2510 ΙΙ
1037 2463 1210 2509 adiungit
1236 2464 1296 2506 M,
1321 2474 1387 2499 om.
1413 2464 1547 2508 reliqui
1564 2465 1577 2508 ΙΙ
1605 2468 1625 2498 6
1651 2475 1801 2498 IGNOTVS
1826 2462 1866 2496 F
1882 2464 1894 2508 ΙΙ
1912 2462 2018 2498 novis

307 2511 554 2557 inconsuetis]
582 2510 729 2547 nouiter
755 2510 890 2547 assutis
909 2511 945 2546 R
964 2512 975 2557 ΙΙ
993 2511 1100 2546 nobis
1120 2510 1194 2546 AS
1210 2513 1223 2556 ΙΙ
1242 2509 1481 2546 inconsuetus
1502 2510 1543 2545 F
1557 2512 1569 2557 u
1588 2511 1638 2546 ad
1656 2521 1794 2545 IGNOTIS
1813 2521 1839 2545 s.
1860 2521 1892 2545 v.
1912 2509 2018 2546 nouis

306 2558 536 2595 inconsuetis
562 2559 622 2593 uel
649 2558 876 2603 ignobilibus
894 2570 969 2594 non
989 2558 1199 2603 conspicuis
1222 2558 1255 2592 T
1271 2559 1284 2605 ΙΙ
1301 2557 1460 2603 ignobili
1479 2557 1519 2593 F
1546 2557 1722 2604 ignobilis
1744 2557 1881 2592 Daniel
1911 2555 2016 2601 igno-

308 2607 358 2641 tis
387 2606 625 2651 Masviciusn
653 2610 672 2641 7
700 2605 921 2651 conspicuus
947 2605 988 2641 F
1003 2607 1014 2652 ΙΙ
1032 2605 1173 2651 Apulo]
1200 2616 1295 2650 equo
1321 2607 1403 2644 add,
1432 2605 1633 2641 Fabricius
1650 2606 1663 2650 ΙΙ
1688 2609 1708 2640 9
1734 2606 1885 2650 tegmen
1909 2604 1983 2640 AS
2005 2604 2018 2651 Η

309 2655 505 2698 tamquam
533 2682 541 2690 .
563 2682 571 2689 .
594 2680 602 2688 .
628 2652 788 2699 factum]
815 2654 1007 2698 tamquam
1034 2654 1079 2688 de
1105 2653 1184 2689 loro
1211 2653 1401 2698 tamquam
1427 2653 1567 2688 factum
1594 2653 1633 2687 F
1660 2654 1673 2698 ΙΙ
1703 2652 1742 2687 in
1768 2652 1868 2687 bello
1892 2653 2015 2702 vul-qo:

309 2701 396 2736 dolo
422 2701 459 2735 R
468 2701 513 2735 H
519 2702 583 2745 M,
609 2712 676 2736 om.
701 2701 829 2736 ASF.
867 2702 1023 2745 fortasse
1048 2701 1137 2736 olim
1162 2702 1174 2745 ΙΙ
1214 2705 1257 2735 10
1284 2701 1552 2736 consueuerant
1576 2699 1682 2735 MF:
1709 2701 1952 2735 consueuerat
1978 2699 2021 2734 H

309 2750 582 2784 consueuerunt
606 2748 722 2784 ΑΒΕ
741 2749 753 2795 ΙΙ
773 2752 816 2783 11
843 2749 893 2783 ad
918 2760 1028 2783 cApvrr
1054 2761 1078 2784 1.
1099 2762 1130 2801 o.
1152 2760 1186 2783 H.
1212 2759 1240 2784 s.
1265 2760 1297 2783 v.
1325 2748 1525 2784 amfibolon
1551 2749 1609 2809 est
1634 2747 1700 2783 sed
1723 2746 1855 2782 melius
1881 2748 1940 2801 est
1963 2746 2015 2782 in-

308 2797 563 2879 ῗῗέἷηέἲῗωέ.
578 2797 630 2878 ἓἏ
641 2797 713 2879 ἓίἰ
736 2793 2017 2890 35³12033203158‘23-{2231{abitid'ufflffffloetrfflffff33202231323

308 2891 415 2936 pedis
437 2891 476 2924 F
492 2892 504 2935 ΙΙ
526 2894 567 2926 15
595 2894 660 2926 aut
679 2891 732 2926 F:
759 2892 799 2926 et
817 2891 988 2926 Serviani
1013 2891 1100 2926 libri
1117 2892 1129 2937 {l
1147 2891 1286 2926 lanceis
1305 2891 1342 2925 R
1377 2890 1502 2926 laceas
1522 2890 1568 2925 H
1581 2892 1593 2935 ΙΙ
1612 2887 1824 2942 praeacutis
1843 2887 1880 2923 R
1908 2899 2015 2942 prae-

309 2940 459 2974 accutes
488 2937 527 2972 F
555 2939 567 2983 ΙΙ
599 2939 706 2974 sedes
731 2938 772 2973 F
798 2940 811 2982 ΙΙ
841 2939 891 2974 ad
914 2949 945 2973 υ.
974 2940 1041 2973 682
1068 2939 1111 2973 in
1134 2950 1247 2984 marq.
1276 2938 1392 2974 Varro
1418 2949 1567 2983 sparum
1591 2936 1732 2972 taelum
1757 2936 1898 2970 missile
1924 2935 2017 2971 dicit

309 2986 423 3020 ducta
454 2985 698 3020 similitudine
724 2997 747 3021 a
770 2986 935 3032 piscibus
969 2985 1032 3029 qui
1065 2986 1164 3030 spari
1197 2987 1378 3021 uocantur
1409 2989 1448 3020 et
1480 2987 1566 3020 sunt
1595 2985 1634 3020 in
1666 2982 1818 3019 modum
1849 2983 2014 3021 lanceae.

309 3032 374 3068 alii
401 3044 530 3078 sparos
556 3043 579 3067 a
605 3034 815 3078 spargendo
842 3033 961 3069 dictos
986 3032 1122 3068 uolunt
1150 3033 1182 3067 Τ
1199 3035 1211 3078 ΙΙ
1232 3037 1275 3068 18
1301 3031 1427 3078 agitur
1451 3033 1492 3067 F
1507 3034 1519 3077 ss
1538 3041 1752 3067 anacvrrffrm
1777 3030 1818 3065 F
1833 3031 1845 3077 11
1871 3034 1914 3065 19
1941 3031 2014 3066 sta-

307 3080 357 3115 tis
384 3079 425 3115 F
446 3081 459 3126 u
484 3091 649 3125 canapeo
674 3080 765 3115 RH
784 3083 796 3125 ΙΙ
825 3083 864 3115 et
889 3108 897 3116 .
919 3108 925 3114 .
947 3107 956 3115 .
984 3079 1123 3114 bellum
1148 3080 1348 3123 RHMF,
1373 3081 1448 3115 nisi
1472 3080 1568 3125 quod
1591 3080 1672 3114 toto
1700 3077 1754 3113 F:
1783 3079 1821 3113 et
1843 3079 1926 3113 toto
1952 3078 2014 3113 de-

308 3128 482 3173 spectans
514 3127 652 3163 uertice
686 3127 829 3163 bellum
853 3127 927 3163 AS
961 3128 974 3172 ss
1011 3131 1054 3162 22
1080 3128 1188 3163 schol.
1214 3129 1264 3164 ad
1288 3139 1423 3163 Aemus
1449 3140 1482 3163 v.
1507 3127 1589 3162 hab.
1619 3126 1651 3160 T
1686 3126 1698 3172 ΙΙ
1734 3126 1800 3160 aut
1834 3136 2014 3160 conuersu

307 3174 441 3220 inpetu
466 3186 533 3211 suo
559 3174 600 3210 F
614 3176 627 3221 ΙΙ
646 3179 691 3210 25
717 3186 906 3211 arcasmos
929 3175 966 3211 R
1003 3175 1184 3211 arcaimos
1209 3175 1252 3210 H
1287 3174 1482 3212 ariaismos
1507 3173 1548 3209 F
1582 3183 1787 3209 sarcasmos
1814 3172 1907 3207 AM
1938 3183 2013 3208 sar-

309 3233 434 3258 camos
459 3222 489 3258 S
512 3224 525 3269 ΙΙ
555 3223 797 3270 archaismos]
824 3233 929 3259 casus
954 3233 1021 3268 pro
1048 3233 1137 3258 casu
1161 3223 1245 3259 add.
1264 3221 1305 3257 D
