2124 3600
274 1039 318 1070 10

272 1394 316 1426 15

270 1751 316 1783 20

270 2107 314 2139 25

346 283 403 324 84
1120 284 1281 320 SERVII

346 392 463 433 aliud
490 394 566 434 est.
618 391 847 447 Tantalus,
879 407 952 434 rex
979 392 1320 447 Corinthiorum,
1348 393 1510 435 amicus
1535 394 1785 436 numinibus
1812 393 1905 436 fuit.
1944 409 2052 449 quae

344 477 441 505 cum
485 463 730 518 frequenter
774 463 1009 518 susciperet
1053 466 1096 506 et
1138 464 1323 519 quodam
1368 466 1563 519 tempore
1607 465 1844 507 defuissent
1888 465 2052 520 epulae,

342 533 480 575 filium
512 549 637 576 suum
669 534 872 589 Pelopem
906 535 1061 577 occidit
1092 538 1135 577 et
1166 536 1247 577 diis
1280 535 1539 591 epulandum
1573 536 1786 591 adposuit.
1844 538 1946 577 tunc
1978 537 2052 578 ab·

343 604 605 647 stinentibus
637 606 819 661 cunctis,
853 604 982 648 Ceres
1014 621 1210 648 umerum
1244 607 1334 648 eius
1368 607 1526 661 exedit,
1559 609 1602 649 et
1634 622 1730 649 cum
1757 622 1852 648 eum
1887 607 1944 648 dii
1976 621 2053 662 per

342 674 602 718 Mercurium
648 691 846 719 revocare
891 677 943 718 ad
990 693 1167 732 superos
1209 678 1387 733 vellent,
1435 678 1645 720 eburneus
1688 679 1727 720 ei
1771 681 1838 720 est
1880 692 2051 720 umerus

342 747 589 802 restitutus,
626 750 675 789 ut
712 747 986 803 umeroque
1018 748 1206 803 Pelops
1245 749 1472 805 insignis
1511 750 1719 792 eburno.
1780 749 1875 792 ideo
1908 752 2051 791 autem

343 818 437 859 sola
457 816 586 860 Ceres
614 818 772 861 dicitur
798 834 1007 875 comesse,
1041 821 1141 875 quia
1166 821 1261 875 ipsa
1288 823 1354 863 est
1378 823 1511 876 terra,
1544 835 1653 876 quae
1679 835 1834 876 corpus
1860 821 2050 863 resolvit.

342 903 419 944 per
443 887 703 931 Mercurium
730 893 875 933 autem
903 891 957 933 ob
990 891 1072 933 hoc
1102 892 1282 947 fingitur
1315 906 1407 933 esse
1440 894 1682 947 revocatus,
1716 891 1830 947 quod
1862 892 1954 947 ipse
1987 894 2052 934 est

343 959 446 1002 deus
477 961 748 1016 prudentiae,
780 976 856 1017 per
882 977 1010 1017 quam
1040 961 1288 1017 philosophi
1316 962 1685 1018 deprehenderunt
1709 964 2050 1017 παλιγγενεσίαν

343 1031 410 1073 vel
450 1029 800 1087 μετεμψύχωσιν.
862 1031 1070 1075 Tantalus
1110 1036 1250 1075 autem
1292 1034 1373 1076 hac
1411 1034 1505 1089 lege
1544 1034 1655 1088 apud
1694 1034 1854 1076 inferos
1895 1034 2062 1076 dicitur'

343 1117 435 1144 esse
468 1103 716 1158 damnatus,
758 1105 807 1145 ut
837 1103 882 1144 in
913 1102 1105 1146 Eridano
1144 1105 1378 1146 inferorum
1416 1107 1535 1147 stans
1573 1119 1651 1146 nec
1688 1105 1814 1146 undis
1853 1119 2050 1160 praesen-

341 1173 457 1215 tibus
489 1189 568 1216 nec
599 1174 752 1216 vicinis
785 1174 875 1216 eius
908 1175 1117 1229 pomariis
1148 1175 1405 1229 perfruatur.
1455 1190 1531 1230 per
1563 1175 1669 1217 haec
1696 1178 1839 1217 autem
1867 1175 2080 1218 avaritia=

342 1244 633 1301 significatur,
671 1248 721 1287 ut
752 1246 883 1288 etiam
915 1245 1124 1288 Horatius
1158 1247 1277 1302 quid
1309 1246 1476 1288 rides?
1518 1248 1716 1289 mutato
1755 1247 1960 1289 nomine
1994 1246 2050 1288 de

340 1318 388 1357 te
421 1316 598 1359 fabula
623 1319 876 1359 narratur.
970 1328 1249 1360 GENIALIBVS
1278 1317 1412 1360 veluti
1439 1317 1701 1373 genialibus:
1731 1332 1832 1359 nam
1859 1318 2050 1373 geniales

341 1388 516 1443 proprie
550 1390 650 1430 sunt
682 1389 756 1444 qui
795 1390 1046 1430 sternuntur
1083 1388 1237 1442 puellis
1274 1387 1555 1443 nubentibus,
1595 1388 1698 1431 dicti
1736 1403 1761 1431 a
1793 1388 2049 1444 generandis

340 1458 500 1502 liberis.

460 1530 558 1573 604.
607 1542 765 1573 AVREA
797 1542 979 1574 FVLCRA
1013 1531 1167 1586 quibus
1199 1530 1421 1586 fulcimur,
1452 1530 1496 1572 id
1528 1533 1594 1573 est
1625 1531 1899 1573 sustinemur.

460 1600 558 1644 605.
608 1613 830 1645 REGIFICO
862 1614 987 1644 vav
1023 1601 1162 1658 regali
1201 1601 1378 1643 ambitu.
1513 1613 1751 1644 FVRIARVM
1783 1614 1969 1644 MAXIMA
2005 1602 2050 1644 id

341 1674 408 1714 est
438 1673 696 1729 saevissima,
727 1673 800 1716 hoe
830 1677 889 1716 est
918 1673 1092 1728 Fames,
1123 1676 1172 1715 ut
1203 1672 1296 1726 <III
1326 1672 1442 1727 252>
1475 1673 1620 1715 vobis
1652 1672 1923 1716 Furiarum
1956 1687 2048 1729 ego

341 1743 562 1785 maxima
592 1743 772 1798 pando.
822 1744 932 1786 unde
966 1746 1009 1786 et
1041 1744 1199 1786 famem
1230 1744 1526 1799 praenuntiat,
1558 1746 1607 1785 ut
1638 1744 1751 1786 hanc
1780 1759 1874 1786 esse
1899 1744 2047 1786 Furia-

340 1829 435 1856 rum
467 1814 699 1857 maximam
732 1815 895 1857 doceat.

460 1885 558 1927 606.
607 1897 666 1927 ΕΤ
699 1897 902 1928 MANIBVS
935 1887 1110 1929 illorum
1144 1885 1324 1941 scilicet,
1355 1900 1444 1928 non
1477 1887 1577 1928 suis.

459 1956 558 1999 607.
606 1967 763 1999 FACEM
783 1968 1058 1999 ATTOLLENS
1085 1956 1264 1999 iniciens
1291 1957 1436 2013 ignem
1464 1958 1689 2013 avaritiae,
1714 1960 1762 2000 ut
1788 1957 2047 2002 abstineant.

460 2027 558 2070 608.
608 2039 751 2070 INVISI
777 2039 985 2071 FRATRES
1011 2028 1119 2070 haec
1145 2027 1317 2082 quidem
1339 2030 1511 2070 constat
1531 2028 1644 2071 dicta
1664 2041 1757 2071 esse
1778 2028 2049 2085 generaliter,

340 2101 524 2153 possunt
560 2101 706 2141 tamen
745 2099 877 2141 etiam
910 2099 963 2141 ad
996 2099 1182 2154 speciem
1221 2098 1354 2154 trahi,
1392 2102 1441 2141 ut
1472 2099 1723 2155 Aegyptum
1762 2101 1805 2141 et
1836 2098 2047 2155 Danaum,

437 2255 455 2285 1
483 2250 663 2286 Tantalus
688 2262 718 2286 e.
746 2263 780 2296 q.
807 2251 853 2297 s.]
887 2261 999 2286 exser.
1027 2263 1064 2285 m
1065 2251 1213 2297 y.thogr
1240 2250 1275 2285 11
1302 2255 1380 2294 102,
1407 2251 1459 2285 III
1486 2255 1519 2293 6,
1546 2255 1601 2288 21,
1642 2251 1686 2287 cf.
1713 2262 1748 2284 111
1751 2251 1898 2296 y.thogr
1925 2252 1940 2285 I
1970 2256 2010 2286 12
2035 2251 2048 2298 Η

342 2304 362 2334 6
389 2298 606 2344 umeroque]
634 2309 758 2343 georg.
780 2298 831 2333 111
853 2303 871 2334 7
892 2300 904 2343 ΙΙ
926 2302 967 2333 13
995 2298 1188 2345 Horatius]
1216 2299 1284 2334 sat.
1310 2299 1326 2333 Ι
1350 2303 1380 2342 1,
1402 2302 1445 2333 69
1466 2300 1477 2344 ΙΙ
1500 2302 1542 2332 14
1567 2309 1654 2333 nam
1678 2299 1873 2343 geniales,
1927 2298 2045 2333 ,11110-

340 2345 408 2392 ris]
436 2356 550 2381 exscr.
578 2344 663 2380 Isid.
691 2344 759 2380 XX
786 2350 841 2391 11,
863 2348 914 2392 511
942 2350 983 2381 17
1010 2346 1145 2390 quibus
1172 2375 1180 2382 .
1201 2373 1210 2381 .
1232 2373 1240 2382 .
1268 2345 1508 2392 sustinemur]
1538 2345 1760 2381 exsc1.Isid.
1788 2345 1874 2380 XIX
1896 2326 1956 2390 26,
1978 2350 1998 2380 3

441 2492 458 2522 1
494 2486 597 2522 aliud
623 2490 697 2531 est,
730 2499 800 2534 quo
824 2489 1046 2532 scholiastes,
1078 2489 1154 2523 nisi
1177 2489 1306 2533 fallor,
1338 2488 1519 2523 ostendere
1543 2488 1659 2523 voluit
1685 2487 1819 2523 ‘lucent
1842 2489 2049 2533 genialibus

343 2535 443 2570 altis’
472 2546 499 2569 e.
525 2546 556 2580 q.
582 2545 609 2569 8.
642 2546 717 2570 non
747 2537 797 2571 ad
822 2535 960 2570 Ixiona
988 2536 1266 2581 Pirithoumque
1291 2536 1491 2580 pertinere,
1522 2546 1588 2571 om.
1616 2534 1708 2570 FO:
1743 2537 1807 2581 qui
1837 2536 1932 2580 quod
1963 2539 2047 2571 ante

307 2619 312 2625 ,
342 2581 524 2616 Tantalus
550 2582 717 2617 eoehibent
741 2583 837 2618 sicut
862 2593 974 2628 supra
999 2582 1160 2617 diximus
1185 2584 1226 2618 id
1249 2594 1323 2618 non
1347 2586 1398 2618 est
1422 2582 1558 2627 Servii,
1591 2584 1655 2627 qui
1685 2583 1727 2617 in
1751 2583 1930 2618 Aeneidos
1955 2593 2044 2618 com-

340 2630 519 2664 mentario
549 2629 747 2665 Tantalum
772 2641 847 2665 non
872 2632 1177 2674 commemoravit,
1204 2631 1253 2666 ad
1276 2641 1393 2675 §eoo-9.
1413 2630 1464 2664 ΙΙΙ
1486 2634 1504 2664 7
1525 2641 1652 2674 pauca
1677 2631 1719 2665 de
1743 2641 1782 2665 eo
1806 2631 1904 2665 dioeit
1922 2631 1933 2676 ΙΙ
1951 2629 2045 2665 Tan-

342 2676 457 2729 talus]
484 2676 579 2711 iouis
605 2679 644 2712 et
668 2676 778 2722 egine
803 2677 902 2712 filius
928 2679 1011 2713 add.
1040 2678 1080 2712 F
1107 2680 1119 2722 ΙΙ
1151 2678 1417 2712 chorintiorum
1442 2677 1485 2711 H
1519 2677 1762 2712 corithiorum
1787 2676 1864 2712 FC
1891 2678 1903 2723 ΙΙ
1933 2677 2044 2724 quae]

342 2722 407 2768 qui
426 2723 473 2758 M
496 2723 575 2767 (qui
601 2735 684 2758 cum
710 2725 924 2769 frequenter
950 2735 1012 2759 eos
1038 2724 1242 2770 susciperet
1260 2725 1465 2769 Stephanus
1485 2725 1624 2759 Daniel
1646 2725 1728 2770 aliz)
1747 2726 1760 2770 ΙΙ
1779 2728 1800 2758 2
1827 2727 1865 2759 et
1883 2735 1949 2759 om.
1970 2723 2011 2759 F
2017 2725 2047 2759 Ο

340 2771 352 2817 Η
377 2771 465 2805 (111111
492 2770 698 2807 defuissent
722 2771 800 2807 FO
813 2774 825 2816 ss
843 2775 867 2806 4
892 2773 1036 2807 cunctis
1062 2783 1127 2808 om.
1156 2771 1196 2806 F
1211 2773 1223 2818 Η
1241 2772 1434 2807 humerum
1462 2771 1635 2806 ASRM
1652 2773 1664 2817 ΙΙ
1684 2771 1830 2807 excedit
1854 2772 1893 2806 Η
1913 2772 1924 2818 ΙΙ
1944 2771 2043 2817 cum]

341 2818 428 2853 dum
455 2817 495 2852 F
501 2818 531 2852 C
546 2819 559 2863 ΙΙ
578 2829 662 2852 011111
689 2829 754 2854 om.
775 2819 811 2853 A
830 2821 842 2863 ΙΙ
861 2823 882 2853 5
908 2819 956 2853 ad
982 2830 1133 2863 superos
1159 2830 1225 2856 om.
1247 2819 1283 2854 R
1301 2821 1314 2865 ss
1332 2818 1504 2853 humerus
1526 2819 1697 2854 ASRM
1710 2821 1723 2863 fl
1742 2823 1762 2854 6
1788 2817 1951 2853 restituti
1978 2818 2018 2853 F
2034 2822 2044 2865 ΙΙ

340 2865 383 2900 ut
414 2875 616 2909 umeroque
648 2867 796 2910 scripsi.
829 2866 925 2900 sieut
954 2877 1067 2910 supra
1098 2866 1325 2911 humeroque
1351 2866 1467 2900 AsR
1477 2867 1523 2900 M
1559 2876 1762 2911 umeroque
1789 2866 1834 2900 H
1866 2866 1963 2901 unde
1990 2870 2046 2901 est

342 2922 542 2956 umeroque
569 2911 646 2947 ΕΟ
660 2914 672 2958 Ι]
690 2912 821 2958 pelobs
849 2911 880 2947 C
894 2914 906 2958 ΙΙ
927 2917 945 2948 7
973 2913 1087 2948 soluit
1114 2914 1162 2947 M
1179 2916 1231 2957 118
1258 2913 1344 2959 1100]
1373 2915 1431 2948 est
1455 2914 1540 2948 add.
1567 2911 1611 2947 H
1625 2914 1636 2959 ΙΙ
1655 2924 1735 2949 esse
1761 2924 1827 2948 om.
1853 2911 2011 2948 ASFC'
2030 2912 2043 2960 Η

341 2963 362 2995 9
394 2970 503 3004 quem
535 2959 612 2994 FO
646 2961 657 3005 ΙΙ
693 2960 976 3013 palingenesian
1014 2959 1074 2994 uel
1108 2959 1446 3005 metempsychosin
1480 2961 1535 2995 vel
1571 2958 1875 3005 metempsicosin
1912 2960 2000 2994 libri
2032 2964 2041 3006 ¹!

343 3010 385 3042 11
412 3005 590 3042 heridano
616 3007 689 3041 AS
725 3006 891 3042 eridiano
919 3007 949 3042 Ο
970 3008 982 3052 ΙΙ
1016 3011 1056 3041 12
1084 3006 1118 3041 01
1143 3007 1239 3041 ΗΜ
1259 3009 1270 3053 ΙΙ
1297 3007 1534 3052 perfruantur
1559 3007 1599 3042 F
1619 3008 1631 3052 ΙΙ
1657 3006 1884 3052 perfruatur]
1912 3017 2039 3051 quem-

341 3053 541 3090 admodum
565 3055 604 3088 et
628 3054 801 3089 homerus
826 3055 863 3089 in
891 3053 1048 3099 odyssea
1073 3053 1251 3089 describit
1274 3065 1397 3089 novem
1416 3065 1583 3089 versuum
1600 3055 1720 3099 spatio
1738 3054 1861 3089 relicto
1886 3054 1970 3089 add.
1991 3053 2041 3089 D

342 3102 388 3146 cf.
415 3100 480 3137 Od.
500 3100 551 3135 XI
572 3103 639 3135 582
659 3102 672 3145 ΙΙ
691 3102 833 3148 autem]
860 3112 955 3146 quae
978 3102 1129 3136 narrata
1154 3104 1239 3136 sunt
1263 3102 1348 3136 add.
1369 3101 1409 3135 F
1425 3103 1436 3146 ΙΙ
1457 3105 1500 3135 13
1528 3101 1640 3136 etiam
1666 3111 1731 3136 om.
1754 3099 1830 3135 FO
1845 3101 1858 3144 ss
1877 3101 1958 3144 quit
1984 3101 2032 3136 G·
2030 3102 2041 3146 1}

344 3153 388 3183 14
413 3147 549 3194 ueluti]
575 3147 638 3182 uel
664 3149 729 3183 aut
754 3148 791 3183 in
811 3149 852 3183 F
885 3149 990 3183 uelut
1013 3148 1052 3183 in
1073 3148 1103 3184 Ο
1118 3150 1130 3192 ΙΙ
1149 3148 1344 3193 genalibus
1364 3149 1435 3182 A&
1454 3149 1466 3192 ΙΙ
1487 3152 1528 3183 17
1555 3159 1716 3183 rvncnnx
1736 3147 1819 3182 ΑΗ
1838 3148 1849 3193 ΙΙ
1871 3150 1913 3182 18
1936 3148 2040 3193 regio

342 3196 417 3242 ΜΗ
435 3196 473 3230 id
500 3198 556 3230 est
582 3222 590 3230 .
611 3223 618 3230 .
641 3222 648 3230 .
675 3196 797 3240 pando
824 3207 888 3231 om.
912 3197 960 3230 M
978 3197 989 3242 ΙΙ
1010 3199 1052 3230 19
1078 3195 1187 3230 famis
1207 3194 1284 3230 FC
1299 3197 1311 3239 ΙΙ
1330 3199 1375 3229 20
1401 3196 1439 3229 et
1463 3205 1528 3230 om.
1549 3194 1713 3230 ASRH
1729 3196 1741 3240 ΙΙ
1759 3193 1976 3240 pronuntiat
2003 3193 2044 3229 F

341 3244 353 3294 Η
378 3253 456 3279 esse
482 3254 547 3279 om.
565 3243 608 3278 M
628 3243 642 3289 ΙΙ
660 3246 704 3278 25
731 3243 871 3289 species
890 3243 961 3278 AS
969 3244 1001 3279 U
1034 3243 1198 3290 speciaes
1217 3242 1257 3278 F
1273 3243 1284 3289 ΙΙ
1304 3243 1464 3287 egistum
1484 3242 1534 3276 M
1546 3243 1558 3288 ΙΙ
1577 3242 1736 3278 denaum
1756 3242 1801 3276 H
1828 3242 1989 3277 danuum
2010 3241 2042 3279 O
