2124 3600
330 291 352 331 1
359 291 385 332 6
1101 291 1261 328 SERVII

445 400 514 442 63.
563 411 647 442 FAS
680 411 762 442 EST
794 411 1004 442 PARCERE
1038 412 1186 443 GENTI
1218 401 1320 456 quia
1352 416 1396 442 se
1429 402 1585 444 victam
1617 403 1789 446 fatetur.

444 471 511 512 64.
567 483 733 522 Qvlssvs
778 483 988 514 osssr1T1T
1035 484 1168 515 ILIVM
1214 472 1486 527 Ganymedes
1531 474 1644 515 enim
1688 474 1839 516 Hebae
1883 475 2034 530 obfuit,

324 541 447 583 Paris
474 542 693 585 Minervae
721 545 763 584 et
787 542 956 585 Iunoni.
1006 544 1120 598 quod
1152 538 1315 598 autem,
1348 559 1444 585 cum
1476 544 1631 587 dixerit
1662 545 1811 601 ‘dique
1843 546 2033 600 deaeque

324 613 507 669 omnes',
545 613 721 656 dearum
758 616 927 655 tantum
967 614 1206 668 reperimus
1246 615 1459 670 exempla,
1499 630 1585 657 non
1618 616 1774 658 mirum
1814 619 1898 672 est,
1936 632 2031 659 cum

275 694 296 723 5
324 699 456 739 supra
480 684 688 739 <11632>
716 685 947 726 dixerimus
973 681 1296 739 ἀρσενοθήλεις
1328 700 1421 727 esse
1454 700 1603 728 omnes
1636 687 1751 729 deos.
1800 702 2032 742 possumus

253 1052 296 1083 10

253 1411 296 1441 15

251 1768 296 1799 20

323 769 425 812 ergo
466 759 504 798 ct
539 770 615 811 per
654 772 786 798 unam
825 771 915 798 rem
959 758 1188 811 utrumque
1229 756 1500 813 intellegere,
1545 758 1646 800 licet
1689 759 1857 801 dicatur
1900 760 2031 801 etiam

322 827 527 882 Neptuno
568 828 758 870 obfuisse
791 827 918 869 Troia
952 843 1002 869 ex
1035 828 1322 884 denegatione
1362 830 1615 872 mercedum.
1677 830 1876 872 novimus
1909 844 2032 885 prae-

321 901 441 942 terea
472 914 566 942 esse
599 914 763 941 morem
794 899 1030 954 poeticum,
1060 900 1111 940 ut
1140 899 1306 941 duabus
1338 900 1575 955 propositis
1604 900 1730 942 rebus
1756 901 1832 942 uni
1858 915 2031 956 respon-

322 970 468 1022 deant,
510 972 558 1012 ut
588 970 765 1012 navita
802 972 907 1011 tum
948 969 1118 1011 stellis
1160 984 1397 1012 numeros
1437 973 1486 1012 et
1522 971 1731 1013 nomina
1761 971 1889 1014 fecit
1920 971 2028 1014 Ple-

322 1041 487 1096 iadas,
531 1040 735 1096 Hyadas
781 1041 1070 1096 claramque
1109 1040 1365 1095 Lycaonis
1398 1041 1608 1085 Arcton:
1653 1058 1754 1085 nam
1798 1057 2030 1098 suppresso

323 1127 503 1155 numero
536 1113 645 1155 dixit
675 1112 863 1154 nomina.

442 1185 509 1228 66.
559 1195 783 1227 PRAESCIA
815 1196 1022 1226 VENTvm
1055 1184 1301 1226 absolutum
1333 1186 1418 1239 est,
1450 1200 1593 1227 rerum
1626 1188 1914 1229 venturarum.

323 1268 387 1298 DA
419 1256 504 1310 dic,
542 1259 590 1298 ut
626 1256 710 1312 qui
749 1256 819 1298 sit
857 1256 935 1311 da,
974 1255 1168 1311 Tityre,
1206 1256 1372 1298 nobis:
1404 1256 1516 1299 unde
1556 1259 1622 1299 est
1659 1259 1810 1299 contra
1842 1257 1913 1312 <ΙΙ
1945 1258 2029 1312 65>

322 1328 501 1383 accipe
533 1342 665 1370 nunc
696 1327 926 1370 Danaum
966 1327 1202 1369 insidias:
1240 1342 1329 1370 non
1362 1328 1475 1370 enim
1508 1331 1730 1383 praestare
1762 1329 1923 1384 aliquid
1955 1344 2029 1384 po-

322 1402 452 1454 terat,
497 1400 571 1442 sed
615 1399 805 1441 indicare
849 1399 1006 1441 futura.
1138 1411 1235 1441 NON
1276 1411 1500 1441 INDEBITA
1541 1411 1688 1442 posco
1728 1411 1884 1442 REGNA
1924 1412 2032 1442 Mms

323 1470 457 1513 FATIS
484 1471 604 1513 deest
631 1470 723 1513 esi'.
774 1474 841 1513 est
867 1473 1010 1513 autem
1038 1467 1206 1525 εἱρμὸς,
1238 1470 1280 1512 id
1308 1473 1374 1512 est
1405 1471 1707 1526 longissimum
1739 1471 2032 1526 hyperbaton:

322 1542 497 1584 Phoebe
530 1545 573 1584 et
606 1557 682 1584 vos
714 1542 775 1584 dii
800 1541 1006 1597 deaeque,
1038 1545 1171 1596 tuque
1198 1556 1222 1583 o
1250 1544 1369 1584 vates
1396 1542 1468 1597 da,
1500 1542 1544 1583 id
1571 1545 1636 1584 est
1663 1542 1747 1598 dic,
1778 1542 1905 1584 Latio
1926 1542 2032 1584 Teu-

321 1628 417 1656 cros
451 1613 689 1668 considere,
722 1615 758 1655 si
790 1628 879 1655 non
908 1627 1040 1669 posco
1073 1627 1207 1668 regna
1239 1613 1346 1655 meis
1375 1613 1479 1655 fatis
1505 1613 1711 1655 indebita.
1762 1612 1859 1655 ‘dic'
1888 1615 2029 1656 autem

323 1683 600 1740 ‘considere',
631 1685 673 1726 id
707 1686 772 1726 est
803 1687 946 1726 utrum
979 1684 1196 1738 possimus
1230 1683 1461 1726 considere.
1525 1686 1567 1726 et
1598 1684 1836 1726 verecunde
1869 1685 2031 1727 dictum

322 1759 390 1798 est
422 1756 530 1799 ‘non
562 1771 693 1811 posco
726 1754 964 1810 indebita',
995 1769 1092 1796 cum
1126 1757 1290 1797 certum
1323 1757 1490 1796 constet
1522 1769 1613 1797 esse
1645 1769 1780 1811 regna
1811 1755 1970 1798 deberi.

442 1829 510 1871 68.
561 1839 899 1878 ERRANTESQVE
933 1838 1054 1869 DEos
1087 1829 1136 1868 ut
1168 1825 1282 1881 <VII
1314 1826 1429 1880 229>
1462 1826 1562 1868 diis
1595 1827 1759 1868 sedem
1792 1827 2028 1883 exiguam

322 1900 523 1954 patriis.
657 1910 957 1949 AGITATAQVE
996 1910 1179 1940 NVMINA
1217 1909 1389 1939 TROIAE
1427 1899 1502 1939 aut
1539 1911 1701 1939 mecum
1741 1900 1916 1941 vexata:
1957 1901 2032 1940 aut

322 1973 435 2013 certe
462 1967 601 2022 ξόανα
628 1971 748 2025 dicit,
781 1970 823 2011 id
852 1972 918 2011 est
945 1970 1175 2011 simulacra
1199 1969 1365 2023 brevia,
1398 1984 1504 2024 quae
1530 1970 1818 2024 portabantur
1843 1969 1887 2010 in
1914 1969 2031 2010 lecti—

418 2129 439 2159 9
466 2124 610 2170 navita]
637 2134 765 2169 georg.
794 2125 807 2159 I
837 2128 902 2159 137
935 2125 947 2169 ΙΙ
981 2127 1023 2158 13
1049 2134 1097 2157 DA
1123 2121 1199 2168 dic]
1229 2122 1273 2157 cf.
1300 2121 1394 2158 Non.
1422 2134 1457 2167 p.
1486 2126 1566 2166 278,
1593 2126 1638 2156 30
1659 2122 1706 2156 M.
1751 2121 1843 2157 Don.
1871 2122 1918 2157 ad
1945 2118 2052 2157 Ter.v

322 2183 404 2207 eun.
430 2172 483 2206 III
510 2176 541 2217 1,
570 2176 611 2207 11
644 2173 656 2217 ΙΙ
688 2172 753 2216 qui
779 2171 843 2218 sit]
869 2172 951 2207 buc.
979 2170 994 2206 Ι
1023 2174 1066 2205 18

420 2320 436 2350 1
463 2316 570 2351 schol.
597 2315 647 2350 ad
665 2325 697 2351 v.
717 2318 762 2350 63
783 2325 850 2350 om.
871 2313 905 2349 G
923 2315 936 2359 ss
955 2313 1058 2359 quia]
1086 2323 1158 2358 que
1179 2311 1220 2346 F
1235 2313 1246 2358 ΙΙ
1266 2313 1415 2358 patetur
1436 2312 1476 2347 F
1491 2314 1503 2357 ΙΙ
1522 2316 1542 2347 2
1569 2310 1777 2357 ganimedis
1797 2311 1877 2347 FG
1914 2323 2029 2357 gany-

405 2382 420 2400 e

322 2409 440 2446 medis
467 2410 498 2445 G
532 2410 748 2455 ganimedes
773 2408 909 2445 ΑΒΗ
940 2410 952 2455 ΙΙ
990 2407 1088 2442 enim
1115 2419 1179 2444 om.
1208 2407 1242 2443 G
1278 2409 1290 2453 ΙΙ
1326 2408 1454 2444 Hebae
1487 2407 1622 2454 obfuit]
1662 2407 1770 2442 offuit
1802 2407 1920 2443 haebe
1951 2407 2030 2442 filia

320 2458 434 2493 iunofi
461 2457 498 2492 R
521 2459 534 2503 ΙΙ
558 2458 704 2504 Hebae]
731 2457 798 2493 ebe
824 2456 860 2491 A
896 2456 992 2491 hebe
1020 2455 1054 2490 G
1091 2456 1209 2491 haebc
1238 2455 1268 2491 O
1301 2455 1444 2491 haebae
1471 2456 1529 2499 M,
1556 2467 1621 2491 om.
1650 2455 1691 2490 H
1719 2457 1732 2500 ΙΙ
1763 2454 1870 2489 offuit
1893 2454 2031 2489 FGM

322 2504 444 2540 obfuit
469 2517 513 2540 ex
538 2505 646 2541 offuit
672 2505 703 2540 Ο
729 2507 742 2550 ΙΙ
780 2509 801 2539 3
822 2504 927 2539 Paris
952 2514 1018 2538 om.
1045 2503 1125 2539 FG
1154 2505 1167 2549 ΙΙ
1197 2503 1343 2548 iunonis
1370 2503 1406 2537 A
1436 2505 1448 2549 u
1480 2503 1594 2549 quod]
1623 2502 1833 2537 cur-FGC'
1858 2503 1872 2548 ll
1903 2501 2028 2546 diique

323 2553 542 2588 FGARH
555 2555 568 2598 ΙΙ
586 2558 609 2588 4
634 2552 780 2599 omnes]
807 2562 874 2588 om.
894 2552 943 2595 A,
969 2551 1089 2586 omnis
1115 2563 1199 2586 cum
1220 2550 1299 2585 FG
1338 2550 1456 2587 omnis
1484 2550 1515 2586 Ο
1530 2552 1543 2596 ΙΙ
1561 2550 1792 2595 repperimus
1818 2549 1913 2586 ΒΜ
1946 2559 2030 2594 rep-

322 2600 508 2645 periamus
535 2600 614 2635 FG
651 2601 879 2646 reperiamus
906 2598 1005 2644 0115
1031 2595 1302 2644 ἄρσενοθήλεις
1327 2598 1423 2644 esse]
1450 2598 1684 2633 arsenodeles
1711 2608 1791 2632 esse
1817 2597 1857 2631 F
1891 2596 2030 2632 arsinu-

321 2648 409 2683 tiles
441 2658 519 2683 esse
553 2648 586 2683 G
624 2647 827 2683 aristotelis
859 2657 938 2682 esse
972 2647 1003 2681 0
1043 2646 1269 2681 arsenoteles
1300 2657 1377 2682 esse
1403 2645 1439 2680 R
1478 2644 1733 2690 arsenothelys
1760 2655 1840 2680 esse
1865 2644 1916 2679 M
1948 2655 2029 2679 asse

292 2708 294 2711 ’
322 2695 396 2731 AS
432 2706 493 2730 ase
514 2695 558 2730 H
572 2696 584 2740 ΙΙ
610 2700 631 2730 6
657 2695 864 2731 intelleiere
885 2694 928 2728 H
943 2695 956 2739 ΙΙ
976 2698 995 2729 7
1016 2694 1201 2739 neptunus
1226 2705 1250 2729 a
1287 2694 1493 2737 neptunum
1521 2693 1551 2727 O
1566 2694 1578 2738 ΙΙ
1598 2692 1743 2727 offuisse
1768 2692 1864 2727 RM
1879 2692 1891 2737 ΙΙ
1910 2691 2027 2727 troiae

322 2743 358 2778 A
395 2743 490 2778 troie
517 2743 563 2777 H
577 2745 588 2788 ΙΙ
615 2743 676 2789 ex]
703 2743 746 2787 in·
769 2742 819 2777 M
834 2744 847 2787 ΙΙ
873 2741 1058 2787 denegata
1081 2740 1252 2776 mercede
1278 2740 1397 2776 FGC
1412 2742 1425 2786 ΙΙ
1449 2740 1638 2786 novimus]
1665 2739 1888 2775 nouissimus
1914 2738 1994 2773 FG
2017 2737 2029 2785 ΙΙ

323 2794 344 2825 8
370 2790 595 2834 respondeat
619 2791 692 2825 AS
717 2793 729 2836 ΙΙ
755 2794 775 2824 9
801 2791 883 2825 tum
911 2789 972 2824 M:
998 2790 1088 2824 tunc
1114 2787 1359 2823 FGOASH
1391 2791 1413 2822 ἱ
1435 2787 1472 2822 R
1497 2789 1509 2832 ΙΙ
1534 2787 1680 2833 pliadas
1706 2785 1891 2822 ARHM
1921 2785 2028 2831 plya—

323 2838 389 2873 das
418 2837 494 2872 ΕΟ
515 2839 528 2882 ΙΙ
556 2841 599 2872 10
624 2837 741 2882 yadas
767 2837 863 2872 FM
894 2836 1026 2871 hiadas
1051 2836 1087 2871 A
1125 2836 1235 2871 sadas
1260 2835 1305 2870 H
1336 2835 1452 2870 nadas
1480 2835 1511 2870 G
1526 2836 1538 2880 ΙΙ
1564 2835 1778 2879 claramque
1804 2861 1813 2870 .
1833 2862 1841 2870 .
1864 2861 1871 2868 .
1898 2835 2027 2868 arcton

322 2897 389 2921 om.
416 2885 456 2919 F
472 2886 483 2930 ΙΙ
508 2885 642 2929 lycaon
668 2885 704 2920 R
742 2884 882 2920 lacenis
908 2883 953 2918 H
967 2885 979 2929 ΙΙ
1005 2882 1218 2929 suppresso]
1245 2882 1412 2928 superius
1439 2893 1507 2927 pro
1534 2881 1615 2917 FG
1633 2883 1646 2927 ΙΙ
1677 2886 1719 2916 12
1746 2882 1803 2916 est
1826 2891 1894 2916 om.
1923 2879 1996 2915 GC
2017 2879 2030 2926 Η

325 2937 368 2968 13
393 2933 531 2968 scholia
558 2933 607 2967 ad
631 2945 679 2967 DA
704 2936 737 2967 et
762 2944 830 2967 Non
855 2945 879 2967 1.
899 2944 930 2967 Ρ.
950 2945 981 2966 R.
1002 2945 1037 2966 M.
1058 2945 1089 2966 r.
1117 2941 1182 2966 om.
1207 2929 1241 2965 G
1259 2931 1271 2977 ΙΙ
1290 2930 1387 2965 unde
1414 2932 1470 2965 est
1494 2941 1559 2966 om.
1581 2930 1625 2964 H
1639 2931 1651 2974 ΙΙ
1681 2928 1826 2975 contra]
1853 2928 2028 2963 aecontra

321 2981 363 3016 F
396 2980 547 3016 econtra
569 2978 598 3013 Ο
614 2981 626 3024 ΙΙ
647 2983 689 3014 15
717 2979 798 3025 sed]
826 2979 857 3014 si
876 2979 947 3023 ΗΙΙ
968 2982 1011 3014 16
1036 2978 1188 3023 hyrmos
1208 2977 1244 3012 R
1280 2977 1394 3012 irmos
1413 2977 1450 3010 A
1485 2988 1611 3021 yrmos
1631 2977 1676 3011 H
1707 2976 1847 3011 hirmos
1867 2973 2028 3010 FGMa
2067 2986 2070 2989 ·

322 3029 334 3075 Η
358 3026 610 3073 hyperbaton]
640 3027 756 3061 saltus
783 3027 867 3062 add.
896 3025 926 3060 0
942 3028 954 3071 ΙΙ
975 3029 1017 3060 17
1044 3025 1082 3060 di
1109 3025 1139 3061 O
1174 3025 1284 3070 dique
1312 3025 1361 3059 M
1376 3026 1389 3069 ΙΙ
1410 3028 1453 3059 18
1481 3023 1512 3059 si
1539 3036 1612 3060 non
1638 3052 1645 3059 .
1668 3053 1675 3060 .
1698 3052 1706 3058 .
1731 3022 1915 3068 possimus
1940 3032 2026 3057 con-

323 3075 443 3111 sidere
469 3085 536 3110 om.
562 3073 651 3108 ΑΗ
665 3075 677 3118 ΙΙ
703 3074 808 3119 fatis]
834 3074 912 3108 fra}
940 3073 976 3107 R
994 3075 1007 3118 ΙΙ
1031 3073 1174 3119 autem]
1199 3074 1242 3107 ut
1265 3072 1306 3106 F
1321 3073 1334 3117 ΙΙ
1368 3075 1410 3106 19
1436 3072 1482 3106 ad
1509 3071 1715 3106 uerecunde
1742 3070 1788 3104 H
1819 3069 2026 3104 uerecunde

323 3124 449 3159 autem
470 3122 518 3156 M
534 3122 548 3166 ΙΙ
565 3119 709 3155 dictum
735 3122 806 3166 est]
834 3121 888 3155 ait
906 3119 995 3164 FC,
1023 3131 1090 3156 om.
1111 3120 1183 3155 AS
1201 3121 1214 3165 ΙΙ
1241 3123 1286 3154 20
1311 3130 1385 3154 non
1405 3146 1412 3154 .
1436 3146 1443 3153 .
1465 3147 1472 3153 .
1493 3117 1676 3164 indebita]
1704 3117 1736 3152 si
1759 3127 1833 3151 non
1857 3115 2027 3150 indebita

322 3182 436 3216 posco
462 3169 511 3204 M
523 3170 537 3214 ΙΙ
556 3178 640 3203 cum
667 3196 673 3202 .
695 3196 702 3203 .
726 3195 733 3202 .
762 3168 904 3213 deberi]
932 3179 1016 3203 cum
1042 3168 1186 3202 certum
1212 3169 1311 3202 esset
1336 3166 1423 3210 quia
1449 3166 1680 3201 debebantur
1699 3164 1748 3199 M
1761 3165 1774 3208 ΙΙ
1793 3163 1939 3198 constat
1959 3162 2018 3206 F!

322 3223 366 3253 21
395 3218 451 3253 dis
478 3217 565 3252 GM
586 3217 599 3262 ss
630 3219 675 3251 22
700 3215 806 3251 schol.
834 3216 883 3250 acl
908 3226 1128 3255 Affl'rA'rAQvn
1153 3228 1185 3251 N.
1212 3228 1242 3250 Τ.
1269 3213 1395 3249 om.‹G
1420 3214 1432 3258 ΙΙ
1460 3218 1504 3248 23
1531 3213 1631 3248 certe
1656 3223 1722 3248 om.
1748 3211 1826 3246 FC
1847 3212 1860 3255 ss
1888 3207 2027 3259 ξόανα]

323 3266 429 3309 signa
454 3266 572 3307 ξοανα
598 3262 639 3298 F
674 3262 780 3307 signa
804 3262 909 3305 ξιΑΝΛ
938 3262 969 3295 Ο
1003 3273 1145 3297 exoana
1169 3259 1338 3297 RASH
1370 3272 1487 3296 exona
1514 3261 1563 3294 M
