2092 3614
579 274 730 311 OOMM.
755 274 808 310 IN
834 274 978 310 VERG.
1005 272 1117 309 AEN.
1142 273 1194 308 XI
1219 277 1419 310 897—915.
1771 270 1857 312 573

265 386 364 427 912.
415 402 564 429 JNEANT
592 401 747 428 PVGNAS
768 398 849 438 pro
881 382 1083 426 ‘inissent'
1115 386 1154 425 et
1183 381 1487 436 ‘temptassent'.

265 457 365 499 913.
416 466 622 498 GVRGITE
654 467 830 497 HIBERO
865 468 1022 496 oceano
1057 453 1246 509 occiduo,
1277 453 1320 495 id
1353 454 1411 495 ist
1442 452 1650 508 Hispano.
1699 452 1857 508 Hispa-

145 527 263 569 niam
302 530 447 569 autem
479 526 704 568 Hiberiam
744 525 797 567 ab
829 525 993 567 Hibero
1033 525 1209 566 flumine
1249 527 1422 567 constat
1453 539 1545 566 esse
1577 525 1857 567 nominatam.

265 599 364 641 914.
415 615 506 641 mm
516 615 590 641 mr
617 614 740 644 EQVOS
775 597 944 651 quidam
983 595 1177 650 ‘linquat'
1215 596 1426 639 humiliter
1457 597 1609 639 dictum
1640 597 1857 651 accipiunt.

265 670 364 713 915.
415 680 681 712 OONSIDVNT
715 679 906 711 CASTRIS
938 667 1010 710 hoc
1034 671 1092 710 est
1116 668 1161 709 in
1188 683 1265 710 sua
1292 669 1471 723 quisque
1498 671 1633 711 castra
1660 667 1857 724 digressi.
1884 675 1904 706 5

146 756 238 797 erqo
269 745 343 784 aut
373 744 509 784 castra
532 743 782 794 posuerunt:
814 743 889 782 aut
918 740 976 782 ad
1005 753 1158 782 morem
1188 743 1417 782 castrorum
1445 740 1638 793 fecerunt.
1741 751 1856 782 MOE-

145 825 227 855 NIA
264 824 481 855 VALLANT
519 812 620 854 hinc
659 812 869 867 probatur
907 812 1010 866 quia
1048 813 1091 853 et
1129 812 1204 867 qui
1240 813 1434 866 tuentur,
1473 814 1516 853 et
1553 811 1623 866 qui
1658 811 1858 853 obsident

146 883 310 926 vallare
343 882 555 925 dicuntur.

243 1004 264 1035 2
290 999 510 1045 Hispaniam
537 1028 574 1037 ..
596 1027 604 1035 .
630 999 880 1046 nominatam]
907 999 951 1035 cf.
979 999 1067 1035 Isid.
1094 1011 1144 1035 or.
1171 999 1257 1036 XIV
1283 1004 1316 1043 4,
1343 1004 1388 1036 28

245 1110 263 1141 1
291 1108 340 1142 ad
367 1118 494 1142 mmm
519 1118 547 1142 s.
574 1118 605 1143 v.
632 1106 805 1150 inissent,
832 1107 882 1142 ad
906 1119 1089 1142 'murram
1114 1117 1141 1142 s.
1167 1117 1200 1142 v.
1227 1118 1293 1152 pro
1320 1108 1568 1152 temptassent
1598 1107 1629 1141 T
1645 1108 1658 1152 ΙΙ
1686 1111 1706 1142 2
1733 1107 1858 1153 hispa-

145 1155 208 1190 nio
235 1155 275 1189 F
290 1156 303 1200 ΙΙ
320 1154 471 1199 paniam
493 1154 537 1189 H
552 1155 605 1199 114
631 1156 679 1189 ad
704 1167 858 1190 rrmavm
884 1165 910 1189 s.
931 1166 962 1189 v.
989 1166 1058 1198 pro
1082 1155 1273 1200 tingueret
1297 1155 1328 1188 Τ
1345 1157 1357 1199 ΙΙ
1377 1159 1397 1190 6
1423 1157 1490 1190 aut,
1515 1156 1638 1191 castra
1665 1185 1671 1191 .
1695 1183 1703 1189 .
1725 1185 1731 1191 .
1759 1155 1856 1190 fece-

146 1205 234 1237 runt
257 1203 339 1238 hab.
364 1202 398 1237 Τ
411 1204 423 1247 ΙΙ
442 1202 506 1249 ad]
533 1203 571 1237 in
601 1203 633 1236 T
650 1203 662 1249 ΙΙ
681 1203 824 1238 uiorem
844 1202 883 1237 F
900 1204 911 1248 Ι]
930 1202 1099 1238 fecerunt
1123 1213 1190 1238 om.
1210 1202 1257 1237 F.
1283 1203 1366 1247 fort.
1395 1203 1642 1238 consederunt
1660 1204 1671 1249 ΙΙ
1699 1215 1859 1238 EXPLICIT

147 1263 250 1284 LIBER
275 1262 475 1286 VNDECIMVS
501 1263 629 1286 1N011’1‘r
657 1263 759 1285 LIBER
784 1262 1010 1286 nvomzcmvs
1036 1249 1131 1284 AM
1163 1263 1324 1285 Exulem*
1350 1263 1395 1284 DE
1422 1263 1524 1286 Lumo
1550 1263 1727 1286 VNm-zcmo
1753 1250 1789 1285 R
