2092 3614
495 238 647 276 COMM.
673 239 726 274 IN
751 237 894 273 VERG.
919 235 1031 272 AEN.
1057 236 1145 272 VIII
1171 239 1347 272 86—103.
1694 233 1782 274 213

1205 313 1221 329 .

129 362 382 402 VARIISQVE
415 360 669 392 Tnevu'rvn
700 358 962 391 Annonmvs
994 346 1078 389 hoc
1110 347 1179 387 est
1211 344 1328 399 <VII
1360 345 1446 400 30>
1477 344 1612 387 hunc
1643 343 1782 386 inter

65 423 232 466 fluvio
263 421 544 465 Tiberinus
578 434 801 463 amoeno.
1521 415 1527 428 ⁸

184 495 254 538 96.
303 504 479 537 SEGANT
499 504 704 536 PLAcmo
725 503 943 543 AEQVORE
969 501 1130 534 SILVAS
1157 487 1350 531 ostendit
1375 487 1482 530 adeo
1507 488 1779 543 perspicuam

64 567 198 609 fuisse
234 568 437 609 naturam
478 563 690 620 fluminis,
733 566 782 606 ut
822 564 867 605 in
906 552 956 605 eo
993 561 1250 618 apparerent
1286 559 1498 615 imagines
1542 574 1781 615 nemorum,

64 653 171 694 quas
197 637 409 680 Troianae
434 651 569 679 naves
596 635 814 679 secabant.
861 634 1144 677 Terentianus
1170 634 1358 674 natura
1389 631 1463 674 sic
1496 633 1576 673 est
1606 631 1779 691 flumi-
1806 638 1827 669 5

63 711 163 766 nis,
194 712 250 752 ut
282 709 463 752 obvias
495 707 751 764 imagines
786 707 1045 760 [nemorum]
1078 706 1314 759 receptet
1345 703 1396 745 in
1427 703 1589 746 lucem
1628 718 1779 745 suam.

182 782 252 824 97.
301 792 387 824 son
419 790 605 823 MEDIVM
637 789 776 821 CAnm
805 788 1177 821 consonNDnRAr
1199 768 1378 819 reunvs
1407 786 1568 818 ORBEM
1600 775 1779 817 alterius

63 853 229 896 scilieet
260 852 355 895 diei.

180 925 251 968 98.
300 935 396 967 cvm
421 935 576 967 nvnos
603 933 857 973 ARGEMQVE
884 932 1064 964 PROCVL
1090 920 1340 963 Palatinum
1373 919 1494 962 vidit.
1537 933 1616 961 nee
1646 919 1778 962 situm

62 998 335 1053 praesentem
367 994 638 1038 considerare
672 993 895 1036 debemus:
925 994 1029 1035 tunc
1055 991 1171 1034 enim
1194 990 1329 1033 nullis
1356 991 1633 1034 obstantibus
1660 991 1776 1033 aedi·
1807 998 1848 1029 10

61 1069 169 1111 ficiis
202 1070 246 1110 et
278 1067 425 1110 Tiberi
456 1082 534 1122 per
564 1066 775 1123 lupercal,
812 1067 861 1108 ut
898 1064 1084 1107 diximus
1117 1062 1252 1119 <90>,
1285 1063 1461 1119 fluente,
1492 1062 1619 1106 facile
1652 1078 1777 1106 mons

64 1142 237 1195 poterat
268 1139 402 1182 videri
434 1138 673 1180 Palatinus.

183 1211 279 1254 100.
330 1229 450 1254 camo
480 1228 556 1258 AEQ
565 1227 609 1253 VA
620 1227 683 1253 νη·
702 1223 782 1264 pro
814 1208 895 1251 ‘ad
923 1208 1080 1250 eaelum
1110 1205 1288 1250 extulil'.
1488 1217 1506 1236 ⁸

184 1284 278 1325 102.
327 1293 481 1325 ron'rn
520 1294 600 1324 mn
639 1293 928 1324 sonunMNEM
964 1291 1074 1322 inno
1113 1274 1420 1333 εὐσυμβόλως,
1468 1278 1510 1320 id
1555 1280 1622 1320 est
1661 1280 1776 1321 bono

62 1355 205 1397 omine
225 1354 381 1397 victori
408 1354 486 1396 deo
507 1352 707 1395 Troianis
735 1351 1007 1394 venientibus
1035 1364 1158 1392 sacra
1184 1349 1467 1391 celebrantur.
1511 1350 1625 1392 bona
1645 1351 1776 1392 ctiam
1805 1358 1847 1388 15

62 1442 164 1469 usus
196 1428 263 1469 est
294 1425 555 1468 oeconomia.

183 1498 278 1540 103.
329 1506 781 1539 AMPHITRYONIADAE
818 1505 981 1537 MAGNO
1020 1505 1243 1545 DIVISQVE
1282 1505 1495 1536 FEREBAT
1527 1493 1777 1549 Amphitryo

59 1585 132 1613 rex
165 1569 453 1612 Thebanorum
481 1568 575 1621 fuit.
630 1568 749 1610 euius
779 1580 949 1609 uxorem
981 1566 1225 1608 Alcmenam
1257 1565 1448 1620 Iuppiter
1478 1566 1707 1621 adamavit,
1740 1569 1778 1607 el

59 1643 158 1685 dum
197 1642 262 1684 vir
298 1641 384 1683 eius
423 1639 660 1682 Oechaliam
702 1639 905 1681 civitatem
948 1641 1174 1692 oppuquat,
1217 1639 1265 1680 de
1308 1638 1496 1680 trinoctio
1536 1637 1652 1690 facta
1688 1651 1776 1679 uua

61 1716 189 1769 noete,
227 1727 318 1755 eum
348 1726 396 1754 ea
427 1712 649 1754 concubuit.
710 1725 814 1765 quae
842 1713 940 1764 post
968 1710 1069 1752 duos
1099 1710 1227 1752 edidit
1261 1709 1387 1764 filios,
1425 1723 1557 1751 uuum
1588 1709 1636 1751 de
1666 1708 1774 1763 Iove,
1800 1717 1846 1748 20

64 1786 111 1827 id
139 1788 195 1827 est
225 1783 463 1839 Herculerm
493 1783 669 1825 alterum
700 1783 748 1825 de
779 1783 946 1837 marito,
976 1782 1050 1835 qui
1079 1781 1266 1836 Iphiclus
1295 1781 1526 1835 appellatus
1556 1783 1623 1823 est.
1684 1794 1776 1835 erqo

60 1856 291 1910 adsumpsit
319 1855 530 1909 epitheton.
580 1858 618 1897 el
649 1854 755 1896 satis
787 1853 924 1909 perite
955 1854 1019 1896 aa
1049 1852 1250 1907 ‘divisque
1277 1851 1470 1906 ferebal':
1509 1867 1609 1894 nam
1640 1853 1774 1894 cuivis

61 1928 141 1970 deo
175 1927 506 1981 sacrificaretur,
543 1940 715 1968 necesse
754 1927 848 1967 erat
878 1927 979 1980 post
1010 1925 1152 1979 ipsum
1185 1924 1317 1966 etiam
1350 1924 1538 1980 reliquos
1569 1923 1775 1966 invocari.

59 2000 230 2054 quidam
262 1998 461 2052 ‘divisque
488 1995 662 2051 ferebat’
695 1997 754 2039 sic
783 1996 1038 2051 iutellequul,
1069 2010 1161 2050 erqo
1191 1999 1230 2038 el
1250 1995 1449 2038 Hercules
1479 1996 1527 2037 de
1558 1996 1664 2038 divis
1694 1999 1773 2038 est:

60 2074 107 2113 ut
136 2073 194 2113 est
223 2070 330 2113 illud
357 2069 518 2112 schema
549 2068 815 2122 Coeumque
845 2067 1167 2121 Iapetumque
1196 2070 1331 2109 creat
1359 2081 1652 2121 saevumque
1685 2067 1774 2121 Ty-
1800 2075 1844 2107 25

53 2142 210 2196 phoca
234 2145 278 2184 et
301 2142 588 2184 coniuratos
612 2140 800 2183 caelum
829 2139 1106 2181 rescindere
1134 2139 1342 2191 fratres,
1368 2152 1461 2193 erqo
1486 2141 1523 2180 el
1545 2139 1775 2192 superiores

157 2263 199 2295 17
233 2258 455 2305 Amphitryo
483 2285 490 2292 .
512 2287 519 2294 .
542 2286 550 2293 .
577 2257 789 2303 appellatus
821 2257 895 2303 est]
929 2256 974 2292 cf.
1000 2256 1104 2291 ant.
1131 2256 1230 2291 Plac.
1265 2256 1312 2291 ad
1346 2255 1440 2291 Stat.
1465 2253 1580 2292 Theb.
1608 2256 1678 2291 X11
1704 2259 1771 2291 301

62 2309 100 2343 et
125 2308 309 2353 mythogr.
336 2306 370 2341 ΙΙ
398 2310 465 2342 148
490 2308 502 2353 {1
533 2310 578 2341 25
605 2304 832 2351 Coeumque]
860 2315 986 2349 georg.
1013 2304 1028 2338 I
1054 2307 1123 2339 279

157 2418 175 2448 1
201 2413 273 2448 hoe
315 2411 404 2448 hinc
423 2413 458 2448 L
475 2414 487 2460 ΙΙ
507 2418 527 2449 3
547 2425 697 2448 miserm
716 2412 752 2447 A
771 2413 783 2459 ΙΙ
802 2415 825 2447 4
848 2411 1033 2456 imagines
1058 2411 1234 2447 arborum
1259 2411 1319 2446 uel
1345 2421 1539 2446 nemorum
1559 2410 1596 2446 R
1615 2411 1626 2456 ΙΙ
1645 2421 1769 2446 nemo-

58 2474 140 2499 rum
171 2472 237 2496 om.
335 2461 432 2504 (add.
460 2462 485 2505 l)
522 2462 534 2507 n
577 2464 598 2496 5
630 2460 852 2496 secabantur
876 2459 905 2495 S
940 2460 952 2506 11
992 2458 1243 2494 terrentianus
1268 2458 1455 2494 ASHFl
1496 2458 1697 2493 terrentius
1723 2459 1768 2493 L.

59 2507 281 2544 Tiberianus
306 2509 397 2544 coni.
425 2508 611 2544 Baehrens
639 2507 771 2544 ο[Τηρεῖ.
798 2507 884 2544 Lat.
912 2507 1016 2542 Ged.’
1039 2518 1078 2552 p.
1106 2509 1150 2541 38
1183 2508 1294 2552 (poet.
1322 2507 1384 2543 lat.
1411 2506 1499 2541 miu.
1526 2506 1580 2540 111
1605 2517 1645 2550 p.
1672 2507 1767 2551 269).

60 2557 105 2599 cs.
133 2555 218 2590 Keil
241 2559 431 2600 qrammat.
459 2557 520 2591 lat.
548 2555 598 2590 VI
620 2567 660 2600 p.
687 2559 754 2590 322
793 2557 805 2601 ss
848 2555 901 2589 sic
927 2557 985 2589 est
1009 2556 1144 2589 natura
1170 2553 1210 2588 F
1243 2555 1255 2600 ῃ
1297 2554 1471 2589 naturam
1497 2553 1533 2588 L
1567 2554 1676 2597 (corr.
1704 2554 1731 2598 l)
1763 2553 1773 2599 Η

61 2609 81 2639 6
106 2603 280 2648 imaginis
306 2603 345 2638 F
362 2605 373 2649 ΙΙ
403 2614 595 2639 nemorum
621 2615 665 2638 ea:
689 2614 720 2638 υ.
742 2606 764 2637 4
788 2606 955 2647 repetunt
979 2602 1112 2636 RLII
1131 2602 1143 2648 ΙΙ
1180 2606 1201 2637 9
1229 2614 1333 2637 smvn
1358 2602 1393 2636 L
1411 2602 1423 2647 ΙΙ
1452 2600 1636 2646 palatium
1668 2601 1717 2635 M
1724 2600 1773 2644 F,

59 2650 212 2695 fortasse
236 2654 327 2685 reete
356 2651 368 2696 ΙΙ
407 2654 450 2685 10
476 2650 695 2686 aedidificiis
722 2651 755 2684 L
793 2649 997 2685 adedificiis
1024 2649 1069 2684 II
1093 2650 1106 2694 ΙΙ
1147 2653 1187 2684 11
1214 2648 1365 2685 tiberim
1391 2649 1431 2683 F
1459 2650 1471 2695 ΙΙ
1507 2659 1575 2694 per
1599 2659 1666 2684 om.
1691 2648 1743 2702 ῌ
1762 2648 1775 2695 ΙΙ

60 2699 250 2744 lupercam
276 2698 320 2732 H
343 2700 355 2743 n
388 2702 430 2733 12
456 2698 592 2745 uideri]
619 2697 739 2733 audiri
764 2698 799 2732 L
818 2699 831 2742 ΙΙ
861 2698 911 2732 ad
936 2711 1004 2732 cvm
1032 2709 1146 2732 nvnos
1171 2708 1203 2731 A.
1231 2710 1260 2732 ι’.
1287 2698 1321 2732 is
1345 2697 1409 2742 qui
1438 2696 1654 2732 Tironiauis
1678 2696 1775 2736 uotis

60 2746 231 2782 utebatur
249 2746 291 2781 iu
315 2745 519 2781 'l'uroueusi
537 2746 624 2781 haec
642 2746 840 2790 adscripsit
865 2744 1012 2780 Solinus
1033 2744 1125 2780 dicit
1149 2744 1354 2780 euandrum
1379 2744 1542 2789 primum
1562 2742 1772 2779 condidisse

60 2805 200 2829 romam
237 2793 338 2838 quod
373 2794 411 2828 et
442 2792 612 2838 uirgilius
647 2793 738 2828 alibi
773 2792 968 2828 manifeste
1001 2791 1175 2838 designat
1204 2791 1330 2828 dicens
1364 2792 1461 2827 ‘tum
1492 2803 1556 2826 rex
1588 2791 1772 2827 euandrus

61 2852 237 2877 romanae
262 2840 434 2876 conditor
459 2840 569 2875 arcis’
598 2840 704 2886 (Aen.
724 2839 812 2875 VIII
831 2841 915 2886 313)
934 2841 946 2887 11
976 2843 1018 2875 13
1044 2841 1150 2876 schol.
1178 2840 1228 2875 ad
1252 2851 1283 2876 v.
1312 2843 1380 2875 100
1405 2840 1487 2875 hab.
1518 2839 1550 2873 Τ
1572 2840 1584 2885 ΙΙ
1615 2842 1659 2874 14
1684 2851 1773 2874 mun

61 2888 232 2924 ASLM
255 2890 361 2934 (corr.
383 2889 407 2932 l)
427 2889 439 2934 ΙΙ
459 2900 642 2923 sommum
662 2888 730 2923 SL
748 2889 760 2934 ΙΙ
778 2899 858 2922 nmo
884 2901 914 2923 R.
935 2900 969 2923 A.
990 2901 1024 2924 H.
1045 2887 1118 2923 AS
1135 2888 1148 2933 ΙΙ
1168 2884 1407 2934 εὐσυμβόλως
1431 2886 1470 2922 id
1497 2887 1555 2922 est
1579 2898 1645 2922 om.
1667 2886 1739 2921 AS
1763 2886 1774 2933 l}

62 2935 297 2981 eusymbolos
323 2936 415 2971 ΗΜ
419 2935 460 2971 F
494 2935 720 2981 eusymbilos
745 2935 780 2970 L
819 2935 1073 2980 eusymbullos
1099 2936 1140 2970 H
1163 2936 1176 2980 ΙΙ
1207 2938 1248 2970 15
1275 2935 1396 2970 uictor
1420 2934 1505 2970 ideo
1532 2933 1619 2969 RF
1639 2935 1651 2981 Η
1677 2934 1771 2970 cele-

63 2983 215 3018 brantur
238 2983 275 3018 R
313 2983 529 3019 celebantur
553 2983 604 3018 L:
631 2977 916 3018 celebrabantur
940 2983 1074 3028 reliqui
1098 2986 1130 3018 et
1156 2983 1198 3029 ll}
1226 2986 1268 3017 17
1295 2981 1508 3028 amphytrio
1535 2981 1575 3016 F
1590 2983 1603 3028 ss
1624 2985 1667 3017 18
1693 2982 1770 3016 alo-

62 3041 209 3065 menam
235 3031 275 3065 F
303 3031 316 3076 ΙΙ
354 3035 396 3066 19
424 3031 586 3067 oecalios
614 3030 663 3075 F,
689 3026 780 3066 dorr.
806 3031 1012 3066 Masvicius
1041 3032 1054 3076 ΙΙ
1091 3034 1134 3065 21
1163 3029 1329 3075 Iphiclus
1356 3030 1581 3065 Masvicius:
1613 3028 1709 3064 fidus
1735 3027 1776 3062 F

62 3077 207 3122 Iphitus
234 3077 474 3114 Gommelinus
492 3080 504 3125 ΙΙ
523 3079 708 3124 apellatus
734 3078 775 3113 F
790 3079 802 3124 ΙΙ
831 3081 874 3113 22
902 3076 1085 3113 adsumsit
1106 3078 1143 3112 F
1158 3079 1171 3123 11
1191 3077 1384 3123 epitheton
1410 3076 1772 3123 Amphitryoniadae

65 3124 272 3160 Masvicius
290 3127 302 3172 ΙΙ
321 3126 412 3161 satis
437 3126 556 3172 perite
583 3137 651 3162 om.
665 3126 700 3161 R
718 3127 731 3172 ΙΙ
750 3125 810 3173 oui
831 3126 863 3159 L
901 3125 1004 3162 cuius
1025 3126 1124 3161 HM
1145 3125 1280 3169 (cuiuis
1300 3125 1368 3170 lm)
1388 3126 1399 3172 ΙΙ
1417 3129 1463 3160 23
1491 3124 1605 3160 etiam
1624 3135 1690 3160 om.
1706 3123 1746 3157 F
1763 3124 1765 3168 Ι

63 3170 236 3207 inuocare
262 3173 337 3254 ME„
362 3177 407 3208 24
433 3174 605 3210 ferebant
629 3173 669 3209 F
685 3175 697 3220 ΙΙ
717 3177 761 3209 25
787 3173 831 3209 ut
855 3174 913 3209 est
939 3173 989 3211 G:
1015 3174 1058 3209 ut
1083 3175 1121 3208 et
1147 3172 1186 3207 F
1203 3173 1214 3219 ΙΙ
1234 3183 1359 3208 scema
1384 3172 1424 3208 F
1439 3174 1452 3219 ΙΙ
1471 3181 1675 3218 eocumque
1699 3169 1740 3205 F
1761 3169 1764 3217 4

65 3228 266 3263 senumque
