2092 3614
256 657 276 688 5

237 1014 281 1045 10

240 1371 282 1403 15

240 1730 286 1762 20

241 2088 286 2119 25

301 254 387 296 512
1074 252 1237 289 SERVII

302 364 441 419 litore,
477 364 577 419 quia
610 362 843 406 secundum
874 361 1115 405 Homerum
1147 361 1438 417 Clytemestra
1470 361 1790 417 Agamemnoni
1822 361 2008 404 occurrit

304 436 356 478 ad
389 435 495 478 litus
528 437 572 477 et
602 435 691 477 illic
705 423 812 477 'bum
840 436 1085 489 susceptum
1111 448 1208 476 cum
1234 433 1428 476 adultero
1455 434 1571 475 inter
1596 434 1744 488 epulas
1770 431 2007 480 interemit:

303 507 419 562 quod
470 509 513 548 et
555 506 772 550 Iuvenalis
821 506 966 563 tangit
1015 506 1160 548 dicens
1206 504 1343 560 <VIII
1381 505 1496 560 216>
1539 505 1724 560 quippe
1766 503 1859 546 ille
1902 503 2008 545 deis

304 579 603 621 auctoribus
635 578 778 620 ultor
809 578 980 634 patris
1014 580 1125 619 erat
1156 577 1293 619 caesi
1324 576 1490 618 media
1522 576 1658 618 inter
1689 575 1885 631 pocula.
1936 573 2011 616 alii

305 651 450 692 autem
481 650 629 693 dicunt
661 649 988 705 [Clytemestram
1019 649 1153 691 dolore
1177 648 1406 704 pellicatus,
1436 648 1545 701 quod
1573 648 1813 702 conperisset
1836 645 2011 688 Cassan-

304 722 426 764 dram
455 736 484 764 a
513 722 664 764 marito
695 722 888 776 eleetam‚]
923 720 1036 776 quod
1068 720 1112 761 in
1143 719 1238 774 ipso
1264 733 1477 774 regressu,
1506 718 1550 759 id
1576 721 1642 760 est
1667 718 1808 774 prima
1833 716 1900 758 die
1927 731 2013 772 qua

305 792 457 835 domus
500 807 601 835 suae
631 792 765 834 limen
795 793 1016 847 ingressus
1049 792 1132 846 est,
1174 790 1337 843 [blande
1366 793 1601 845 suscepisse,
1637 802 1805 843 eumque
1835 788 1904 831 ille
1933 788 2014 830 diis

297 864 518 918 penatibus
558 877 600 907 se
642 864 878 918 sacrificare
924 862 1022 904 velle
1064 862 1265 914 dixisset‚]
1316 861 1496 904 consilio
1537 860 1739 916 Aegisthi
1787 860 1840 902 ab
1882 873 2034 918 uxore⁵

306 938 471 978 vestem
516 935 682 991 accepit
725 935 872 977 clauso
917 934 1057 989 capite
1098 934 1153 986 [et
1189 933 1399 988 manieis‚]
1440 946 1524 987 qua
1560 931 1791 988 inplicatus
1830 929 2014 973 adulteri

307 1007 506 1049 manibus
538 1006 715 1049 interiit.

426 1078 524 1120 269.
575 1088 809 1120 INVIDISSE
834 1088 956 1119 DEOS
984 1075 1176 1119 Stheneli
1202 1075 1317 1118 filius
1344 1074 1599 1130 Cyllarabus
1626 1074 1882 1129 Aegialiam‚
1913 1072 2014 1115 Dio-

308 1149 444 1192 medis
483 1163 680 1203 uxorem,
717 1148 922 1204 cognovit
959 1147 1189 1189 adulterio:
1227 1160 1310 1201 quo
1344 1148 1563 1201 comperto
1594 1145 1827 1188 Diomedes
1858 1145 2014 1186 reverti

307 1221 448 1263 noluit
479 1223 523 1262 et
555 1220 599 1262 in
626 1219 811 1275 Apuliae
836 1219 1032 1274 partibus
1061 1218 1142 1260 sibi
1171 1218 1362 1260 condidit
1387 1218 1519 1260 sedes.
1568 1217 1681 1273 quod
1707 1215 1889 1259 Veneris
1916 1215 2014 1258 dolo

308 1292 465 1334 dicitur
502 1306 595 1334 esse
633 1291 891 1347 perfectum,
931 1305 1060 1346 quam
1100 1290 1145 1331 in
1176 1290 1290 1331 bello
1324 1289 1510 1332 Troiano
1542 1289 1862 1332 vulneraverat:
1904 1286 2015 1329 unde

309 1363 371 1406 ait
402 1362 622 1406 ‘invidisse
655 1362 787 1405 deos'.

428 1435 527 1477 270.
576 1446 833 1478 PVLCHRAM
861 1445 1112 1476 CALYDONA
1133 1444 1346 1476 VIDEREM
1372 1447 1501 1475 unam
1529 1432 1580 1474 de
1607 1447 1737 1487 supra
1763 1431 1889 1474 dictis
1915 1430 2015 1473 civi-

309 1507 488 1562 tatibus,
520 1505 676 1562 quibus
707 1506 949 1561 imperavit.
1293 1549 1295 1552 Α

429 1578 527 1620 271.
578 1589 702 1620 NVNC
731 1589 877 1619 ETIAM
903 1588 1143 1619 Ho‘mnmm
1170 1587 1275 1619 Vlsv
1300 1588 1340 1617 P.
1366 1586 1402 1618 s.
1433 1575 1515 1618 hoc
1545 1576 1640 1617 loco
1671 1575 1814 1616 nullus
1846 1573 2018 1616 dubitat

310 1649 484 1692 fabulae
522 1648 651 1691 huius
691 1649 885 1691 ordinem
925 1664 950 1690 a
988 1648 1185 1704 Vergilio
1224 1661 1316 1689 esse
1355 1661 1626 1689 conversum:
1663 1661 1763 1688 nam
1795 1644 2017 1688 Diomedis

313 1721 453 1764 socios
486 1722 660 1763 constat
684 1720 729 1762 in
755 1734 854 1762 aves
882 1734 975 1762 esse
1001 1733 1233 1762 conversos
1259 1720 1361 1774 post
1386 1718 1505 1760 ducis
1532 1718 1599 1760 sui
1623 1717 1858 1773 interitum,
1891 1731 2018 1772 quem

311 1793 549 1835 extinctum
589 1791 875 1853 inpatienter·
892 1791 1107 1833 dolebant.
1168 1791 1252 1832 hae
1284 1804 1384 1833 aves
1416 1789 1628 1845 hodieque
1659 1788 1814 1831 Latine
1845 1788 2018 1831 Diome·

312 1864 414 1906 deae
446 1865 673 1919 vocantur,
709 1861 864 1906 Graeci
896 1877 968 1905 eas
1001 1859 1218 1918 ἐρωδιούς
1249 1861 1409 1904 dicunt.
1470 1860 1672 1904 habitant
1704 1862 1847 1903 autem
1877 1860 1925 1901 in
1954 1859 2019 1901 in-

312 1936 406 1978 sula
438 1949 547 1991 quae
579 1937 646 1977 est
676 1934 792 1977 haud
824 1934 954 1991 longe
986 1949 1011 1976 a
1043 1932 1260 1989 Calabria,
1290 1933 1337 1975 in
1368 1934 1598 1988 conspectu
1630 1931 1888 1974 Tarentinae
1919 1930 2018 1972 civi-

310 2007 428 2050 tatis.
481 2006 721 2063 quinetiam
754 2006 806 2048 de
836 2005 905 2048 his
937 2005 1089 2048 avibus
1122 1994 1278 2047 dicitur
1310 2003 1421 2060 quod
1457 2003 1631 2046 Graecis
1663 2002 1844 2046 navibus
1875 2002 2017 2044 laetae

314 2081 562 2134 occurrant,
593 2078 755 2120 alienas
787 2077 1063 2120 vehementer
1094 2076 1283 2132 fugiant,
1315 2089 1525 2118 memores
1558 2076 1601 2116 et
1632 2073 1812 2130 originis
1844 2088 1946 2116 suae
1977 2075 2020 2114 et

410 2212 453 2243 19
484 2219 571 2243 nam
603 2206 796 2242 Diomedis
829 2218 860 2242 e.
886 2218 921 2252 q.
948 2206 992 2252 s.]
1033 2216 1149 2243 exscr.
1184 2205 1368 2250 mythogr.
1399 2203 1416 2238 I
1443 2207 1521 2239 143.
1560 2202 1606 2239 cf.
1634 2203 1727 2238 Plin.
1758 2202 1834 2238 nat.
1866 2201 1952 2237 hist.
1985 2199 2020 2235 X

313 2260 332 2299 ξ
361 2260 428 2291 126
449 2268 522 2301 sq.;
550 2255 706 2301 August.
735 2254 781 2289 de
806 2254 876 2291 civ.
903 2254 964 2289 dei
989 2252 1111 2289 XVIII
1139 2257 1181 2288 16
1207 2254 1246 2288 et
1272 2255 1333 2296 183
1360 2251 1446 2287 Isid.
1473 2262 1524 2287 or.
1551 2250 1601 2286 XI
1620 2254 1654 2295 4,
1674 2254 1694 2285 2
1721 2251 1760 2285 et
1783 2248 1854 2284 XII
1874 2253 1904 2294 7,
1927 2252 1971 2284 29

409 2379 430 2410 2
458 2374 639 2410 submisso
666 2374 835 2410 adultero
856 2373 1062 2418 Stephanus
1081 2372 1093 2418 ΙΙ
1113 2370 1297 2407 adulterio
1320 2371 1370 2405 M
1386 2371 1397 2417 ΙΙ
1417 2368 1619 2415 interemit]
1647 2368 1830 2404 interimit
1850 2368 1907 2403 M.
1934 2367 2019 2413 (od.

312 2422 367 2457 XI
392 2424 476 2464 409)
507 2418 600 2457 ἄλλά
627 2434 690 2467 μοι
715 2423 896 2466 Αἴγισθος
923 2448 930 2455 .
953 2448 960 2455 .
983 2447 990 2455 .
1019 2420 1111 2467 βοῦν
1138 2417 1201 2454 ἐπὶ
1226 2416 1351 2463 φάτνῃ
1377 2418 1461 2454 add.
1487 2416 1528 2451 D
1563 2417 1576 2462 fl
1611 2420 1634 2451 3
1660 2416 1756 2462 deis]
1789 2415 1834 2452 de
1865 2415 1923 2451 his
1948 2414 2022 2451 AS

316 2469 412 2505 dihis
437 2469 474 2504 R
493 2470 504 2515 ΙΙ
523 2473 546 2504 4
570 2469 671 2504 ultor
695 2479 762 2504 om.
784 2469 832 2503 M
849 2469 862 2515 [Ι
881 2472 902 2502 6
926 2467 1098 2512 ingressu
1123 2465 1325 2501 Fabricius
1343 2466 1355 2511 ΙΙ
1382 2469 1401 2500 7
1429 2465 1651 2510 suscepisset
1676 2463 1815 2499 Daniel
1833 2465 1845 2510 ΙΙ
1870 2467 1891 2499 9
1917 2463 2020 2499 adul-

314 2517 387 2553 teri
411 2517 450 2552 in
475 2515 646 2551 manibus
674 2516 724 2550 Μ
751 2516 764 2561 ΙΙ
797 2519 840 2550 10
865 2514 1050 2550 interutus
1074 2513 1122 2549 F.
1161 2516 1315 2548 ceterum
1338 2523 1431 2557 quae
1453 2513 1539 2548 huic
1562 2512 1696 2547 scholio
1720 2512 1763 2546 in
1787 2511 2022 2547 Floriaeensi

316 2565 446 2600 addita
470 2567 557 2599 sunt
580 2563 798 2599 secludenda
822 2573 894 2598 esse
917 2562 1143 2607 siqnificavi,
1175 2561 1264 2605 quia
1288 2560 1451 2596 orationi
1475 2558 1675 2595 Servianae
1698 2559 1801 2594 ‘nullo
1825 2559 1929 2594 modo
1954 2558 2019 2594 ad—

315 2612 535 2648 eommodari
560 2614 725 2656 possunt.
762 2611 786 2691 [k
813 2613 856 2644 11
889 2608 1099 2654 Cyllarabus
1125 2607 1257 2643 ASR:
1295 2606 1495 2642 cillarabus
1524 2607 1588 2649 M,
1620 2617 1686 2641 om.
1713 2605 1759 2641 H
1762 2606 1816 2649 F,
1849 2605 2020 2642 Cometes

319 2660 536 2695 Masticius.
562 2659 608 2702 cf.
630 2659 679 2694 ad
701 2656 767 2692 VII
806 2661 826 2692 9
846 2658 858 2703 ΙΙ
877 2656 984 2702 aegei
1008 2656 1123 2691 aliam
1148 2655 1183 2690 A
1221 2655 1283 2701 egi
1307 2654 1421 2690 aliam
1445 2653 1546 2689 HM
1580 2653 1765 2698 aegialam
1790 2653 1831 2691 F
1846 2654 1859 2700 ΙΙ
1879 2657 1922 2688 16
1947 2664 2022 2688 una.

316 2707 411 2743 ΒΜ
417 2706 458 2742 F
472 2707 484 2754 ιΙ
504 2710 547 2742 17
573 2707 613 2741 in
631 2703 766 2750 quibus
785 2703 959 2751 regnauit
977 2703 1013 2738 R
1031 2704 1044 2749 [Ι
1063 2703 1195 2749 quibus
1213 2714 1280 2738 om.
1300 2703 1344 2737 H
1359 2703 1371 2749 ss
1389 2702 1600 2747 imperabat
1618 2701 1658 2736 F
1673 2702 1685 2747 ΙΙ
1707 2705 1749 2736 19
1775 2699 1934 2746 uergilio
1954 2699 1994 2735 F
2010 2699 2021 2746 Ιί

317 2759 360 2790 21
388 2755 474 2799 hae]
511 2754 597 2790 hinc
621 2753 659 2788 R
702 2752 797 2788 hano
822 2752 864 2787 H
892 2753 905 2797 ΙΙ
941 2751 1062 2786 latina
1086 2751 1132 2786 H
1156 2752 1169 2796 ΙΙ
1205 2754 1251 2786 22
1284 2760 1347 2785 eas
1372 2760 1438 2785 om.
1460 2749 1501 2784 F
1525 2750 1538 2794 ΙΙ
1569 2749 1714 2784 erodios
1739 2747 1910 2784 Serviani
1933 2748 2022 2783 libri

317 2802 492 2837 herodius
518 2801 559 2836 F
590 2802 603 2846 ΙΙ
640 2799 783 2847 dicunt]
816 2799 919 2835 cuius
950 2798 1097 2843 generis
1130 2809 1239 2833 auem
1270 2797 1438 2843 auspicio
1470 2796 1565 2831 dixit
1596 2796 1770 2831 homerus
1795 2794 1958 2831 diomedi
1982 2795 2022 2830 et

318 2848 411 2884 ulixi
439 2848 735 2895 speculatoribus
766 2847 981 2893 apparuisse
1008 2846 1071 2891 (Il.
1098 2845 1131 2880 Χ
1157 2847 1239 2890 274)
1265 2849 1360 2880 τοῖσι
1386 2842 1428 2879 δὲ
1455 2841 1581 2886 δεξιὸν
1606 2837 1699 2888 ἧκεν
1726 2840 1884 2887 ἐρωδιὸν
1911 2839 2021 2887 ἐγγὺς

319 2894 426 2932 ὁδοῖο
454 2894 605 2936 Παλλὰς
626 2892 804 2940 Ἀθηναίη
830 2894 915 2930 add.
935 2893 974 2928 D
992 2894 1004 2940 ΙΙ
1036 2893 1074 2928 in
1101 2892 1225 2929 insula
1249 2892 1392 2928 RHF:
1418 2891 1577 2927 insulam
1603 2890 1746 2926 febram
1772 2890 1850 2925 siue
1877 2889 2022 2924 electri-

319 2944 404 2979 dem
424 2943 496 2978 AS
531 2942 692 2978 insulam
718 2941 932 2978 electi-idem
950 2941 1029 2976 siue
1054 2940 1199 2976 febram
1221 2941 1268 2975 M
1286 2943 1319 2975 et
1336 2939 1629 2985 mythoyraphus.
1665 2937 1789 2973 Febra
1807 2937 1932 2972 insula
1955 2937 2022 2972 hoe

319 3002 393 3027 uno
418 2992 494 3026 loeo
519 2993 823 3026 commemoratur.
870 2989 1022 3024 Plinius
1046 2992 1121 3023 nat.
1148 2988 1230 3023 hist.
1257 2988 1308 3022 III
1336 2991 1401 3022 151
1430 2987 1582 3022 alteram
1605 2984 1837 3020 Diomediam
1860 2984 2022 3020 insulam

322 3038 544 3074 ‘Teutriam'
573 3050 596 3073 a
620 3038 838 3083 quibusdam
862 3036 1084 3082 appellatam
1109 3046 1179 3070 esse
1203 3037 1354 3078 narrat,
1388 3037 1408 3077 ξ
1436 3037 1503 3068 152
1529 3033 1738 3068 Electridas
1761 3032 1905 3067 insulas
1929 3042 2019 3067 com-

319 3086 520 3131 memoratu
548 3089 592 3120 23
619 3085 731 3131 quae]
756 3085 816 3120 tot
840 3094 956 3120 annos
982 3084 1065 3118 add.
1088 3082 1128 3117 F
1143 3084 1154 3128 Η
1180 3084 1246 3118 aut
1270 3082 1310 3117 F
1326 3083 1338 3128 ΙΙ
1369 3085 1415 3116 24
1440 3081 1537 3115 laete
1563 3079 1603 3115 F
1618 3080 1631 3125 ΙΙ
1661 3081 1706 3114 25
1731 3078 1890 3125 alienas]
1916 3089 2022 3114 roma

320 3134 439 3179 (roma
462 3133 513 3178 R)
536 3132 773 3168 uenientibus
804 3131 941 3166 latinas
965 3130 1080 3165 ASR
1123 3141 1297 3165 romanas
1328 3128 1465 3164 latinas
1491 3127 1537 3162 H
1574 3137 1747 3162 romanas
1779 3127 1817 3161 id
1849 3128 1905 3162 est
1935 3125 2021 3162 lati-

320 3192 388 3217 nas
409 3181 459 3216 M
492 3190 664 3216 romanas
683 3179 722 3214 et
740 3179 876 3215 latinas
895 3178 943 3213 F.
980 3189 1062 3213 cum
1083 3177 1365 3224 mythoyraphus
1383 3187 1427 3212 ex
1444 3175 1502 3211 his
1514 3174 1614 3211 nihil
1630 3175 1707 3209 nisi
1724 3173 1861 3210 latinas
1879 3174 2021 3217 habeat,

322 3229 443 3265 Roma
467 3227 703 3264 uenientibus
728 3227 783 3262 vel
803 3227 987 3262 Romanas
1010 3229 1053 3261 ut
1076 3224 1390 3270 interpretationis
1414 3233 1527 3258 causa
1550 3222 1777 3268 adscriptum
1800 3221 1927 3258 abieci.
1960 3220 2022 3257 sed
