2124 3600
500 247 652 283 COMM.
678 247 731 282 IN
756 247 899 283 VERG.
927 246 1037 283 AEN.
1065 247 1134 283 vn
1159 252 1359 284 424—463.
1653 227 1661 236 ’
1698 248 1783 291 159

67 356 140 398 sed
178 357 407 412 figuratius
442 355 592 399 eardeo
624 357 670 399 in
701 357 824 400 illam
855 355 968 399 rem'
1009 356 1211 399 dicimus:
1257 359 1300 399 et
1339 360 1405 399 est
1443 358 1644 413 specialis
1684 357 1784 401 Gor-

66 427 172 470 nelii
203 428 402 470 elocutio.

183 499 283 542 446.
335 510 509 543 ORANTI
544 514 629 544 non
666 501 847 556 roganti,
890 501 962 543 sed
1002 500 1215 556 loquenti:
1262 499 1375 543 unde
1416 501 1549 544 etiam
1591 504 1785 545 oratores

65 570 257 614 dicimus.
379 583 571 615 TREMOR
602 583 815 615 OOGVPAT
846 583 998 615 ARTVS
1036 571 1262 615 vicinitate
1294 573 1460 615 scilicet
1489 573 1646 616 furiae:
1684 589 1783 616 nam

65 644 228 686 tremor
259 642 418 686 furoris
452 646 528 687 est.

183 714 283 758 448.
334 727 585 766 TANTAQVE
627 727 680 758 sn
713 727 874 759 monis
913 728 1084 759 ΑΡΕΒῙΤ
1123 719 1291 760 semoto
1334 717 1437 759 anili
1476 717 1617 773 vultu,
1659 732 1785 772 quem

63 787 249 829 finxerat
279 789 324 829 et
355 802 438 843 quo
471 802 517 830 se
548 786 764 830 induerat:
805 788 866 830 sic
899 803 1030 844 supra
1062 788 1113 831 de
1145 788 1313 832 Venere
1345 789 1394 843 <I
1426 789 1543 844 405>
1577 791 1627 831 et
1667 804 1786 831 vera

63 857 273 900 incessu
305 858 481 914 patuit
513 858 614 901 dea.

181 929 282 973 450.
332 941 539 973 &nmmos
572 941 746 972 EREXIT
787 941 1004 975 cmmssvs
1044 943 1228 975 ANGVES
1269 932 1454 975 similes:
1492 947 1595 974 nam
1634 947 1784 990 omnes

64 1015 159 1044 eam
193 1001 297 1045 dicit
329 1002 534 1058 erexisse,
565 1016 654 1044 non
687 1001 806 1044 duos.

182 1073 283 1117 451.
332 1085 644 1125 VERBERAQVE
682 1085 902 1117 INSONVIT
941 1091 1019 1131 pro
1059 1075 1333 1119 ‘verberibus
1365 1076 1595 1131 insonuit'‚
1635 1077 1678 1119 id
1717 1080 1785 1119 est

63 1159 139 1199 per
170 1145 361 1188 verbera.
482 1156 659 1188 RABIDO
694 1157 784 1188 ORE
817 1145 1017 1189 habitum
1048 1147 1222 1190 futurae
1254 1148 1467 1191 orationis
1499 1148 1700 1191 ostendit.

182 1216 281 1259 454.
330 1227 523 1260 RESPICE
554 1217 683 1259 multi
714 1216 784 1259 hic
818 1217 1064 1274 distingunt
1097 1221 1140 1261 et
1173 1219 1465 1275 superioribus
1499 1220 1705 1276 iungunt,
1737 1222 1786 1262 ut

65 1288 124 1330 sit
162 1302 330 1330 sensus:
369 1288 533 1344 respice
572 1302 593 1330 e
707 1303 838 1343 quam
876 1289 983 1332 dicis
1020 1289 1135 1340 falsa
1172 1290 1317 1333 deludi
1354 1290 1597 1334 formidine.
1719 1303 1782 1333 AD

63 1370 207 1401 HAEC·
230 1370 387 1402 ADSVM
428 1278 676 1487 W
714 1374 867 1417 regum
906 1377 1027 1404 arma
1064 1365 1108 1405 et
1146 1362 1199 1405 ad
1236 1362 1362 1406 bella.
1425 1363 1641 1419 quomodo
1681 1377 1782 1419 crgo

65 1430 184 1486 dicis,
211 1430 325 1486 quod
351 1446 431 1487 sup
484 1430 568 1474 fluo
595 1431 663 1474 his
689 1432 856 1476 inserar
881 1434 1022 1489 rebus,
1049 1434 1103 1476 ad
1130 1449 1238 1490 quas
1265 1433 1392 1477 veni?
1419 1435 1495 1477 alii
1523 1434 1702 1490 ‘respice
1728 1434 1781 1476 ad

62 1501 184 1545 haec'
210 1487 448 1562 leguntffiit
472 1503 530 1545 sit
557 1503 681 1558 quasi
708 1502 1046 1548 demonstrantis
1067 1504 1262 1561 ‘respice‚
1288 1506 1404 1549 bella
1423 1508 1467 1549 et
1485 1507 1618 1549 letum
1646 1505 1780 1563 gero'.

181 1573 280 1616 456.
330 1564 486 1617 FAOEM
525 1586 690 1617 1VVEN1
729 1586 949 1619 CONIECIT
995 1576 1102 1619 satis
1141 1577 1410 1620 considerate
1454 1579 1594 1621 facem
1635 1578 1782 1621 iuveni

62 1645 228 1701 iniecit,
268 1659 377 1700 quae
411 1645 496 1688 cito
531 1648 574 1688 et
607 1647 847 1690 exardescit
879 1651 923 1690 et
955 1648 1131 1704 desinit,
1175 1663 1307 1705 supra
1343 1665 1447 1693 vero
1479 1650 1663 1692 Amatae
1697 1664 1776 1692 ser-

63 1719 237 1773 pentem
269 1717 435 1773 iniecit‚
467 1719 581 1773 quod
612 1718 659 1761 in
690 1719 950 1762 mulieribus
976 1735 1146 1776 semper
1177 1721 1298 1778 viget
1328 1736 1554 1764 venenum.

181 1788 281 1831 457.
332 1800 454 1832 ATRO
481 1801 658 1832 LVMINE
693 1791 777 1833 atri
808 1791 984 1834 luminis
1016 1792 1185 1848 taedas,
1216 1796 1265 1835 ut
1290 1792 1339 1847 <I
1364 1793 1448 1848 75>
1482 1795 1531 1835 et
1562 1793 1781 1849 pulchra

64 1859 229 1902 faciat
259 1861 309 1902 te
340 1860 484 1915 prole
510 1865 787 1916 parentem.
833 1862 972 1906 ‘atro'
1000 1866 1146 1906 autem
1173 1863 1376 1907 ‘lumine'
1402 1864 1564 1920 furiali,
1590 1865 1780 1921 infern03

66 1932 174 1974 alias
206 1931 375 1974 ratione
407 1935 537 1975 caret.
600 1974 604 1981 ,
647 1945 731 1976 SVB
759 1945 973 1977 PECTORE
1004 1935 1080 1977 ubi
1111 1935 1225 1978 fellis
1257 1937 1376 1979 locus
1411 1939 1493 1992 est,
1524 1936 1568 1979 id
1603 1939 1670 1978 est
1700 1937 1780 1979 ira-

64 2002 254 2046 cundiae.

180 2075 281 2118 460.
337 2087 508 2117 FREMIT
551 2090 647 2118 cum
688 2077 859 2130 fremitu
899 2080 936 2119 et
979 2078 1166 2120 clamore
1211 2077 1419 2133 deposcit.
1480 2079 1587 2120 bene
1632 2081 1777 2121 autem

64 2145 268 2202 ‘amens',
301 2146 404 2202 quia
435 2146 481 2188 in
512 2149 608 2190 toro
641 2148 902 2204 requirebat.

179 2218 278 2261 461.
329 2209 602 2262 SCELERATA
627 2231 821 2263 INSANIA
844 2232 984 2263 BELLI
1009 2220 1117 2263 nihil
1145 2220 1258 2263 enim
1283 2222 1374 2263 tam
1400 2221 1622 2278 insanum,
1648 2237 1776 2278 quam

64 2289 306 2332 desiderare
336 2289 380 2332 id
413 2305 490 2346 per
522 2291 634 2346 quod
666 2292 808 2346 possis
837 2292 988 2348 perire.

180 2361 279 2404 463.
329 2373 500 2405 VIRGEA
545 2362 595 2404 de
637 2363 774 2420 virgis
815 2364 947 2419 facta,
992 2364 1104 2406 unde
1143 2366 1211 2407 est
1248 2364 1421 2407 flamma
1459 2364 1656 2408 validior.

63 2443 222 2475 COSTIS
263 2435 407 2476 autem
445 2434 667 2477 lateribus.
729 2437 772 2476 et
808 2435 916 2477 bene
955 2435 1181 2491 antiquum
1219 2436 1411 2491 respexit
1448 2451 1630 2478 morem:
1675 2452 1776 2479 nam

62 2503 170 2546 ollas
209 2518 298 2546 non
337 2505 675 2560 suspendebant,
713 2506 799 2560 sed]
825 2506 981 2562 positis
1014 2507 1289 2550 circumcirca
1320 2509 1465 2564 ignem
1499 2508 1777 2551 adhibebant.

163 2612 179 2643 1
208 2608 388 2654 figuratus
416 2610 465 2645 M
499 2611 512 2655 ΙΙ
547 2610 671 2657 illam]
697 2609 765 2647 illa
789 2610 824 2646 L
859 2611 872 2657 ΙΙ
909 2610 1087 2659 Cornelii]
1123 2612 1331 2649 Cornelium
1356 2613 1581 2650 Frontonem
1615 2614 1777 2660 intelleyi

63 2656 179 2691 voluit
202 2656 429 2701 Dor-villius,
460 2669 553 2703 quae
582 2659 742 2703 suspicio
770 2658 891 2695 ‘haud
915 2660 1006 2695 satis
1030 2660 1259 2696 verisimili-3²
1294 2661 1439 2696 videtur
1462 2661 1612 2698 Nabero
1641 2672 1678 2707 p.
1706 2665 1774 2698 262

65 2704 187 2739 adrwt.
214 2707 235 2738 5
263 2705 276 2750 ΙΙ
312 2709 332 2740 2
359 2705 500 2741 locutio
528 2705 568 2740 F
603 2705 717 2741 elotio
743 2706 833 2741 ΑΗ
853 2708 960 2752 (corr.
986 2708 1023 2752 a)
1051 2708 1063 2754 ΙΙ
1099 2711 1120 2743 3
1147 2708 1328 2744 oratiores
1355 2708 1395 2743 F
1419 2710 1431 2755 ΙΙ
1469 2712 1490 2744 5
1516 2709 1574 2745 est
1598 2720 1665 2745 om.
1691 2710 1738 2744 H
1764 2709 1777 2756 ΙΙ

63 2754 84 2785 6
110 2763 235 2786 opnmr
259 2751 301 2787 H
317 2752 330 2797 ΙΙ
348 2754 492 2788 remoto
513 2751 636 2788 ASF
651 2754 662 2799 ΙΙ
693 2758 712 2788 7
737 2754 870 2790 fixerat
894 2754 935 2789 F
950 2756 962 2799 ΙΙ
981 2755 1070 2801 quo]
1097 2766 1170 2800 que
1197 2755 1238 2797 F
1251 2757 1264 2801 ΙΙ
1283 2760 1304 2792 9
1332 2767 1459 2792 omnes
1486 2757 1584 2803 eam]
1611 2756 1774 2793 hominis

63 2798 191 2834 eadem
218 2798 259 2834 F
285 2800 298 2845 ΙΙ
336 2803 381 2835 10
406 2811 489 2835 eam
515 2804 548 2836 et
572 2801 733 2836 erexisse
759 2812 825 2837 om.
851 2801 939 2836 LH
965 2803 978 2848 ΙΙ
1017 2805 1060 2838 12
1085 2815 1215 2838 muno
1240 2803 1277 2838 R
1286 2804 1335 2839 M
1363 2807 1375 2849 ΙΙ
1406 2803 1584 2840 orationis
1609 2815 1675 2841 om.
1701 2804 1739 2840 R
1772 2808 1774 2846 ἰ

66 2848 108 2880 13
134 2845 245 2882 multi
276 2849 403 2882 autem
434 2847 576 2893 respice
609 2847 822 2893 distingunt
846 2848 887 2884 F
920 2850 932 2895 ΙΙ
971 2853 1016 2885 14
1039 2861 1087 2885 An
1113 2863 1206 2886 msc
1233 2880 1240 2888 .
1269 2878 1277 2886 .
1305 2880 1312 2888 .
1339 2851 1457 2887 letum
1482 2862 1571 2897 gero
1597 2863 1665 2888 om.
1694 2852 1735 2887 F
1772 2854 1775 2899 J

0 2895 2 2898 '
65 2896 106 2927 15
133 2905 247 2929 Assvu
271 2894 306 2929 L
328 2896 341 2940 11
365 2894 404 2929 id
431 2894 503 2941 est]
530 2894 660 2931 adsum
685 2897 769 2932 add.
796 2895 833 2931 R
858 2897 870 2942 ΙΙ
905 2901 946 2932 16
972 2897 1115 2934 inserat
1139 2899 1227 2934 SM
1261 2899 1399 2935 inferar
1423 2900 1532 2945 vulyo
1556 2901 1569 2945 ss
1603 2903 1645 2935 17
1672 2900 1774 2936 bella

63 2950 175 2975 manu
199 2941 415 2988 loetumque
441 2953 531 2988 gero
557 2942 594 2978 R
612 2943 624 2988 ΙΙ
653 2943 795 2978 laetum
819 2942 856 2978 A
893 2944 1036 2980 loetum
1061 2946 1160 2981 HM
1188 2947 1201 2992 ΙΙ
1234 2949 1277 2981 18
1303 2959 1442 2982 comen·
1467 2947 1502 2981 L
1533 2948 1546 2991 ΙΙ
1578 2951 1621 2982 19
1649 2948 1687 2983 et
1713 2958 1770 2982 ex-

63 2987 223 3040 ardescit
246 2988 348 3025 HF:
375 2989 583 3026 exardescit
607 2991 741 3036 reliqui
768 2992 780 3036 ΙΙ
812 2995 856 3026 20
882 2992 1000 3039 quod]
1027 2994 1116 3039 quia
1140 2993 1175 3028 L
1202 2994 1316 3047 (quod
1341 2995 1368 3040 l)
1404 3005 1516 3048 quam
1543 2994 1589 3030 Η
1620 2996 1664 3030 ut
1690 2995 1740 3030 M
1761 2995 1773 3040 Η

64 3035 169 3116 ἓίἕέἔ
182 3037 499 3120 Jssffffifflrii
514 3038 590 3131 ”fii
605 3038 746 3121 {atriti
762 3039 1018 3131 issifsstssfaiiiss'
1025 3041 1775 3134 133¹953¹¹1ss¹2¹1¹2³13¹s¹1522ti30¹1¹12m33t¹⁸133}ss

67 3127 148 3180 {1⁶28
172 3130 293 3174 possit
315 3130 356 3166 F
370 3133 384 3177 ΙΙ
414 3136 459 3167 29
485 3132 531 3168 de
556 3133 759 3169 uiminibus
784 3134 846 3170 uel
871 3134 988 3180 uirgis
1013 3135 1116 3171 facta
1139 3135 1180 3170 D
1197 3136 1210 3180 ΙΙ
1241 3139 1286 3171 30
1311 3136 1507 3183 lateribus]
1534 3136 1573 3172 id
1599 3137 1655 3172 est
1679 3136 1771 3171 late-

65 3175 167 3227 ribus
194 3177 259 3220 Μ,
288 3180 332 3213 nt
361 3179 461 3214 tardi
486 3184 608 3217 costas
634 3181 798 3225 agitator
823 3181 932 3218 aselli
962 3183 1004 3218 in
1027 3194 1142 3229 mary.
1169 3183 1254 3219 add.
1281 3184 1294 3220 l
1329 3185 1342 3230 ΙΙ
1377 3183 1425 3220 ad
1451 3183 1648 3228 antiquum
1673 3183 1732 3218 Al
1761 3182 1774 3229 ΙΙ

66 3224 320 3270 circumcirca]
348 3224 484 3261 circum
511 3227 576 3262 del.
597 3238 621 3261 a
638 3229 651 3272 11
669 3228 812 3275 ignem]
841 3228 939 3264 enim
960 3229 994 3265 L
1022 3231 1127 3275 (corr.
1148 3230 1173 3276 l)
1193 3232 1206 3276 ΙΙ
1224 3230 1471 3277 adhibebant]
1499 3230 1727 3265 adhibebant
1746 3229 1775 3265 S

1810 653 1830 685 5

1810 1012 1853 1043 10

1813 1371 1853 1402 15

1807 1730 1852 1761 20

1804 2088 1849 2120 25

1802 2446 1847 2477 30
