2092 3614
238 1051 282 1082 10

239 1408 281 1439 15

307 288 394 330 300
1079 288 1238 324 SERVII

305 397 523 452 honorifice
552 401 689 440 autem
715 401 835 452 poeta
864 411 995 440 unam
1018 398 1179 440 stellam
1205 396 1361 439 ‘sidus'
1388 397 1513 449 dixit,
1545 410 1637 439 mim
1660 398 1775 440 sidus
1799 411 1849 440 ea·
1871 397 2016 440 multis

305 469 435 511 stellis
465 473 625 512 constet.

426 540 524 583 682.
575 553 726 584 PARTE
764 553 874 584 ALIA
911 556 998 584 non
1037 556 1059 583 e
1092 543 1260 597 contra,
1299 540 1374 583 sed
1411 541 1457 583 in
1495 541 1579 583 alia
1616 542 1740 595 parte
1779 539 1897 582 aciei.

307 614 478 655 VEN‘rls
516 625 576 654 ΕΤ
614 625 689 656 ms
722 624 923 656 AGR11>PA
962 624 1183 656 SECVNDIS
1215 612 1407 667 Ayrippa
1443 612 1594 654 dicitur
1631 612 1683 654 ab
1723 625 1843 666 aeqro
1872 614 2016 667 partu,

306 684 353 726 id
387 687 446 726 est
480 685 550 738 qui
580 685 753 738 pedibus
789 685 986 726 nascitur.
1047 684 1118 726 sed
1153 683 1218 725 hic
1248 683 1440 738 Aqrippa
1478 697 1563 725 non
1600 684 1699 726 adeo
1737 683 1847 726 claro
1874 696 2018 737 qencre

306 758 437 807 ortus,
473 755 630 798 viribus
661 758 699 797 et
727 756 913 798 societate
943 755 1125 810 Auqusti
1161 755 1219 797 ad
1252 768 1434 797 summos
1468 754 1639 797 honores
1667 755 1877 813 pervenit:
1917 767 2017 796 nam

307 829 345 868 et
375 827 564 869 tribunus
588 827 700 881 plebi
729 827 1007 881 quietissimus
1035 827 1136 882 fuit,
1168 829 1206 869 et
1227 829 1324 880 post
1355 827 1518 869 tertium
1543 827 1700 881 consul,
1731 829 1770 868 et
1798 826 1844 889 in
1875 825 2018 868 multis

307 897 421 940 bellis
451 912 543 940 cum
573 898 760 952 Auqusto
787 899 912 952 qestis
942 899 1157 940 victoriam
1188 898 1375 953 Auqusto
1405 912 1483 941 sua
1513 898 1660 940 virtute
1690 896 1881 950 confecit:
1918 910 2018 939 nam

307 972 344 1010 et
373 967 544 1011 Sextum
576 969 816 1023 Pompeium
847 970 962 1024 apud
990 970 1135 1024 Mylas
1165 970 1251 1023 ipse
1281 969 1440 1024 devicit,
1482 972 1519 1011 et
1547 970 1662 1023 apud
1689 969 1855 1011 Actium
1885 968 2018 1010 Anto-

307 1040 426 1082 nium
462 1043 500 1082 et
536 1039 799 1094 Cleopatram
835 1041 980 1083 navali
1015 1042 1234 1083 certamine
1263 1054 1392 1094 prope
1435 1040 1521 1094 ipse
1557 1041 1786 1095 superavit:
1830 1039 1877 1081 ob
1912 1039 2022 1093 quod

306 1112 458 1154 meruit
487 1112 611 1153 etiam
636 1125 759 1166 yener
789 1125 870 1155 esse
894 1112 1099 1166 Auqusto.-
1150 1110 1391 1154 ‘secundis'
1423 1125 1516 1166 erqo
1548 1111 1655 1154 dixit
1685 1110 1873 1167 Augusti
1906 1124 2018 1152 com-

306 1182 550 1237 paratione:
593 1197 694 1224 nam
735 1182 818 1225 hoc
855 1182 977 1225 dicit:
1016 1182 1240 1239 Augustus
1277 1182 1413 1224 nimio
1451 1184 1677 1225 ventorum
1716 1184 1758 1223 et
1795 1181 2019 1223 numinum

308 1254 511 1296 utebatur
536 1253 705 1309 favore,
726 1254 922 1310 Agrippa
949 1253 1164 1309 sequenti,
1189 1254 1271 1296 hoc
1299 1256 1382 1310 est,
1408 1253 1481 1295 ille
1507 1253 1663 1295 habuit
1686 1252 1875 1308 primum
1900 1252 2019 1295 favo-

307 1340 416 1380 rem,
453 1325 524 1367 hic
563 1324 808 1367 secundum.
863 1325 1117 1368 Hadrianus
1152 1325 1293 1368 scribit
1321 1325 1557 1380 Aqrippam
1594 1325 1760 1367 solitum
1792 1326 2020 1378 tempestate

308 1400 398 1439 orta
429 1397 578 1439 milites
607 1410 741 1452 coqere
770 1410 894 1439 naves
923 1397 971 1440 in
1001 1396 1151 1451 fluctus
1180 1411 1339 1451 umere,
1374 1400 1422 1439 ut
1450 1396 1737 1439 consuetudine
1767 1395 2022 1438 discriminis

308 1469 466 1522 demffio
497 1471 606 1511 metu
629 1469 810 1511 redderet
838 1482 902 1511 eos
933 1469 1149 1512 adversum
1173 1468 1361 1522 pericula
1389 1468 1605 1521 fortiores:
1636 1481 1728 1521 erqo
1759 1462 1871 1522 πρὸς
1903 1463 2021 1508 ἀντι-

309 1537 551 1594 διαστολήν
587 1541 698 1583 saevi
728 1540 879 1594 maris,
916 1541 1025 1594 quod
1060 1540 1340 1583 exercitationi
1369 1539 1572 1582 militibus
1609 1542 1714 1594 erat,
1753 1538 1817 1580 ait
1852 1537 1956 1580 ‘diis
1985 1541 2023 1579 et

307 1612 436 1654 ventis
471 1610 678 1654 secundis'
716 1624 799 1654 esse
827 1614 1080 1666 puqnateim,
1120 1614 1167 1654 ut
1204 1613 1475 1665 tempestatem
1513 1611 1674 1664 quidem
1711 1609 1902 1664 Aqrippa
1938 1623 2022 1651 non

308 1684 507 1735 timuerit,
548 1684 619 1726 sed
650 1683 773 1736 favor
809 1683 976 1725 divinus
1010 1683 1150 1724 maria
1180 1683 1458 1725 constraverit.
1509 1695 1610 1724 nam
1646 1684 1683 1723 et
1720 1682 1812 1735 ipsa
1848 1681 2023 1723 Actiaca

238 1765 283 1796 20
302 1769 450 1810 puqna
480 1768 572 1797 cum
603 1754 742 1808 aquilo
773 1755 811 1797 ei
834 1758 933 1798 esset
956 1756 1166 1807 adversus,
1198 1768 1241 1797 eo
1266 1755 1471 1809 exercitio,
1503 1768 1582 1808 quo
1606 1754 1758 1795 milites
1784 1753 2025 1795 adsueverat

238 2123 282 2154 25

308 1828 525 1870 adversum
548 1827 698 1880 flucms
722 1840 845 1869 naves
868 1840 1002 1881 aqere,
1033 1827 1091 1869 ad
1112 1829 1282 1881 portum
1307 1840 1347 1868 se
1370 1826 1510 1880 fuqere
1534 1826 1725 1880 finivisse:
1757 1838 1840 1878 qua
1863 1838 1908 1866 re
1931 1837 2023 1866 cum

308 1899 438 1942 hostes
461 1899 613 1953 decepti
638 1899 796 1952 insequi
821 1898 959 1941 conati
983 1901 1122 1953 essent,
1147 1898 1349 1940 conversis
1373 1897 1505 1939 subito
1529 1897 1709 1951 naviqiis
1733 1897 1820 1939 suis
1838 1895 2020 1938 Alexan-

309 1971 456 2013 drinas
491 1984 615 2012 naves
651 1970 874 2012 incurrisse
910 1972 948 2011 et
978 1969 1068 2012 telis
1105 1982 1153 2011 ac
1192 1969 1376 2022 flammis
1413 1969 1459 2010 in
1497 1981 1566 2010 eas
1596 1967 1751 2019 missis,
1791 1967 2024 2021 refraqante

308 2042 489 2084 hostibus
518 2042 642 2096 flatu,
673 2055 766 2083 cum
790 2041 898 2083 nihil
922 2040 1005 2095 ipsi
1030 2040 1112 2083 tale
1139 2040 1274 2093 facere
1295 2042 1482 2094 possent,
1513 2040 1727 2082 victoriam
1758 2041 2024 2081 consecutum.

309 2114 453 2155 merito
484 2127 576 2168 erqo
610 2112 762 2155 “centis
791 2109 1012 2155 secundis’.

429 2185 528 2228 683.
577 2201 740 2228 JNSIGNE
769 2201 918 2227 SVPERB
927 2201 981 2227 VM
1007 2184 1129 2238 quasi
1150 2182 1388 2237 principale
1417 2183 1546 2225 decus.

429 2257 527 2300 684.
576 2267 755 2299 NAVALI
797 2267 1014 2298 FVLGENT
1059 2266 1306 2298 Ros'rRA'rA
1348 2265 1535 2297 CORONA
1582 2251 1736 2295 Sextus
1777 2251 2024 2308 Pompeius,

311 2328 493 2383 Pompei
537 2327 670 2383 filius,
713 2328 758 2369 in
797 2325 945 2369 Sicilia
987 2326 1217 2382 piraticam
1255 2325 1457 2369 exercuit.
1519 2327 1670 2367 contra
1713 2339 1840 2379 quem
1880 2325 2022 2379 primo

410 2449 432 2480 4
457 2444 624 2490 Agrippa
650 2474 658 2481 .
680 2472 687 2480 .
711 2474 718 2481 .
744 2443 926 2490 nascitur]
956 2443 1001 2480 cf.
1028 2443 1163 2479 Loewe
1188 2443 1406 2488 prodromus
1431 2454 1467 2488 p.
1496 2445 1539 2477 19
1566 2442 1604 2477 et
1628 2453 1663 2487 p.
1691 2445 1760 2477 396
1781 2453 1833 2486 sq.
1907 2432 1923 2446 ⁶

318 2552 613 2588 commentarium
638 2551 839 2596 composuit
863 2551 1054 2595 Augustus
1079 2551 1193 2586 delere
1218 2550 1342 2586 debuit
1377 2550 1389 2596 ΙΙ
1424 2548 1563 2584 habere
1594 2548 1634 2583 in
1664 2548 1775 2594 galea
1806 2548 1931 2594 coepit
1959 2550 2020 2584 de-

315 2600 459 2646 pictam
483 2599 516 2632 L
535 2599 547 2644 ΙΙ
565 2598 603 2633 in
629 2598 806 2643 galileam
832 2598 868 2633 R
905 2598 943 2633 in
968 2597 1108 2644 galilea
1133 2598 1173 2632 F
1189 2598 1200 2643 ΙΙ
1221 2602 1238 2632 1
1267 2598 1317 2632 ad
1333 2608 1366 2632 v.
1387 2600 1455 2632 681
1481 2597 1523 2631 in
1541 2607 1656 2641 marq.
1683 2596 1884 2632 honorifice
1909 2597 2025 2641 poeta

316 2658 431 2682 unam
457 2645 603 2681 stellam
631 2645 731 2680 sidus
763 2645 968 2691 appellauit
1002 2657 1085 2680 cum
1112 2645 1212 2680 sidus
1239 2656 1284 2680 ex
1308 2644 1436 2679 multis
1463 2643 1583 2679 stellis
1611 2645 1759 2679 constet
1787 2644 1820 2678 T
1854 2645 1866 2689 ΙΙ
1903 2648 1924 2678 3
1951 2655 2024 2679 non

316 2696 409 2730 haec
435 2695 566 2729 contra
591 2693 632 2727 F
647 2694 659 2737 ΙΙ
677 2697 700 2727 4
725 2693 773 2728 ab
799 2704 912 2738 aegro
938 2695 1049 2738 partu
1074 2693 1214 2728 Daniel
1240 2693 1300 2736 (cf.
1324 2693 1423 2727 Plin.
1451 2695 1525 2727 nat.
1553 2692 1634 2726 hist.
1661 2691 1729 2725 VII
1756 2694 1775 2734 ξ
1801 2695 1858 2734 45,
1886 2691 2026 2726 Gellius

316 2741 402 2777 XVI
431 2745 484 2783 16,
512 2740 660 2775 Nonius
680 2752 718 2785 p.
748 2741 848 2785 558):
882 2740 930 2774 ab
956 2742 1094 2785 egypto
1120 2743 1232 2785 partu
1259 2739 1300 2775 F
1331 2741 1343 2785 ΙΙ
1381 2743 1402 2774 5
1428 2739 1492 2784 qui
1517 2738 1674 2784 pedibus
1702 2739 1925 2774 Masvicius:
1959 2737 2023 2782 qui

318 2788 438 2831 odieb;
466 2787 507 2823 F
541 2787 605 2833 qui
629 2787 741 2823 hodie
767 2787 825 2822 bis
853 2787 989 2822 Daniel
1007 2790 1019 2832 ΙΙ
1045 2791 1066 2822 8
1093 2786 1243 2823 conficit
1268 2787 1308 2822 F
1323 2788 1336 2832 ΙΙ
1364 2791 1385 2822 9
1410 2787 1551 2822 moelas
1577 2786 1618 2821 F
1633 2787 1645 2832 ΙΙ
1666 2790 1709 2821 10
1736 2785 1864 2821 nauari
1890 2785 1931 2819 F
1945 2786 1957 2830 ΙΙ
1976 2785 2024 2819 ob

318 2847 391 2881 quo
417 2835 458 2870 F
472 2836 485 2881 11
516 2839 557 2870 11
586 2835 732 2880 generis
758 2845 796 2869 se
824 2834 864 2869 F
879 2834 891 2878 ΙΙ
922 2839 963 2869 13
991 2835 1232 2879 sequentibus
1258 2835 1305 2869 F.
1344 2847 1496 2870 AGmppA
1521 2845 1690 2868 sncvnms
1715 2834 1822 2878 vulqo
1839 2834 1852 2878 ΙΙ
1882 2836 1925 2867 14
1951 2832 2024 2866 Ha-

319 2883 487 2929 drianus]
513 2883 598 2926 fort.
624 2881 848 2917 Haterianus
876 2883 888 2926 ΙΙ
919 2893 1125 2926 agryppam
1153 2882 1193 2917 F
1218 2884 1230 2926 ΙΙ
1264 2886 1306 2917 15
1331 2892 1488 2927 urguere
1514 2880 1555 2916 F
1576 2881 1588 2927 11
1620 2884 1663 2915 16
1691 2880 1816 2915 demtfi
1842 2890 1950 2914 mecu
1976 2878 2024 2922 F,

320 2942 411 2967 corr.
426 2930 564 2966 Daniel
583 2931 594 2976 ΙΙ
647 2928 965 2965 santidiastollens
985 2929 1069 2963 aevi
1091 2929 1138 2972 F,
1157 2940 1248 2964 corr.
1266 2931 1403 2965 Daniel
1421 2931 1433 2974 ss
1453 2933 1496 2964 17
1523 2927 1780 2963 exercitationi
1801 2926 2022 2962 Masvicius:

319 2978 585 3014 exercitatione
612 2941 660 3012 F.
698 2980 785 3022 post
815 2977 897 3012 erat
929 2972 1103 3011 lacurnam
1125 2977 1305 3012 indicavit
1330 2977 1478 3012 Daniel.
1521 2976 1605 3020 fort.
1633 2974 1732 3019 quod
1757 2973 2023 3009 exercitatione

319 3025 502 3061 militibus
533 3025 664 3059 notum
701 3025 782 3059 erat
817 3025 830 3069 ΙΙ
872 3024 921 3059 ad
952 3035 1009 3058 ms
1034 3035 1066 3058 A.
1094 3035 1122 3058 s.
1153 3034 1254 3069 supr.
1279 3035 1368 3059 vers.
1401 3022 1490 3068 quia
1522 3021 1669 3057 diuinus
1701 3020 1807 3057 fauor
1838 3021 1873 3056 ei
1905 3020 2024 3056 maria

320 3072 569 3109 constrauerit
593 3083 666 3107 non
693 3071 792 3116 quod.
817 3082 892 3107 non
915 3070 1084 3106 timuerit
1108 3072 1371 3115 tempestatem
1402 3071 1434 3105 Τ
1461 3072 1474 3115 ΙΙ
1505 3073 1549 3104 20
1576 3068 1753 3104 exerticio
1780 3068 1820 3103 F
1848 3069 1861 3113 ss
1891 3068 2023 3103 adsua-

320 3123 428 3157 uerat
440 3120 480 3155 F
495 3122 508 3166 ΙΙ
526 3123 570 3155 21
592 3119 698 3154 finxit
717 3119 922 3154 Masvicius
939 3119 952 3162 ΙΙ
970 3129 1045 3163 qua
1064 3128 1103 3152 re
1118 3118 1273 3154 Daniel:
1295 3117 1401 3163 queri
1420 3118 1460 3152 F
1475 3118 1488 3162 ΙΙ
1506 3121 1550 3151 22
1573 3116 1739 3151 conuersi
1761 3116 1801 3150 F
1816 3118 1828 3160 ΙΙ
1848 3116 1938 3151 suisi
1957 3115 1997 3150 F
2014 3115 2023 3160 Η

320 3174 366 3204 23
386 3167 543 3204 incurrit
563 3167 770 3202 Masvicius
788 3167 801 3212 ΙΙ
819 3166 906 3202 talis
928 3165 969 3201 F
982 3166 995 3211 ΙΙ
1013 3164 1241 3210 refraglante
1262 3166 1329 3210 Fu
1353 3169 1398 3200 24
1423 3165 1514 3199 flatu
1535 3163 1589 3198 F:
1615 3163 1729 3198 fluctu
1751 3164 1888 3199 Daniel
1906 3164 1919 3208 u
1943 3162 2025 3208 ipse

322 3215 362 3251 F
377 3218 389 3261 ΙΙ
409 3216 627 3251 consecutus
653 3215 711 3250 est
729 3214 934 3249 Masvicius
952 3214 965 3259 ss
983 3216 1028 3248 25
1054 3213 1103 3248 ad
1127 3224 1268 3247 msmus
1294 3225 1323 3247 s.
1348 3223 1449 3257 supr.
1469 3222 1557 3247 vers.
1580 3210 1620 3245 id
1645 3212 1703 3246 est
1728 3210 1935 3256 principale
1961 3210 2025 3245 de-

322 3275 387 3298 cus
412 3262 502 3298 belli
531 3262 564 3297 T
586 3263 598 3308 ΙΙ
626 3262 754 3306 decus]
781 3261 871 3297 deus
896 3261 931 3296 G
954 3262 967 3307 ΙΙ
996 3263 1041 3296 27
1069 3259 1226 3296 siciliam
1252 3260 1373 3295 ARL
1400 3259 1534 3305 (sicilia
1559 3260 1596 3303 a)
