2092 3614
339 264 429 306 224
1116 261 1277 298 SERVII

340 388 384 416 se
409 371 818 426 remunerationem,
851 371 926 413 sed
951 370 1198 413 verecunde·
1215 372 1330 412 tacet
1355 369 1558 412 Euander
1589 369 1639 411 de
1667 369 1755 412 suis
1787 369 2050 411 muneribus.

394 461 554 491 menso
562 461 610 486 νΕ
636 460 823 487 SAGITTAS
858 443 1132 485 enumerando
1168 441 1335 497 singula
1372 441 1498 495 efficit
1531 454 1581 483 ne
1618 441 1853 484 eommunia
1890 443 1927 483 et
1955 441 2053 494 fieta

338 516 568 558 videantur.

462 587 559 629 167.
607 598 732 629 Avno
758 598 906 628 DEDIT
933 596 1268 628 INTERTEXTAM
1299 585 1460 640 legitur
1486 586 1529 626 et
1554 583 1834 627 ‘intertexto'.
1884 587 1922 626 et
1948 584 2052 638 βρα-

292 668 313 700 5
339 661 428 701 rate
457 659 611 700 dietum
641 661 716 709 est,
747 658 1009 700 intertextum
1040 671 1193 699 aarum
1223 656 1444 699 habentem.

463 729 558 772 168.
608 740 861 779 FRENAQVE
894 740 1007 771 BINA
1042 728 1228 784 poetice,
1265 742 1367 769 nam
1399 726 1515 769 ‘duo'
1549 726 1697 768 debuit
1728 727 1885 769 dicere:
1918 725 2051 768 ‘bina'

340 801 454 843 enim
498 800 733 843 secundum
779 798 1029 842 Ciceronem
1079 814 1167 842 non
1211 798 1413 841 dicuntur
1462 798 1549 840 nisi
1592 798 1643 839 de
1687 797 1755 839 his
1801 813 1908 853 quae
1953 800 2054 840 sunt

342 872 509 915 numeri
546 873 719 914 tantum
756 871 949 927 pluralis,
1011 886 1112 913 nam
1145 869 1294 913 Cicero
1333 884 1409 925 per
1447 868 1677 925 epistolam
1717 870 1865 925 culpat
1904 869 2053 925 filium,

340 943 485 986 dicens
517 943 631 984 male
663 957 761 984 eum
794 942 952 984 dixisse
985 941 1143 984 ‘direxi
1175 941 1344 983 litteras
1377 939 1517 995 duas',
1555 955 1650 982 cum
1683 939 1912 992 ‘litterae'‚
1950 954 2053 995 quo-

271 1026 314 1057 10
339 1015 452 1057 tiens
498 1014 754 1076 epistolam·
775 1013 1042 1069 significant,
1085 1012 1252 1054 numeri
1297 1014 1468 1054 tantum
1514 1011 1696 1066 pluralis
1742 1012 1840 1055 sint.
1903 1014 2054 1054 contra

340 1085 570 1141 ‘epistolas
602 1083 749 1127 binas'
782 1099 870 1127 non
902 1083 1102 1145 dicimus,
1135 1084 1209 1126 sed
1241 1082 1405 1126 ε(11111113.

461 1158 557 1200 169.
607 1168 780 1199 11711011
806 1168 891 1199 EST
918 1168 1022 1198 mm
1049 1167 1267 1198 FOEDERE
1299 1167 1488 1197 DEXTRA
1521 1155 1711 1210 antiquis
1745 1154 1946 1196 amicitiis
1979 1169 2054 1210 per

342 1229 560 1272 Anchisae
593 1229 845 1284 hospitium.

461 1302 557 1343 171.
607 1318 631 1343 A
644 1318 771 1344 VXILlo
800 1317 944 1343 Laeros
974 1317 1171 1343 ΜΜῙΤΤΛΜ
1210 1298 1307 1341 haee
1348 1302 1445 1342 sunt
1479 1313 1619 1353 pauca
1658 1298 1805 1352 quibus
1844 1299 2054 1341 auxilium

272 1383 314 1415 15
333 1373 562 1427 pollicetar.
671 1389 807 1415 eivers
837 1372 883 1413 id
911 1374 970 1413 est
998 1370 1208 1413 militibus.
1260 1370 1380 1424 ‘opes'
1414 1371 1577 1424 antiqui
1606 1369 1804 1411 vocabant
1833 1370 1993 1412 milites.

268 1742 288 1773 2

268 2099 314 2131 a

292 1742 313 1773 Ο

464 1444 560 1486 172.
609 1454 801 1493 QVANDO
828 1453 920 1484 nvo
946 1453 1159 1484 vni-usus
1186 1453 1317 1484 AMICI
1350 1441 1561 1496 siquidem
1589 1441 1717 1483 amici
1742 1441 1829 1483 iam
1855 1441 2066 1486 venistisz.

339 1518 568 1558 extraneos
607 1514 722 1558 enim
759 1513 812 1555 ad
846 1528 968 1556 sacra
999 1528 1087 1555 11011
1119 1513 1280 1555 licebat
1311 1512 1526 1555 adhibere.
1588 1513 1667 1554 hos
1701 1514 1843 1554 autem
1876 1512 2055 1554 adhibet

340 1587 392 1629 ad
426 1601 549 1629 sacra
580 1585 703 1641 quasi
736 1585 928 1640 antiquis
960 1584 1131 1627 iunctos
1164 1584 1385 1627 amicitiis:
1418 1584 1527 1626 unde
1560 1583 1692 1626 infert
1724 1583 1790 1625 ‘et
1822 1584 1908 1626 iam
1940 1597 2054 1626 nunc

341 1659 558 1701 sociorum
590 1657 830 1714 adsuescite
862 1656 1060 1699 mensis'.

463 1729 559 1771 173.
608 1740 770 1771 ANNVA
802 1740 926 1778 QVAE
958 1739 1196 1770 nmmum:
1229 1739 1377 1770 NEFAS
1417 1728 1712 1770 anniversaria
1744 1727 1971 1782 sacrificia,
2010 1727 2058 1769 id

338 1804 398 1843 est
420 1801 656 1852 sollemnia,
681 1800 777 1842 ideo
803 1815 892 1842 non
918 1800 1189 1854 differuntur,
1221 1799 1321 1854 quia
1346 1813 1424 1841 nec
1449 1799 1600 1841 iterari
1625 1801 1821 1854 possunt.
1863 1798 2055 1840 sollemne

338 1876 475 1914 antem
506 1872 578 1913 hoo
602 1885 685 1914 esse
709 1872 794 1926 ipse
817 1872 880 1913 ait
905 1871 1050 1926 <102>
1080 1870 1212 1924 forte
1242 1871 1319 1913 die
1350 1870 1631 1913 sollemnem
1662 1870 1752 1913 illo
1782 1883 1868 1911 rex
1892 1869 2054 1911 Areas

339 1944 577 1986 honorem.
639 1957 740 1984 nam
779 1942 1030 1984 kalendaria
1069 1942 1106 1983 si
1145 1957 1231 1998 qua
1269 1941 1431 1983 fuerint
1467 1941 1637 1984 ratione
1676 1941 1829 1996 dilata,
1869 1943 2054 1995 possunt

340 2015 495 2070 repeti,
540 2029 617 2056 nec
661 2014 880 2069 piaculum
925 2028 1072 2056 eorum
1117 2013 1437 2055 intermissione
1483 2013 1781 2055 committitur.
1842 2025 1941 2054 sane
1983 2011 2055 2054 hoc

339 2100 503 2129 sacrum
527 2086 735 2140 pollutum
765 2089 950 2137 vocatur,
981 2086 1090 2139 qnod
1111 2085 1266 2139 populo
1297 2086 1422 2127 annis
1453 2085 1627 2139 singulis
1659 2085 1800 2127 luitur.
1909 2101 1958 2126 Μ
1969 2101 2055 2127 VEN-

344 2175 412 2200 rEs
440 2161 488 2199 nt
517 2158 564 2199 in
593 2171 688 2199 saer
688 2158 726 2199 is
758 2156 908 2210 ‘favete
940 2155 1127 2212 linynis’,
1159 2155 1303 2209 ‘favete
1333 2155 1526 2198 voeibus'.

461 2229 559 2272 174.
609 2246 661 2271 ET
689 2246 764 2271 IAM
793 2246 898 2272 vac
926 2229 1023 2270 ordo
1055 2230 1113 2270 est
1143 2226 1203 2269 et
1231 2228 1319 2269 iam
1349 2226 1584 2270 sociorum&

463 2299 559 2342 175.
608 2311 755 2342 DAPEs
788 2300 939 2354 epulae
972 2299 1149 2341 deorum
1182 2298 1401 2354 propriae,
1434 2301 1482 2340 ut
1513 2298 1627 2341 Iovis
1659 2313 1776 2340 cena.
1877 2315 2053 2341 svamm

340 2389 485 2415 nepem
509 2388 653 2415 POGVLA
685 2372 882 2425 qnoniam
913 2373 1022 2412 metu
1050 2370 1303 2423 reliquerant
1332 2383 1510 2421 mensas,
1542 2371 1630 2412 ideo
1661 2370 1724 2411 ait
1754 2368 1950 2423 ‘reponi'.

437 2529 458 2560 6
485 2525 575 2560 bina
594 2524 693 2560 enim
713 2535 744 2560 e.
766 2536 801 2569 q.
823 2523 867 2570 s.]
896 2523 939 2558 cf.
961 2523 1046 2560 Isid.
1068 2522 1142 2559 diff.
1164 2522 1263 2560 verb.
1286 2527 1352 2558 159
1372 2524 1384 2570 ΙΙ
1403 2526 1424 2559 8
1451 2523 1594 2569 Cicero]
1620 2522 1751 2568 fragm.
1772 2534 1808 2567 p.
1828 2525 1910 2568 972,
1930 2526 1974 2558 33
1991 2521 2050 2559 Or.

437 2672 458 2702 2
485 2668 535 2703 ad
553 2679 584 2703 v.
609 2671 675 2703 166
703 2667 954 2702 enumerando
981 2665 1128 2711 singula
1147 2666 1262 2702 efficit
1287 2677 1332 2701 ne
1358 2666 1556 2702 uideantur
1575 2665 1788 2701 communia
1813 2667 1851 2701 et
1875 2665 1962 2701 ficta.
1987 2666 2052 2700 sed

342 2715 496 2760 propria
521 2717 559 2750 et
582 2714 778 2760 gentilicia
803 2715 1034 2749 troianorum
1063 2714 1096 2748 1
1113 2715 1124 2760 ΙΙ
1157 2718 1179 2748 4
1204 2714 1363 2760 figurate
1387 2714 1544 2749 Daniel:
1570 2714 1690 2759 figura
1715 2713 1756 2747 F
1770 2714 1783 2759 u
1815 2716 1835 2748 5
1861 2714 1911 2749 ad
1936 2725 2053 2748 mrim-

343 2775 485 2798 '¹'rEX1AM
509 2773 610 2807 supr.
637 2773 726 2797 vers.
751 2762 997 2796 intertextum
1023 2772 1155 2795 aurum
1181 2762 1381 2797 habentem
1411 2761 1444 2795 T
1470 2763 1481 2807 ΙΙ
1514 2765 1532 2796 7
1561 2760 1776 2796 Ciceronem
1804 2759 2053 2805 ..pluralis

342 2821 409 2845 om.
435 2810 481 2844 H
513 2811 525 2856 ΙΙ
567 2813 588 2844 8
615 2820 768 2845 numero
800 2811 947 2844 tantum
982 2808 1120 2853 plurali
1145 2808 1180 2842 L
1222 2810 1370 2844 tantum
1401 2808 1545 2844 numeri
1575 2808 1730 2854 pluralis
1756 2808 1791 2842 A
1834 2809 1981 2842 tantum
2015 2807 2054 2842 in

342 2869 495 2893 numero
515 2857 654 2903 plurali
675 2857 703 2893 S
721 2858 733 2904 ΙΙ
751 2867 818 2902 per
843 2855 1058 2902 epistolam]
1082 2857 1197 2901 pepta
1217 2857 1257 2890 H
1275 2858 1286 2903 ΙΙ
1306 2860 1326 2891 9
1347 2856 1465 2891 direxi
1491 2856 1561 2891 tibi
1580 2855 1615 2890 L
1653 2855 1789 2890 direxit
1807 2855 1850 2889 H
1864 2857 1877 2900 ΙΙ
1898 2859 1941 2890 10
1961 2854 2052 2901 sint]

343 2906 429 2940 sunt
453 2905 547 2949 As,
582 2904 788 2940 ciceronem
823 2915 897 2939 non
928 2903 1102 2938 dicuntur
1129 2931 1135 2937 .
1158 2903 1378 2949 ..pluralis
1403 2903 1478 2939 sint
1503 2904 1587 2939 add.
1615 2903 1660 2937 H
1684 2904 1699 2958 u
1737 2906 1779 2937 15
1804 2903 1979 2938 scholium
2003 2903 2054 2937 ad

342 2965 465 2988 opnzvs
491 2952 606 2987 edidit
624 2952 764 3006 Daniel
782 2962 799 2987 e
821 2950 1038 2993 Turonensi,
1063 2950 1104 2985 in
1129 2962 1199 2995 quo
1225 2952 1270 2986 ab
1296 2962 1334 2986 eo
1359 2952 1536 2996 scriptum
1560 2953 1610 2985 est
1634 2951 1699 2995 qui
1723 2949 1937 2985 Tironianis
1955 2950 2053 2985 notis

341 3001 512 3036 utebatur
530 3000 542 3045 ΙΙ
572 3003 615 3035 16
639 2999 715 3035 iam
742 2998 852 3035 amici
878 2997 918 3033 F
933 2998 946 3043 ΙΙ
964 3001 1009 3032 20
1035 3008 1052 3032 e
1072 2997 1321 3034 Floriacensis
1347 2999 1606 3034 additamentis
1630 2999 1694 3033 hoe
1718 2997 1892 3032 scholium
1916 2997 2052 3037 consti

342 3048 517 3083 tuendum
541 3050 591 3082 est
616 3059 734 3083 ANNVA
759 3046 783 3083 i.
813 3057 842 3082 e.
874 3044 1082 3081 sollemnia.
1122 3045 1300 3081 sollemne
1326 3049 1451 3080 autem
1479 3072 1487 3080 .
1507 3045 1762 3081 ...honorem
1802 3047 1953 3079 ceterum
1980 3044 2052 3079 sol-

343 3096 465 3130 lemne
492 3123 500 3131 .
522 3122 529 3129 .
590 3094 768 3130 honorem
793 3094 909 3130 edidit
927 3093 1134 3139 Stephanus
1153 3093 1164 3137 ΙΙ
1184 3096 1229 3127 23
1255 3093 1286 3127 si
1312 3103 1378 3128 om.
1399 3093 1435 3127 R
1454 3094 1465 3139 ΙΙ
1484 3097 1531 3128 24
1555 3092 1605 3127 ad
1626 3103 1657 3128 v.
1682 3095 1749 3126 173
1774 3091 1816 3126 in
1841 3102 1955 3145 mary.
1983 3092 2053 3127 hoc

343 3154 489 3178 sacrum
522 3141 722 3187 polluitum
755 3143 835 3188 (sie)
867 3141 1073 3176 uocabatur
1103 3139 1204 3184 apud
1235 3139 1415 3184 antiquos
1443 3140 1541 3184 quod
1577 3138 1734 3184 singulis
1771 3139 1877 3174 annis
1912 3139 2054 3184 populo

343 3190 459 3225 luitur
483 3189 506 3224 i.
534 3201 565 3226 e.
590 3188 818 3244 persoluitur
844 3187 1073 3224 sacrificatur
1102 3186 1161 3231 ΤΙΙ
1185 3190 1229 3221 25
1256 3187 1463 3232 polluctum
1488 3187 1707 3229 Dorvillius,
1734 3186 1853 3230 ipsius
1876 3186 2052 3232 interpre-

343 3238 391 3272 tis
415 3247 570 3273 eirorem
595 3238 778 3282 emriyens
802 3238 814 3283 ss
846 3239 890 3271 28
917 3247 1034 3272 caena
1057 3234 1196 3269 ΑΒΜ
1219 3235 1230 3280 ΙΙ
1262 3237 1306 3268 29
1333 3233 1388 3269 ait
1412 3234 1559 3270 addidit
1583 3233 1722 3269 Daniel
