2124 3600
303 1036 347 1068 10

306 1394 348 1426 15

252 1751 348 1783 -20

379 275 459 317 138
1149 276 1310 312 SERVII
1351 243 1358 249 ⁵

496 386 591 428 163.
641 397 983 438 DonrrAN'ern
1022 399 1071 429 IN
1109 397 1325 430 PVLVERE
1364 397 1541 428 cvmzvs
1587 400 1718 441 equos
1763 387 1841 429 sub
1886 388 2083 431 curribus

372 447 585 500 domitant.

496 529 591 572 164.
640 540 785 573 ACRES
818 541 963 573 ARcvs
995 530 1141 573 fortes.
1193 532 1236 572 et
1274 531 1339 571 est
1375 526 1657 584 κατάχρησιςε
1701 545 1802 572 nam
1848 530 2083 574 acrimonia

373 600 531 642 mentis
565 603 642 643 est.
763 613 922 644 LENTA
953 602 1113 644 mollia.
1234 613 1342 643 ICTV
1373 599 1643 642 iaculatione.
2006 602 2010 606 '

495 671 589 715 167.
639 684 876 715 INGENTES
916 688 968 715 ex
1000 675 1176 728 stupore
1207 672 1349 714 nuntii
1380 672 1475 713 laus
1509 672 1751 714 ostenditur
1783 672 2082 716 Troianorum.

372 745 416 785 et
446 742 555 785 bene
585 744 792 798 novitatis
825 744 1017 787 ostendit
1049 743 1316 800 opinionem:
1354 743 1554 798 ingentes
1588 743 1701 785 enim
1733 758 1826 787 esse
1858 759 1965 801 quos
1996 745 2082 800 pri-

370 830 489 857 mum
520 814 715 858 videmus
748 817 988 872 opinamur.
1088 827 1336 858 REPORTAT
1371 817 1445 857 aut
1477 813 1564 856 ‘re'
1597 818 1743 871 vacat,
1775 818 1850 859 aut
1882 815 1970 858 ere'
2002 830 2081 872 pro

371 884 470 928 ‘ad'
502 887 668 942 posuit,
701 890 750 929 ut
782 888 839 930 sit
871 886 1129 943 ‘adportat’.

493 959 589 1002 168.
639 971 784 1001 INTRA
816 970 968 1001 TECTA
1000 971 1172 1002 VOGARI
1210 959 1413 1001 dissentit
1449 958 1531 1000 hoc
1569 957 1666 1001 loco
1699 973 1725 1000 a
1756 958 1954 1001 Romana
1984 973 2083 1002 con-

375 1029 611 1072 suetudine.
655 1045 755 1072 nam
780 1031 917 1086 legati
943 1031 979 1072 si
1005 1030 1175 1086 quando
1201 1030 1411 1086 incogniti
1438 1029 1584 1072 venire
1609 1029 1924 1085 nuntiarentur,
1942 1030 2082 1085 primo

375 1100 478 1156 quid
508 1101 670 1143 vellent
696 1102 750 1143 ab
777 1101 1125 1156 exploratoribus
1150 1101 1469 1156 requirebatur,
1500 1101 1601 1155 post
1626 1100 1680 1142 ad
1706 1098 1779 1142 eos
1806 1100 2083 1156 egredieban-

375 1174 445 1214 tur
470 1172 752 1227 magistratus
779 1172 986 1228 minores,
1018 1174 1061 1214 et
1091 1174 1194 1215 tunc
1226 1172 1397 1214 demum
1424 1173 1599 1213 senatus
1625 1171 1677 1214 ab
1701 1172 1759 1214 eis
1785 1173 1907 1213 extra
1930 1172 2082 1227 urbem

373 1244 598 1299 postulata
628 1243 853 1299 noscebat,
885 1247 929 1286 et
959 1244 1023 1286 ita
1054 1244 1090 1286 si
1109 1244 1262 1286 ·visun1
1288 1243 1459 1299 fuisset,
1490 1244 1536 1286 in
1560 1243 1701 1285 urbem
1732 1241 2083 1287 admittebantur.

374 1315 449 1357 sed
479 1314 563 1357 hoc
595 1314 816 1371 Vergilius
847 1330 935 1358 non
973 1316 1064 1358 sine
1102 1315 1269 1358 ratione
1307 1314 1617 1370 praetermisit:
1662 1313 1867 1356 Latinum
1896 1329 2082 1371 namque

375 1401 609 1428 memorem
644 1386 739 1428 vult
770 1400 863 1428 esse
901 1386 1098 1442 responsi
1130 1389 1175 1429 et
1206 1385 1379 1429 avidum
1412 1385 1517 1427 satis
1550 1384 1604 1427 ad
1634 1387 1833 1427 externos
1866 1385 2083 1442 videndos,

373 1474 450 1514 per
480 1473 589 1514 quos
621 1458 661 1500 ei
692 1457 1030 1513 promittebatur
1059 1457 1259 1505 felicitas.

480 1529 592 1576 169.
642 1540 780 1572 SOLIO
805 1540 979 1571 MEDIVS
1006 1540 1239 1571 CONSEDIT
1266 1530 1315 1569 ut
1340 1542 1470 1582 supra
1492 1527 1541 1582 <I
1561 1527 1676 1583 506>
1695 1527 1898 1583 diximus,
1925 1528 2082 1571 solium

374 1604 440 1644 est
470 1601 606 1644 veluti
637 1600 869 1643 armarium
902 1601 952 1642 de
983 1615 1068 1643 uno
1100 1600 1220 1656 ligno
1253 1599 1416 1641 factum
1441 1599 1494 1641 ad
1519 1613 1672 1655 regum
1703 1599 1902 1655 tutelam,
1935 1614 2081 1643 seeun-

374 1673 474 1715 dum
513 1672 621 1715 alios
654 1687 680 1714 a
712 1671 932 1715 soliditate
971 1672 1151 1727 dictum,
1192 1671 1425 1713 secundum
1457 1671 1646 1726 Asprum
1685 1685 1763 1726 per
1800 1671 2082 1727 antistichon,

375 1745 501 1798 [quod
522 1744 655 1786 solum
680 1744 726 1786 id
747 1747 807 1786 cst
828 1758 959 1786 unum
983 1743 1109 1798 capit]
1143 1743 1264 1798 quasi
1293 1742 1460 1785 sodium
1486 1757 1511 1783 a
1537 1741 1741 1784 sedendo:
1771 1756 1874 1783 nam
1905 1743 1948 1784 et
1974 1742 2083 1785 sella

374 1815 498 1871 quasi
531 1814 661 1856 sedda
693 1814 809 1857 dicta
841 1817 918 1857 est.

496 1886 591 1928 170.
641 1896 829 1929 TECTVM
853 1897 1108 1929 Avevsrvm
1134 1896 1305 1928 means
1333 1884 1526 1940 domum,
1552 1899 1681 1940 quam
1707 1883 1752 1926 in
1776 1883 1947 1927 Palatio
1974 1884 2078 1927 dixi-

374 1973 469 2000 mus
508 1956 599 2013 <IV
630 1957 747 2011 410>
787 1957 840 1999 ab
879 1956 1081 2013 Augusto
1125 1957 1303 2013 factam,
1346 1971 1422 2012 per
1465 1957 1697 1998 transitum
1739 1955 1905 1998 laudat:
1950 1970 2080 2011 quam

375 2030 499 2086 quasi
530 2029 575 2071 in
608 2028 912 2072 Laurolavinio
945 2029 1039 2071 vult
1069 2029 1213 2071 fuisse.

471 2175 514 2207 17
541 2171 675 2206 solium
701 2181 732 2206 e.
759 2182 793 2215 q.
821 2171 866 2218 s.]
901 2182 1013 2207 exscr.
1040 2170 1127 2232 Isid,
1154 2181 1205 2205 or.
1233 2169 1301 2204 XX
1328 2172 1383 2214 11,
1413 2172 1455 2204 10
1482 2168 1521 2204 et
1549 2171 1603 2212 16,
1629 2171 1662 2203 4.
1707 2167 1753 2204 ef.
1780 2167 1855 2203 diff.
1883 2167 1984 2204 verb.
2011 2170 2081 2203 524

1628 2227 1668 2260 0
1700 2257 1704 2266 ,

471 2307 488 2337 1
523 2301 706 2347 curribus]
739 2302 888 2347 regibus
914 2301 1013 2337 Lion
1042 2302 1055 2346 ΙΙ
1091 2302 1141 2336 ad
1164 2311 1252 2336 vers.
1281 2303 1347 2334 163
1374 2300 1415 2335 in
1440 2311 1553 2344 marg).
1580 2298 1750 2334 Romana
1780 2298 1954 2334 iuuentus
1985 2298 2079 2334 tem-

373 2361 463 2395 pore
498 2349 602 2395 pacis
635 2349 774 2384 bellico
808 2350 896 2384 ludo
932 2349 1173 2384 exercebatur
1206 2347 1244 2382 in
1277 2358 1409 2392 campo
1441 2347 1581 2382 marcio
1614 2345 1792 2381 currendo
1823 2345 2002 2382 uidelicet
2031 2346 2080 2382 ad

372 2397 500 2442 palum
526 2398 565 2432 et
587 2396 641 2431 ibi
666 2408 749 2431 cum
775 2408 912 2442 magno
937 2396 1082 2442 impetu
1106 2396 1203 2431 ictus
1223 2394 1405 2430 mittendo
1423 2393 1486 2430 uel
1506 2394 1618 2430 etiam
1637 2394 1738 2429 ultra
1757 2404 1893 2438 equum
1911 2392 2078 2439 ligneum

375 2443 555 2480 saliendo.
599 2444 684 2480 ideo
710 2444 781 2479 hoc
806 2443 996 2485 faciebant
1020 2455 1067 2479 ne
1093 2455 1178 2478 cum
1202 2442 1406 2478 necessitas
1433 2441 1618 2477 euenisset
1643 2441 1768 2476 essent
1793 2442 1962 2485 expertes
1988 2441 2079 2477 artis

373 2491 533 2527 militiae
562 2492 595 2526 Τ
624 2492 635 2537 ΙΙ
666 2495 687 2526 3
714 2489 957 2538 κατάχρησις]
991 2491 1192 2526 eatacresis
1217 2501 1305 2533 Q
1330 2489 1367 2524 Α
1399 2488 1446 2534 (is
1471 2490 1514 2525 in
1537 2500 1609 2525 ras.
1637 2490 1674 2534 a)
1713 2489 1799 2523 cata
1823 2488 2026 2533 crestiquos
2050 2488 2081 2524 S

373 2538 574 2574 catacresis
599 2538 728 2574 RLF
764 2538 960 2574 catacretis
984 2539 1030 2573 H
1062 2538 1254 2574 catacrisis
1280 2538 1331 2573 M
1349 2538 1360 2583 ΙΙ
1391 2541 1414 2572 4
1438 2537 1510 2582 est]
1538 2548 1612 2572 non
1638 2537 1764 2572 autem
1788 2535 2078 2571 inanimatarum

373 2597 497 2621 rerum
523 2587 565 2620 ut
590 2597 743 2621 arcuum
769 2587 853 2621 add.
880 2586 920 2620 D
938 2587 950 2632 ΙΙ
981 2589 1002 2621 5
1027 2586 1152 2621 nuncii
1178 2585 1214 2620 A
1233 2587 1244 2633 ΙΙ
1273 2590 1293 2621 6
1319 2587 1358 2620 et
1383 2585 1475 2619 bene
1503 2610 1511 2617 .
1532 2611 1539 2619 .
1563 2612 1570 2619 .
1598 2584 1794 2629 opinamur
1820 2593 1886 2618 om.
1913 2582 2001 2617 LH
2022 2583 2078 2629 (in

372 2644 486 2678 mary.
513 2633 598 2668 add.
625 2634 651 2678 l)
671 2634 683 2678 ΙΙ
711 2632 904 2678 opiniones
932 2635 979 2668 M
1002 2635 1013 2679 ΙΙ
1041 2637 1065 2679 ‚7
1092 2633 1319 2678 optimamur
1341 2632 1378 2666 R
1397 2633 1408 2678 11
1439 2633 1571 2666 uaccat
1596 2631 1641 2666 H
1672 2632 1786 2665 uocat
1812 2630 1861 2664 M
1876 2630 1889 2675 ΙΙ
1917 2632 1984 2665 aut
2009 2658 2016 2665 .
2039 2657 2047 2665 .
2068 2656 2078 2667 .

374 2680 424 2716 sit
447 2692 514 2717 om.
541 2680 590 2723 L,
615 2691 714 2725 supr.
741 2691 830 2715 vers.
856 2681 941 2716 add.
970 2682 993 2724 l,
1019 2681 1074 2716 ita
1099 2684 1220 2716 tamen
1243 2684 1284 2715 ut
1309 2691 1348 2715 re
1374 2680 1516 2714 omittat
1532 2680 1545 2724 ΙΙ
1570 2690 1610 2713 re
1636 2707 1643 2714 .
1666 2706 1673 2713 .
1696 2705 1703 2712 .
1731 2677 1782 2712 sit
1806 2688 1872 2712 om.
1898 2677 1940 2711 H
1962 2677 1975 2722 ΙΙ
2007 2681 2029 2712 9
2056 2687 2079 2712 a

374 2726 641 2764 consuetudine
667 2737 822 2762 romana
839 2727 953 2762 ASR
971 2729 984 2773 ΙΙ
1004 2732 1048 2763 10
1073 2728 1337 2763 nunciarentur
1355 2726 1392 2761 A
1430 2726 1648 2761 nuntiantur
1666 2725 1700 2759 L
1718 2726 1729 2771 ΙΙ
1751 2728 1792 2759 11
1819 2724 2077 2769 ingredieban-

372 2777 434 2810 tur
459 2775 494 2810 L
520 2776 624 2819 (co‘rr.
652 2775 677 2815 l)
714 2776 727 2819 ΙΙ
766 2778 808 2808 12
835 2776 941 2809 extra
964 2776 1111 2821 urbem]
1144 2776 1250 2811 extra
1273 2773 1538 2820 pomeria'AS
1574 2775 1586 2818 ΙΙ
1625 2777 1666 2808 13
1698 2771 1876 2808 noscebat
1906 2781 1973 2806 om.
2000 2769 2046 2806 H

375 2826 420 2857 14
444 2823 515 2857 1100
540 2833 605 2857 om.
636 2821 676 2856 F
703 2822 716 2866 ΙΙ
751 2821 921 2866 uirgilius
948 2849 955 2856 .
978 2850 985 2856 .
1007 2850 1013 2856 .
1042 2822 1294 2866 praetermisit
1318 2820 1431 2857 ASR
1441 2820 1514 2855 Fl:
1546 2821 1749 2865 prudenter
1779 2816 1870 2853 fecit
1894 2818 1981 2853 LH
1985 2819 2034 2853 M

376 2873 418 2904 15
443 2869 532 2904 fatis
557 2869 654 2903 HM
676 2871 688 2913 n
716 2868 895 2904 videndos
920 2879 986 2903 om.
1014 2869 1050 2904 R
1076 2870 1087 2914 ΙΙ
1121 2874 1163 2904 16
1188 2880 1255 2915 per
1279 2880 1371 2914 quos
1398 2897 1406 2904 .
1429 2896 1436 2904 .
1458 2897 1465 2904 .
1493 2868 1654 2903 felicitas
1679 2878 1744 2902 om.
1771 2865 1860 2900 LH
1880 2866 1936 2910 (in
1960 2877 2076 2912 mary.

374 2917 458 2953 add.
486 2917 511 2961 l)
544 2918 557 2960 ΙΙ
588 2916 622 2951 ei
647 2927 713 2952 om.
741 2915 777 2950 R
807 2916 819 2962 ΙΙ
853 2920 894 2951 17
921 2915 1055 2951 solium
1081 2918 1139 2951 est
1162 2919 1205 2951 ut
1230 2917 1342 2962 (sicut
1366 2916 1418 2959 F)
1450 2915 1610 2950 diximus
1635 2926 1743 2959 supra
1769 2912 1888 2948 ASF
1914 2913 1928 2958 ΙΙ
1961 2915 2004 2948 18
2030 2913 2079 2948 ad

373 2975 504 3009 regum
528 2963 686 2998 tutelam
710 2963 850 2998 factum
877 2962 965 2997 LH
970 2963 1018 2997 M
1040 2965 1052 3008 ΙΙ
1084 2967 1127 2998 19
1154 2964 1390 3009 antistochen
1415 2963 1451 2997 R
1489 2961 1688 2998 antisticon
1713 2962 1748 2995 L
1784 2960 2011 3004 antisyseom
2036 2960 2083 2994 H

374 3011 586 3056 antistycon
607 3011 656 3045 M
672 3012 684 3057 ΙΙ
704 3015 748 3045 20
773 3010 874 3055 quod
899 3010 1018 3046 solum
1037 3022 1151 3045 unum
1172 3011 1275 3055 capit
1298 3011 1413 3045 edidit
1432 3009 1637 3054 Stephanus
1654 3009 1667 3054 ΙΙ
1686 3006 1846 3052 sodium]
1874 3006 2017 3042 sedium
2036 3007 2074 3042 R

365 3058 508 3095 *solium
527 3057 571 3092 H
586 3059 599 3102 ΙΙ
618 3062 661 3092 21
690 3057 797 3102 quasi
816 3058 929 3093 sedda
949 3057 1050 3092 dicta
1069 3057 1141 3103 est]
1168 3059 1206 3092 et
1230 3056 1409 3092 subsellia
1433 3056 1541 3101 quasi
1566 3055 1764 3091 subseddia
1782 3054 1867 3088 add.
1887 3053 2074 3090 Isidorus:

374 3117 465 3152 quae
489 3105 687 3140 Kett‘nerus
712 3105 841 3149 (Varr.
868 3105 977 3141 Stud.⁴
995 3116 1035 3150 p.
1055 3105 1116 3150 31)
1143 3104 1267 3139 Servio
1293 3104 1424 3139 tribuit
1451 3105 1463 3148 ΙΙ
1494 3107 1539 3137 22
1566 3102 1716 3138 domum
1742 3128 1750 3136 .
1772 3127 1780 3135 .
1802 3127 1810 3134 .
1838 3099 1921 3135 vult
1943 3100 2057 3137 fuisse

373 3154 526 3189 domum
556 3153 595 3188 in
627 3152 769 3197 palatio
796 3163 908 3197 quam
936 3163 1047 3198 supra
1072 3152 1177 3197 quasi
1201 3151 1240 3185 in
1266 3149 1512 3185 laurolauinio
1538 3149 1620 3184 uult
1644 3149 1759 3183 fnisse
1784 3147 1871 3182 LH
1896 3149 1909 3193 ss
1945 3158 2057 3193 quam

375 3212 488 3245 quam
514 3211 624 3245 supra
649 3198 686 3235 R
704 3201 716 3245 ΙΙ
735 3200 774 3234 in
798 3211 865 3235 om.
879 3199 953 3235 AS
969 3200 980 3246 ΙΙ
999 3203 1045 3235 24
1069 3199 1152 3234 uult
1175 3198 1290 3233 fuisse
1311 3198 1361 3232 M
1365 3211 1374 3234 z
1399 3196 1513 3232 fuisse
1539 3197 1807 3232 commemorat
1825 3194 1962 3231 ASFl
1985 3194 2075 3231 fuis-

375 3249 434 3283 set
457 3249 725 3284 commemorat
748 3246 785 3282 R
