2092 3614
559 241 709 277 COMM.
736 240 789 275 IN
814 240 958 276 VERG.
985 236 1096 278 AEN.
1123 242 1174 277 XI
1200 245 1352 277 20-36.
1723 241 1809 283 481

100 348 193 391 bene
224 348 449 403 ‘patriam’
482 351 559 406 ait,
599 353 812 405 tamquam
847 351 1045 405 fiduciam
1078 351 1187 404 qerit
1221 351 1342 404 quasi
1378 350 1530 393 vicerit.
1589 363 1690 392 sane
1720 364 1812 392 eum

98 419 290 463 hortatur
313 422 441 464 socios
466 425 515 463 ut
536 423 787 476 sepeliantur
812 423 943 478 occisi,
968 423 1053 476 ipse
1078 422 1280 475 definistis
1303 423 1412 464 velut
1435 421 1669 476 epitaphion
1694 423 1811 465 dixit.

217 492 286 534 27.
338 504 469 544 QVEM
499 505 596 537 NON
621 506 842 537 VIRTVTIS
874 505 1100 536 EGENTEM
1131 493 1263 535 Ennii
1295 508 1445 535 versus
1478 495 1555 535 est.
1605 493 1811 548 ‘eqentem'

97 577 197 606 sane
226 578 301 607 nos
332 556 509 607 ablativo
539 566 763 620 iunqimus.

217 636 286 678 28.
335 648 522 679 FVNERE
566 648 736 679 MERSIT
779 648 963 680 ACERBO
1006 635 1190 679 ‘acerbo'
1235 636 1470 688 inmaturo:
1513 637 1743 680 translatio
1786 652 1812 679 a
1837 645 1858 677 5

97 706 250 760 pomis.
1355 761 1358 764 ⁴

216 777 285 820 31.
335 790 414 829 QVI
456 790 720 822 PARRHASIO
764 791 987 822 EVANDRO
1032 778 1243 822 Arcadico
1295 795 1320 821 a
1365 781 1541 822 civitate
1585 781 1811 837 Arcadiae,

97 864 227 904 quam
264 848 462 892 Donatus
501 851 595 893 vult
633 866 658 892 a
695 866 823 906 parra
865 852 934 893 avi
976 850 1156 893 dictam:
1199 851 1313 906 quod
1351 852 1567 907 procedit,
1607 853 1645 895 si
1682 867 1811 907 parra

96 935 255 964 nomen
298 923 366 964 est
410 921 641 979 Graecum3
687 922 724 965 si
769 924 914 965 autem
954 922 1159 964 Latinum
1205 925 1289 978 est,
1334 924 1464 966 stulte
1509 923 1665 975 sensit,
1709 939 1810 966 nam

97 990 309 1034 Graecum
339 997 498 1035 nomen
532 994 842 1050 etymologiam
867 993 1070 1037 Latinam
1102 1009 1191 1037 non
1216 994 1384 1050 recipit.
1428 995 1507 1037 alii
1530 995 1644 1038 Iovis
1673 996 1810 1050 filium
1837 1003 1881 1035 10

94 1063 374 1107 Parrhasium
411 1065 568 1117 dieunt,
605 1067 677 1119 qui
712 1065 858 1108 habuit
893 1066 1099 1109 Arcadem
1136 1067 1291 1122 filium,
1329 1080 1380 1109 ex
1416 1081 1495 1121 quo
1523 1068 1665 1121 primo
1702 1067 1809 1110 Par-

94 1135 245 1187 rhasii,
274 1139 372 1190 post
400 1136 585 1179 Arcades
621 1138 720 1180 dicti
750 1141 858 1180 sunt.
919 1152 1019 1181 sane
1050 1138 1266 1180 Arcadum
1300 1152 1452 1192 qenera
1485 1139 1660 1189 fuerunt
1694 1143 1810 1193 quat-

95 1210 205 1261 tuor,
233 1207 577 1264 Parrhasiorum,
602 1209 932 1262 Maenaliorum,
960 1210 1220 1262 Aeanorum,
1254 1208 1568 1265 Gynaethorum.
1618 1211 1697 1253 alii
1726 1225 1811 1254 non

94 1278 264 1321 Azanos
295 1282 333 1321 et
363 1278 606 1336 Cynaethos,
637 1281 708 1323 sed
736 1281 901 1324 Azanes
932 1285 969 1324 et
999 1280 1249 1337 Qnaetheos
1279 1283 1430 1324 dicunt.

215 1350 284 1393 32.
334 1369 541 1395 FELICIBVS
570 1369 645 1400 AEQ
655 1369 702 1395 VE
730 1352 796 1395 hio
826 1367 910 1395 non
938 1353 1117 1407 felicitas
1147 1357 1429 1407 eomparatur,
1461 1355 1532 1397 sed
1554 1358 1602 1396 ut
1624 1358 1683 1397 est
1705 1355 1813 1397 illud
1839 1361 1882 1393 15

94 1422 144 1464 di
174 1422 380 1465 meliora
408 1424 532 1478 piis:
563 1438 649 1466 non
678 1425 780 1478 quia
810 1424 907 1467 haec
937 1426 1043 1467 bona
1073 1428 1186 1480 sunt,
1218 1426 1290 1468 sed
1318 1425 1424 1467 bona
1456 1429 1578 1480 optat.

214 1494 284 1537 33.
334 1506 443 1537 ΙΒΑΤ
474 1510 554 1550 pro
588 1494 742 1538 ‘ierat'.
862 1508 1059 1540 ALVMNO
1092 1497 1290 1538 alumnus
1324 1499 1391 1539 est
1422 1498 1497 1553 qui
1529 1512 1682 1554 graece
1714 1496 1810 1554 τρό-

96 1581 231 1621 φιμος
269 1565 444 1609 dicitur:
487 1567 601 1622 quod
638 1582 798 1609 nomen
835 1568 936 1623 quia
967 1568 1173 1611 Latinum
1205 1583 1292 1611 non
1323 1571 1406 1624 est,
1445 1571 1494 1611 ut
1526 1569 1580 1611 ab
1613 1584 1663 1612 eo
1696 1570 1811 1626 quod

94 1640 161 1679 est
190 1637 399 1693 nutritor,
437 1638 705 1681 inveniamus
745 1654 843 1681 eum
882 1640 954 1695 qui
991 1640 1181 1682 nutritus
1220 1642 1304 1695 est,
1345 1640 1522 1682 transiit
1559 1641 1612 1683 ad
1650 1657 1810 1684 nomen

96 1708 215 1750 aliud
247 1710 290 1751 et
322 1709 546 1751 alumnum
578 1709 698 1753 dixit.
1834 1721 1881 1753 2ο

213 1779 281 1823 35.
332 1792 519 1824 1L1ADEs
553 1793 730 1824 ORINEM
761 1794 824 1824 DE
857 1794 985 1825 MORE
1018 1794 1232 1826 SOLVTAE
1265 1783 1345 1825 has
1378 1784 1550 1827 Aeneae
1584 1785 1810 1828 ancillulas

93 1851 410 1909 intellegimus:
443 1868 546 1895 nam
572 1868 720 1896 omnes
748 1856 928 1909 matres,
956 1854 1039 1897 hoc
1065 1857 1132 1897 est
1157 1855 1359 1898 mulieres
1384 1855 1570 1911 nobiles,
1595 1855 1640 1898 in
1661 1854 1812 1898 Sicilia

94 1924 356 1966 remansisse
389 1924 515 1979 dixit,
548 1927 724 1980 excepta
755 1924 938 1981 Euryali
970 1928 1125 1978 matre,
1158 1926 1209 1968 de
1242 1941 1326 1982 qua
1357 1927 1541 1982 legimus
1575 1927 1668 1982 <IX
1692 1927 1809 1982 215>

94 2010 222 2050 quae
264 1997 314 2037 te
361 1996 470 2038 sola
512 2011 639 2051 puer
683 1997 862 2039 multis
908 2012 929 2039 e
973 1997 1230 2039 matribus
1275 2013 1399 2040 ausa
1442 1998 1810 2054 persequitur?

94 2065 284 2109 ‘crinem'
316 2070 453 2109 autem
486 2066 696 2124 ‘solutae’,
726 2072 774 2111 ut
804 2068 918 2124 <VII
950 2068 1065 2125 503>
1092 2069 1280 2125 palmis
1308 2083 1550 2123 pereussa
1588 2071 1808 2114 lacertos.
1834 2079 1881 2112 25

212 2139 283 2182 36.
331 2151 393 2181 v‘r
426 2151 551 2182 VERo
591 2151 774 2183 AENEAS
812 2152 1012 2183 Fomssvs
1053 2152 1163 2184 SESE
1199 2153 1393 2183 INTVLIT
1432 2153 1568 2185 ALTIS
1610 2143 1808 2185 naturale

94 2210 209 2252 enim
241 2213 307 2253 est
338 2212 387 2252 ut
419 2211 667 2254 intermissa
703 2212 895 2254 lamenta
932 2215 1200 2268 repetantur,
1239 2227 1337 2254 cum
1376 2213 1535 2268 aliquis
1573 2217 1702 2257 notus
1736 2215 1807 2257 ad-

92 2282 278 2325 venerit:
318 2282 380 2324 sic
410 2283 458 2324 in
490 2282 630 2326 Statio
663 2283 872 2339 ingressis
904 2283 1084 2326 ducibus
1118 2284 1257 2326 denuo
1290 2284 1471 2327 defletur
1502 2284 1808 2329 Archemorus,

188 2428 209 2458 3
235 2422 360 2470 Ennii]
388 2435 471 2459 ann.
497 2437 530 2460 v.
557 2427 626 2460 587
652 2423 792 2471 Vah1.11
826 2428 868 2460 12
896 2436 983 2460 sane
1009 2423 1197 2461 Arcadum
1225 2453 1232 2460 .
1254 2454 1262 2461 .
1283 2453 1291 2461 .
1319 2426 1463 2473 dicunt]
1499 2427 1543 2461 cf.
1570 2428 1675 2464 Luct.
1703 2427 1805 2463 Plac.
1838 2471 1841 2477 ἢ

94 2470 143 2506 ad
176 2470 269 2506 Stat.
295 2470 410 2507 Theb.
437 2471 489 2506 IV
514 2475 584 2507 292
621 2473 634 2519 ΙΙ
672 2476 716 2507 16
743 2472 796 2518 dij
830 2484 957 2519 georg.
983 2472 1036 2507 III
1062 2475 1131 2508 513
1168 2475 1180 2519 fl
1217 2477 1262 2508 28
1297 2474 1337 2508 111
1363 2474 1499 2521 Statio]
1527 2475 1643 2511 Theb.
1671 2475 1722 2511 VI
1748 2479 1817 2521 375

94 2530 203 2563 quem
229 2518 277 2553 ad
302 2529 450 2554 versum
476 2519 578 2555 Luct.
605 2519 704 2556 Plac.
734 2520 955 2556 Servianum
978 2521 1026 2556 ad
1051 2521 1087 2556 h.
1113 2521 1137 2557 1.
1165 2521 1348 2557 scholium
1380 2522 1590 2568 adscripsit.

189 2653 209 2684 3
236 2650 387 2694 egentes
407 2649 441 2685 G
459 2651 471 2696 ΙΙ
492 2654 511 2685 ’1
532 2650 681 2687 arcadio
703 2651 744 2686 F
759 2653 771 2696 ΙΙ
790 2655 811 2687 8
832 2663 854 2687 a
872 2662 984 2697 parra
1005 2652 1152 2688 auidiae
1172 2653 1214 2688 ta
1232 2653 1269 2688 A
1308 2665 1331 2688 a
1349 2653 1501 2698 parraui
1520 2653 1658 2688 dictam
1680 2654 1776 2688 HM
1796 2654 1807 2700 ΙΙ

95 2700 139 2732 10
165 2695 318 2741 quidam
343 2697 439 2732 iouis
466 2697 582 2732 filium
605 2725 633 2733 ..
654 2727 660 2734 .
682 2699 812 2734 dicunt
836 2700 918 2734 hab.
937 2700 969 2734 T
986 2701 998 2744 ΙΙ
1019 2703 1061 2734 11
1088 2700 1277 2746 parasium
1298 2701 1332 2735 G
1350 2702 1363 2745 ΙΙ
1381 2701 1581 2736 archadem
1603 2701 1635 2735 G
1654 2702 1667 2746 ss
1686 2701 1807 2746 prima

94 2744 134 2779 F
155 2746 167 2788 ΙΙ
201 2748 243 2778 12
271 2755 408 2790 genera
434 2747 561 2780 autem
586 2746 762 2781 arcadum
789 2760 848 2782 .1v.
875 2747 1026 2782 fuerunt
1053 2747 1086 2781 T
1114 2750 1126 2793 ΙΙ
1160 2752 1203 2782 13
1228 2748 1481 2793 parrasiorum
1509 2748 1549 2783 F
1564 2749 1576 2794 ΙΙ
1605 2748 1803 2783 moenalio-

93 2803 174 2826 rum
202 2791 243 2827 F
275 2791 520 2828 menaliorum
551 2792 585 2827 T
598 2794 610 2838 ΙΙ
629 2793 872 2839 cynethorum
899 2794 933 2829 G
950 2794 963 2839 ΙΙ
982 2793 1048 2829 alii
1073 2796 1198 2831 autem
1223 2807 1298 2831 non
1325 2796 1358 2830 T
1375 2797 1386 2842 ΙΙ
1415 2800 1458 2831 14
1484 2807 1618 2831 azanos
1647 2796 1694 2831 T:
1721 2807 1804 2831 exa-

93 2850 159 2874 nas
187 2838 226 2874 F
242 2840 254 2885 ΙΙ
286 2839 464 2883 cynethon
494 2840 540 2874 T:
569 2841 748 2884 cythenos
776 2840 817 2875 F
832 2842 843 2887 ΙΙ
873 2839 1016 2877 Azanes
1041 2853 1120 2888 eqo:
1147 2854 1284 2878 axanes
1311 2844 1397 2879 libri
1420 2845 1433 2889 ss
1463 2843 1698 2889 Cynaetheos
1724 2854 1805 2888 eqo:

94 2894 249 2931 cyneros
276 2887 315 2921 F
351 2898 503 2932 eyrenes
533 2887 592 2932 ΤΙΙ
620 2891 662 2922 15
688 2889 737 2923 ad
764 2901 828 2923 sm>
853 2900 923 2923 nou
948 2903 979 2924 F.
999 2900 1034 2925 A.
1060 2900 1087 2926 s,
1108 2900 1140 2926 v.
1167 2902 1242 2926 non
1268 2891 1326 2926 est
1351 2891 1583 2937 comparatio
1609 2890 1803 2926 felicitatis

93 2933 157 2968 sed
189 2933 243 2970 sic
268 2935 326 2970 est
351 2935 492 2970 dictum
525 2946 635 2980 quem
667 2935 714 2970 ad
747 2936 900 2971 modum
924 2936 963 2971 in
989 2937 1239 2982 superioribus
1266 2938 1319 2973 dii
1343 2939 1500 2974 meliora
1525 2938 1597 2984 piis
1627 2939 1660 2973 T
1695 2939 1707 2985 ΙΙ
1744 2938 1805 2973 hic

96 2981 319 3018 Masvieius:
345 2981 433 3018 hinc
458 2982 500 3017 F
521 2983 532 3029 ΙΙ
563 2987 606 3018 17
631 2983 799 3018 trofimos
823 2984 878 3018 vel
902 2984 1109 3029 trophimos
1136 2986 1223 3021 libri
1250 2987 1262 3032 ss
1293 2989 1336 3021 18
1362 2985 1553 3033 Latinum]
1580 2985 1619 3021 in
1644 2986 1763 3021 latino
1787 2997 1806 3021 s

92 3027 132 3062 in
158 3028 389 3064 latinitateF
416 3032 427 3076 ss
448 3034 494 3066 19
512 3030 676 3065 nutritur
690 3029 730 3065 F
744 3031 757 3075 ΙΙ
776 3031 826 3065 ad
850 3043 991 3067 Anvmuo
1011 3042 1039 3067 s.
1059 3043 1090 3068 v.
1111 3032 1184 3068 hoc
1209 3033 1294 3068 loco
1318 3035 1464 3069 ueteres
1490 3033 1680 3079 accipiunt
1704 3032 1803 3078 posi-

93 3078 174 3110 tum
201 3087 224 3111 a
247 3076 398 3122 uirgilio
424 3078 574 3113 alumno
599 3089 666 3123 pro
693 3077 844 3112 domino
874 3078 916 3113 T.
948 3079 994 3122 cf.
1019 3079 1117 3115 Non.
1138 3092 1178 3126 p.
1200 3084 1281 3124 243,
1298 3085 1322 3122 ,7
1345 3082 1402 3116 Μ.
1423 3082 1435 3128 ΙΙ
1463 3085 1508 3117 22
1536 3092 1664 3117 omnes
1690 3081 1802 3115 hone-

95 3123 172 3157 stas
201 3125 336 3160 matres
359 3125 407 3159 M
422 3127 435 3170 ss
454 3129 500 3160 24
524 3125 653 3160 multis
672 3125 767 3160 RF:
795 3126 911 3161 tantis
936 3127 1069 3172 reliqui
1086 3129 1099 3173 ΙΙ
1118 3132 1162 3163 25
1190 3128 1330 3163 crimen
1350 3128 1392 3163 F
1406 3129 1418 3175 ΙΙ
1439 3129 1496 3176 ut]
1522 3128 1560 3163 in
1581 3128 1614 3163 G
1634 3129 1645 3173 ΙΙ
1665 3132 1709 3163 28
1735 3127 1801 3162 Ar-

94 3171 304 3218 chemorus]
332 3172 569 3208 aethemorus
588 3173 673 3208 RF
708 3174 917 3208 aetemorus
937 3174 987 3209 H.
1025 3185 1113 3210 mox
1137 3177 1180 3210 ut
1202 3175 1409 3211 maerentia
1434 3175 1558 3222 dignis
1580 3204 1586 3210 .
1609 3202 1616 3209 .
1640 3203 1647 3209 .
1674 3186 1803 3211 accen-

94 3228 157 3253 sae
182 3218 345 3255 clamore
368 3219 466 3256 fores
492 3221 576 3257 add.
599 3221 695 3257 Itali
