2092 3614
255 1019 299 1050 10

254 1375 299 1406 15

256 1732 302 1764 20

259 2090 305 2122 25

322 261 407 301 278
1094 261 1252 297 SERVII

322 370 424 425 quia
461 384 626 426 ungues
664 371 749 425 ipsi
786 386 882 413 cum
922 371 1131 422 aruerint,
1168 371 1262 413 auri
1300 371 1528 413 imitantur
1564 372 1771 429 colorem3
1814 374 1889 415 aut
1926 374 2027 428 quia

323 441 522 483 solebant
553 441 768 484 deaurari:
802 441 967 484 Statius
1000 457 1121 484 auro
1154 445 1515 485 mansueverat
1547 458 1752 499 ungues.

442 512 542 555 554.
566 554 568 557 ,
591 525 755 556 SVBITO
782 501 1000 556 VVLGATA
1026 528 1101 556 cur
1127 513 1349 556 ‘subito'P
1381 514 1474 569 ipse
1501 514 1622 558 dicit:
1655 516 1778 571 quasi
1811 516 1907 572 ‘per
1933 515 2037 571 par·⁴

323 599 422 627 vam
454 585 638 627 urbem’.

442 656 541 699 555.
592 668 724 699 OCIVS
756 656 967 711 positivus
1000 657 1202 712 antiquus
1230 659 1314 712 est,
1344 657 1388 699 id
1419 660 1487 700 est
1518 657 1774 714 eceleriter'3
1805 673 1884 701 nec
1915 660 2029 701 enim

324 730 470 783 potest
489 742 581 770 esse
602 728 921 782 comparativus
949 727 1022 769 ubi
1048 727 1168 769 nulla
1194 730 1260 770 est
1287 729 1566 784 comparatio.
1612 733 1788 773 tractam
1806 745 1855 773 ex
1874 731 2030 775 Graeco

324 795 481 850 ὠκέως.

443 870 540 913 556.
591 882 717 913 νοΤΑ
755 882 885 913 ΜΕΤν
922 883 1186 914 DVPLmANT
1226 883 1410 915 MATREs
1452 874 1558 914 bene
1600 872 1842 927 ‘duplicant
1880 874 2031 930 metu’‚

323 943 577 985 naminest
613 956 781 996 semper
820 942 864 984 in
903 943 1114 985 matribus
1154 945 1312 987 votum.
1429 956 1717 995 PROPIVSQVE
1751 957 1949 988 PERICLO
1982 958 2029 987 rr

326 1026 473 1057 TIMOR
505 1013 561 1055 ‘it
591 1013 722 1055 timor
753 1014 932 1068 propius
963 1013 1161 1069 periclo',
1197 1014 1242 1055 id
1274 1016 1340 1056 est
1372 1015 1425 1056 ad
1455 1016 1694 1069 periculum
1726 1016 1923 1059 vicinius:
1957 1020 2031 1059 aut

324 1088 439 1128 certe
477 1085 535 1126 eit
572 1084 704 1125 timor
741 1085 918 1139 propius
956 1084 1138 1139 periclo'
1177 1100 1257 1139 pro
1297 1084 1534 1140 ‘propior'3
1578 1101 1678 1128 nam
1721 1089 1880 1129 matres
1918 1089 2030 1143 quod

323 1157 495 1211 timent,
527 1155 610 1198 hoc
641 1157 798 1210 putant
829 1155 975 1197 liberis
1007 1170 1134 1210 posse
1161 1156 1420 1212 contingere.
1465 1161 1540 1199 aut
1563 1162 1664 1200 certe
1690 1157 1904 1212 ‘aequatur
1922 1160 2031 1213 peri-

323 1228 412 1270 calo
450 1225 605 1278 l‘zssitzor',
643 1229 681 1269 et
707 1241 786 1280 per
815 1227 1000 1269 dativum
1038 1227 1200 1279 extulit,
1236 1231 1283 1269 al
1312 1229 1521 1282 propias
1557 1229 1771 1272 stabulis
1808 1234 2032 1272 armenta

325 1301 565 1341 tenerent:
596 1300 671 1340 aul
692 1299 846 1352 poetice
875 1298 983 1340 dixit
1011 1299 1197 1340 timorem
1224 1299 1403 1352 periculo
1434 1300 1628 1343 comitem.

445 1370 542 1427 557.
593 1380 677 1411 IAM
705 1380 915 1411 APPARET
949 1368 1090 1411 adhuc
1121 1369 1209 1411 illis
1242 1370 1523 1425 pergentibus
1555 1370 1641 1412 iani
1672 1371 1885 1426 proelium
1918 1373 2033 1428 cogi-

325 1441 502 1483 tabatur
533 1456 558 1483 a
590 1440 815 1483 matribus.
871 1454 961 1494 erqo
992 1443 1038 1482 ut
1066 1441 1180 1492 solet,
1220 1442 1443 1495 imayinem
1473 1438 1555 1496 τὴν
1587 1445 1859 1497 φαντασίαν,
1896 1447 1943 1486 ‘al
1978 1448 2036 1486 est

327 1511 396 1567 <11
431 1512 545 1567 369>
577 1516 621 1554 el
642 1512 868 1566 plurima
898 1513 1074 1554 mortis
1104 1513 1284 1566 imayos
1324 1512 1431 1555 lianc
1460 1513 1686 1556 Sallustius
1715 1515 1884 1568 speciem
1915 1516 2034 1558 dicit:

326 1584 533 1638 specicm
564 1586 738 1637 captae
767 1583 904 1625 urbis
933 1583 1146 1636 efficere.

446 1654 544 1697 558.
591 1672 718 1697 PATER
742 1671 901 1697 Emvme
910 1671 953 1697 vs
977 1668 1069 1697 cam
1093 1655 1193 1697 dicit
1217 1653 1375 1710 ‘patcr'‚
1400 1656 1571 1698 ostendit
1595 1657 1724 1699 caius.
1811 1669 2034 1700 DEXTRAM

329 1737 605 1770 compnnxvs
638 1737 809 1768 EVN'rls
844 1725 919 1767 filii
952 1724 1132 1778 scilicet,
1164 1724 1264 1780 quia
1296 1725 1463 1768 dixerat
1495 1726 1673 1781 ‘petest

447 1798 546 1840 559.
595 1809 779 1839 HAERET
820 1808 1113 1839 INEXPLETVS
1157 1796 1283 1838 multi
1324 1796 1393 1839 hic
1430 1797 1722 1854 distinguunt,
1766 1802 1814 1841 ut
1856 1800 1912 1842 sit
1949 1800 2033 1842 ‘in-

329 1870 522 1925 expletus
553 1869 697 1911 haesit
729 1871 772 1911 et
802 1868 909 1911 talia
938 1868 1108 1911 locutus
1135 1871 1201 1910 est
1233 1868 1492 1910 lacrimans'.
1543 1869 1618 1911 alii
1650 1870 1800 1926 legunt
1831 1870 2035 1927 ‘inexple-

328 1944 399 1984 tus
431 1940 656 1983 lacrimis’.
715 1940 940 1983 honestius
979 1941 1125 1981 tamen
1163 1941 1229 1981 est
1265 1938 1548 1995 ‘inexpletum
1586 1941 1851 1998 lacrimans'‚
1895 1946 1943 1985 ut
1980 1943 2037 1986 sit

328 2027 484 2055 nomen
515 2027 594 2067 pro
627 2012 851 2067 adverbio,
883 2011 927 2053 id
959 2013 1025 2053 est
1055 2011 1384 2066 inexplebiliter.

449 2084 549 2126 560.
600 2095 628 2126 0
660 2095 766 2125 Mun
797 2094 1113 2126 PRAETERrros
1145 2094 1362 2125 REFERAT
1395 2094 1436 2125 si
1468 2095 1686 2126 IVPPITER
1717 2096 1870 2129 Annos
1906 2088 1948 2128 et
1979 2085 2035 2128 ‘0’

331 2157 374 2198 et
406 2143 474 2197 ‘si'
507 2155 699 2210 optantis
732 2157 851 2208 sunt,
883 2155 929 2197 id
951 2158 1010 2197 est
1032 2155 1218 2197 atinam:
1251 2168 1358 2209 quae
1389 2169 1503 2197 nunc
1528 2155 1783 2211 iunguntur3
1814 2171 1914 2198 nam
1948 2157 2032 2199 sin-

331 2227 434 2281 gula
459 2228 559 2268 ante
585 2226 878 2281 ponebantur,
904 2228 952 2267 ut
978 2225 1203 2280 <V1187>
1231 2225 1274 2267 si
1304 2240 1434 2267 nunc
1466 2239 1518 2267 se
1549 2226 1699 2268 nobis
1731 2227 1821 2269 ille
1854 2242 2035 2270 aureus

426 2336 447 2366 2
475 2330 636 2377 Statius]
662 2331 779 2366 Theb.
805 2330 858 2365 VI
885 2333 953 2366 724
981 2331 992 2376 ΙΙ
1027 2334 1068 2365 13
1094 2330 1263 2377 propius]
1289 2341 1416 2376 georg.
1442 2330 1459 2364 I
1485 2334 1552 2366 355
1585 2331 1597 2377 ΙΙ
1635 2334 1677 2366 17
1704 2330 1920 2378 Sallustius]
1951 2332 2036 2368 hist.

331 2379 464 2424 fragm.
491 2379 561 2414 inc.
589 2382 634 2414 38
661 2378 838 2422 Dietsch.,
864 2382 886 2413 4
914 2377 1029 2414 Kritz.

430 2477 447 2507 1
476 2473 555 2508 auri
579 2472 818 2509 inmittantur
842 2474 876 2508 L
914 2485 1046 2508 aurum
1071 2473 1268 2509 mittantur
1294 2472 1334 2507 F
1354 2474 1367 2518 ΙΙ
1397 2476 1418 2508 2
1446 2473 1590 2508 solebat
1615 2473 1651 2508 R
1688 2474 1810 2509 solent
1834 2473 1874 2508 F
1895 2475 1907 2519 ΙΙ
1931 2484 2034 2509 mau-

333 2531 486 2556 sueuere
510 2520 547 2555 R
583 2523 799 2556 mansuerat
825 2520 865 2555 F
898 2522 909 2567 ΙΙ
946 2520 1081 2566 unguis
1107 2520 1147 2555 F
1179 2522 1192 2566 ΙΙ
1230 2525 1250 2556 6
1276 2520 1523 2566 comparatio]
1559 2521 1625 2555 aut
1649 2518 1945 2575 comparatiuum
1971 2534 2037 2567 pto

332 2567 497 2625 positiuo
529 2567 680 2612 ponitur
711 2569 754 2603 ut
781 2568 903 2603 senior
933 2579 1000 2613 pro
1027 2572 1149 2604 senex.
1199 2570 1257 2603 est
1282 2569 1408 2603 autem
1434 2568 1481 2603 ab
1507 2579 1641 2613 graeco
1667 2569 1817 2604 nomine
1843 2579 2036 2614 compara-

332 2616 433 2651 tiuus
453 2612 552 2655 ὥκύς
571 2616 657 2651 add.
670 2614 710 2649 D
727 2617 739 2659 ΙΙ
759 2619 779 2650 8
805 2615 899 2651 bene
925 2616 1036 2651 modo
1057 2615 1251 2660 duplicant
1267 2616 1408 2650 metum
1429 2615 1464 2649 L
1484 2616 1601 2659 (metu
1620 2616 1647 2661 l)
1668 2617 1679 2662 ΙΙ
1699 2620 1719 2650 9
1740 2618 1868 2651 votum
1889 2627 1955 2651 om.
1971 2616 2011 2651 F
2027 2615 2039 2662 Η

336 2667 379 2698 10
405 2663 436 2698 it
461 2662 572 2698 timor
597 2673 663 2698 om.
691 2663 778 2697 libri
800 2674 847 2706 pi
849 2667 944 2698 aete)
968 2663 1054 2697 LH
1059 2664 1109 2697 M
1125 2664 1137 2708 ss
1161 2662 1311 2708 propius
1336 2673 1402 2698 om.
1430 2663 1517 2698 libii
1537 2667 1684 2707 praeter
1709 2663 1826 2713 ᾼΒφη
1843 2665 1856 2708 ΙΙ
1879 2663 2037 2699 uicinius

334 2710 511 2745 AHMl:
537 2709 684 2744 uicinus
710 2709 870 2752 SLRF
894 2710 906 2754 ΙΙ
940 2714 980 2745 11
1008 2711 1181 2755 proprius
1207 2710 1302 2745 LM
1323 2710 1336 2755 ΙΙ
1365 2721 1432 2755 pro
1459 2710 1626 2764 propior]
1653 2722 1720 2756 pro
1746 2711 1917 2756 proprior
1941 2711 2042 2745 HM

335 2758 489 2803 propius
514 2757 668 2810 propior
692 2756 732 2791 F
765 2758 859 2803 1112
886 2758 936 2792 ad
960 2770 1177 2798 PROPIVSQVE
1203 2771 1233 2792 1.
1262 2769 1362 2802 supr.
1389 2768 1476 2794 veis.
1503 2757 1648 2793 uicinus
1673 2758 1719 2793 ad
1746 2758 1951 2802 periculum
1977 2759 2039 2793 uel

337 2805 519 2848 aequatui
543 2803 709 2850 periculo
734 2804 846 2839 timor
870 2804 901 2838 T
918 2806 929 2850 Η
951 2809 993 2839 16
1020 2806 1069 2840 ad
1087 2817 1200 2839 mmo
1220 2806 1262 2840 in
1280 2815 1395 2849 marq.
1413 2804 1577 2840 fantasia
1595 2804 1744 2850 poetica
1763 2806 1820 2840 est
1838 2805 1907 2840 hoc
1925 2804 2036 2840 loco

337 2852 389 2887 et·
400 2853 493 2887 hanc
518 2851 721 2897 imaginem
746 2851 937 2887 sallustius
970 2851 1132 2897 speciem
1163 2851 1254 2887 dicit
1284 2853 1381 2887 sicut
1411 2852 1492 2896 ipse
1518 2851 1611 2887 dicit
1635 2851 1796 2896 speciem
1822 2853 1953 2896 captae
1978 2864 2037 2886 ur-

337 2899 394 2934 bis
424 2899 463 2934 T.
497 2903 578 2944 post
608 2898 710 2934 urbis
740 2910 819 2935 una
849 2910 919 2934 vox·
950 2900 1109 2934 evanuit.
1161 2899 1394 2935 discedentes
1425 2900 1522 2944 quod
1552 2899 1691 2934 Daniel
1721 2898 1892 2934 Sallustii
1922 2900 2038 2934 verbis

337 2947 484 2982 addidit
508 2947 550 2981 in
572 2947 778 2982 Tui-ommi
803 2947 852 2982 ad
871 2959 992 2982 uvwms
1018 2946 1062 2991 (v.
1085 2948 1166 2991 558)
1192 2957 1291 2991 supr.
1313 2958 1401 2982 vers.
1422 2947 1648 2991 adscriptum
1672 2949 1722 2981 est
1740 2946 1751 2991 ss
1773 2949 1814 2980 17
1842 2945 1946 2980 dicut
1965 2946 2005 2980 F
2028 2946 2037 2992 Η

338 2997 400 3028 21
408 3006 630 3029 INEXPLETVM
654 2994 691 3028 R
715 2995 727 3039 ss
763 2992 873 3029 multi
900 3023 907 3030 .
929 3021 936 3029 .
956 3021 963 3028 .
993 2992 1286 3039 inexplebiliter]
1319 2993 1481 3028 lacrimis
1515 2993 1706 3028 honestius
1736 2994 1864 3028 tamen
1895 2995 1951 3028 est
1983 2993 2038 3028 in—

338 3041 527 3087 expletum
557 3041 757 3076 lacrimans
789 3041 900 3076 multi
929 3040 992 3076 hic
1024 3041 1235 3085 distingunt
1266 3043 1307 3075 ut
1339 3041 1387 3075 sit
1419 3040 1628 3085 inexpletus
1654 3040 1753 3075 hesit
1778 3041 1816 3074 et
1840 3039 2038 3075 alialcutus

338 3091 396 3124 est
426 3088 625 3124 lacrimans
655 3090 698 3124 ut
729 3088 776 3124 sit
807 3100 940 3124 nomen
965 3099 1033 3133 pro
1058 3087 1236 3123 aduerbio
1262 3088 1300 3122 id
1326 3089 1384 3123 est
1407 3086 1685 3131 inexplebiliter
1709 3087 1749 3121 F
1783 3088 1794 3132 [Ι
1831 3086 2041 3139 distingunt

339 3136 426 3171 libri
450 3138 462 3181 ΙΙ
491 3135 719 3182 inexpletus]
746 3135 1025 3181 inexplebiliter
1049 3134 1086 3170 R
1110 3136 1121 3181 ll
1153 3139 1196 3170 22
1224 3134 1299 3170 alii
1323 3135 1368 3169 R
1384 3136 1396 3179 ΙΙ
1427 3134 1635 3178 exinpletus
1661 3134 1707 3168 H
1730 3135 1741 3180 n
1773 3138 1816 3169 23
1843 3133 2042 3170 lacrimans

339 3212 346 3219 .
370 3210 377 3217 .
400 3212 407 3219 .
434 3182 710 3228 inexplebiliter
735 3194 801 3219 om.
822 3184 910 3219 LH
925 3183 1023 3228 (add.
1042 3183 1067 3228 l)
1087 3184 1099 3227 ΙΙ
1118 3184 1159 3217 ut
1183 3192 1259 3217 non
1285 3182 1334 3217 sit
1357 3191 1494 3216 nomen
1513 3181 1549 3216 R
1567 3182 1580 3226 ΙΙ
1599 3185 1644 3216 25
1671 3183 1708 3216 et
1733 3186 1817 3217 ante
1842 3193 1863 3217 0
1889 3193 1955 3218 om.
1975 3182 2011 3217 R
2029 3181 2041 3227 Η

339 3235 383 3266 27
409 3231 642 3295 ponebantur
667 3232 753 3266 ante
779 3230 853 3267 AS
