2092 3614
541 288 694 326 OOMM.
721 289 773 325 IN
799 287 944 324 VERG.
972 287 1082 324 AEN.
1108 285 1160 322 XI
1185 291 1385 323 419—432.
1728 283 1812 327 531

109 399 224 443 enim
256 398 336 442 ‘us'
370 400 662 453 terminatum,
695 398 980 441 masculinum
1013 412 1065 439 ex
1097 412 1142 439 se
1174 412 1261 439 non
1292 396 1409 439 facit.
1461 399 1536 438 aut
1562 398 1677 438 certe
1703 395 1815 437 dica-

109 486 203 514 mus
230 471 482 514 ‘indecores'
509 471 840 513 declinationem
868 484 972 524 esse,
1005 469 1123 511 cuius
1149 469 1441 510 nominativus
1469 467 1702 523 singularis
1728 481 1817 508 non

108 544 339 585 invenitur.
459 555 509 585 IN
541 554 706 584 LIMINE
739 553 883 584 PRIMO
923 540 1046 596 quasi
1082 539 1127 582 in
1164 539 1259 595 ipso
1297 539 1421 581 initio
1455 542 1498 580 et
1530 539 1650 581 aditu
1681 538 1818 580 infeli-

108 615 272 656 citatis:
317 617 361 656 et
404 615 456 656 ad
497 614 605 656 illud
643 614 831 668 respexit
869 612 983 668 quod
1022 626 1152 666 supra
1191 611 1358 681 dixerat
1390 610 1536 666 <412>
1576 614 1626 652 et
1664 609 1818 652 semel

109 686 311 742 agmine
345 700 492 727 verso
524 685 764 727 funditus
797 683 1092 726 occidimus.
1844 688 1866 720 5

227 757 327 799 425.
376 769 538 799 MVLTA
575 767 680 798 DIES
726 756 791 796 illi
828 756 890 797 rei
928 755 1205 797 vehementer
1243 754 1472 807 incumbit,
1517 754 1616 809 quia
1654 753 1821 797 dixerat

109 828 254 884 <413>
292 842 453 883 neque
486 827 642 869 habet
673 827 903 869 Fortuna
934 839 1245 882 regressum,
1278 824 1422 866 dicens
1455 823 1692 866 Fortunam
1725 826 1816 865 tam

107 893 297 954 labores,
342 914 470 954 quam
515 899 764 940 felicitatem
804 913 882 953 pro
920 900 1166 951 temporum
1205 895 1414 951 qualitate
1453 898 1634 938 mutare.
1696 894 1819 936 ‘dies’

108 974 244 1013 autem
281 974 464 1026 tempus.
526 971 697 1023 qnidam
733 983 834 1012 sane
869 983 953 1011 non
991 968 1090 1010 ‘dies
1127 966 1274 1009 multa'
1312 968 1538 1021 accipiant,
1574 968 1645 1009 sed
1675 967 1822 1009 ‘malta

108 1043 249 1084 retulit
279 1043 326 1084 in
356 1041 540 1084 melius':
571 1045 609 1083 et
639 1040 765 1083 ‘varii
795 1040 906 1082 aevi'
938 1054 1021 1082 non
1051 1044 1099 1082 ut
1127 1041 1263 1094 ipsum
1295 1040 1459 1080 varium
1484 1040 1550 1090 sit,
1574 1039 1645 1081 sed
1667 1041 1715 1080 ut
1738 1038 1821 1091 for·
1843 1026 1893 1078 ἲο

111 1118 213 1156 tuna
243 1115 342 1156 eins.

226 1186 326 1227 427.
376 1197 513 1228 LVSIT
552 1184 736 1239 decepit,
778 1186 828 1225 ut
859 1183 908 1237 <I
939 1182 1056 1237 407>
1090 1182 1207 1237 quid
1246 1185 1422 1223 natum
1454 1181 1673 1236 totiens,
1712 1195 1821 1223 cru—

109 1257 241 1299 delis
279 1259 335 1299 tu
375 1271 590 1312 quoque,
628 1256 782 1297 falsis
820 1254 957 1296 ludis
995 1253 1346 1310 imaginibus?
1474 1265 1534 1294 ΕΤ
1567 1265 1618 1294 ΙΝ
1651 1264 1821 1295 SOLIDO

108 1339 284 1370 RVRSVS
317 1339 534 1370 FORTVNA
566 1338 767 1369 LOCAvl'r
802 1325 1006 1368 subaudis
1040 1324 1245 1367 ‘multos’.
1307 1327 1350 1366 et
1382 1326 1448 1366 est
1480 1339 1647 1366 sensus:
1680 1324 1724 1366 in
1756 1339 1821 1367 so-

109 1399 243 1441 lidum
276 1399 495 1441 revocavit
526 1412 756 1453 oppressos
789 1400 832 1439 et
862 1397 994 1452 paulo
1028 1400 1128 1439 ante
1154 1396 1392 1451 derelictos,
1422 1396 1528 1437 lusit
1553 1410 1654 1438 vero
1682 1398 1725 1438 et
1751 1396 1820 1438 de·
1850 1403 1894 1435 15

109 1471 225 1526 cepit
255 1470 413 1512 felices.
984 1476 986 1479 ’
1128 1471 1131 1474 ’
1656 1458 1658 1461 ’

228 1542 328 1584 428.
378 1552 477 1583 NON
509 1552 620 1582 ERIT
653 1552 844 1583 Avxlmo
870 1551 1008 1583 Nossls
1035 1550 1244 1582 AETOLvs
1270 1551 1331 1580 ET
1359 1551 1466 1581 ARPI
1498 1539 1610 1582 redit
1641 1539 1693 1582 ad
1721 1554 1823 1595 rem,

111 1613 212 1669 quia
244 1613 514 1656 occurrebat:
547 1612 622 1654 sed
646 1614 864 1668 negantur
890 1611 1063 1653 auxilia.
1114 1610 1320 1652 Aetolum
1354 1613 1499 1653 autem
1526 1611 1705 1654 dicendo
1732 1611 1822 1653 eius

110 1684 224 1726 vires
257 1699 309 1726 ex
341 1683 529 1726 Graecae
562 1684 705 1739 gentis
739 1683 1148 1745 commemoratione
1182 1682 1401 1737 debilitat,
1439 1686 1486 1725 nt
1516 1684 1702 1725 ostendat
1724 1683 1823 1736 plus

110 1769 194 1797 esse
223 1756 270 1797 in
300 1756 495 1809 Messapo
527 1769 575 1796 ae
608 1755 843 1810 Tolumnio,
879 1756 918 1798 si
948 1755 1184 1808 Diomedes,
1222 1757 1260 1795 et
1289 1755 1439 1807 infelix
1469 1758 1508 1796 et
1536 1755 1698 1797 alienus
1727 1755 1822 1808 fini-
1848 1762 1893 1793 20

111 1827 195 1882 bus,
226 1829 620 1869 commemoraretur.

230 1899 328 1941 429.
379 1910 440 1940 AT
472 1909 710 1940 MESSAPVS
743 1909 852 1939 ΕΒΗ·
886 1908 1120 1947 FELIXQVE
1147 1907 1410 1939 TOLVMMVS
1437 1897 1546 1939 bene
1573 1897 1656 1939 duo
1683 1896 1825 1938 iunxit

112 1984 220 2025 quae
253 1972 515 2026 quaeruntur
547 1970 590 2010 in
624 1970 749 2024 bello,
781 1968 1082 2011 fortitudinem
1115 1971 1158 2009 et
1188 1967 1462 2010 felicitatem:
1494 1983 1597 2010 nam
1629 1968 1680 2009 de
1712 1967 1820 2010 Mes—

112 2056 219 2096 sapo
263 2041 349 2082 iam
387 2041 573 2096 legimus
612 2039 727 2095 <VII
761 2040 875 2095 692>
916 2055 1060 2095 quem
1098 2054 1261 2094 neque
1298 2039 1378 2081 fas
1416 2040 1527 2095 igni
1568 2039 1823 2094 cuiquam,

111 2126 202 2154 nec
253 2114 482 2153 sternere
532 2112 685 2153 ferro.
748 2114 976 2166 utrumque
1021 2114 1163 2152 autem
1210 2113 1361 2153 contra
1405 2111 1659 2153 Diomedem
1705 2110 1823 2165 dixit,
1850 2118 1894 2149 25

114 2198 241 2239 quem
274 2183 454 2225 dicendo
481 2182 704 2237 Graecum,
735 2183 919 2224 inertem
953 2182 1226 2239 significavit.
1276 2182 1576 2225 infelicitatem
1604 2196 1704 2224 vero
1732 2181 1824 2223 eius

114 2269 244 2310 supra
270 2254 384 2296 dicta
410 2255 653 2309 legatorum
682 2255 812 2296 verba
837 2256 1065 2295 testantur.
1115 2257 1311 2308 oportune
1335 2268 1427 2307 erqo
1451 2254 1517 2296 hic
1543 2252 1687 2308 ‘felix’,
1719 2254 1827 2307 quod

113 2326 308 2368 Diomedi
338 2339 409 2368 nee
434 2329 528 2379 post
556 2325 770 2367 victoriam
802 2326 1007 2378 eontinyit.

233 2398 333 2440 430.
382 2408 471 2439 NEC
504 2408 661 2438 TARDA
695 2408 936 2446 SEQVETVR
968 2407 1144 2438 GLORIA
1177 2396 1323 2437 litotes
1353 2396 1508 2452 figura:
1540 2396 1682 2437 minus
1710 2396 1823 2437 enim

115 2469 223 2510 dixit
254 2483 383 2523 quam
409 2468 557 2511 voluit.
594 2483 694 2509 nam
721 2467 804 2509 hoc
830 2467 1066 2523 significat:
1096 2466 1254 2509 Latina
1278 2467 1414 2522 pubes
1441 2467 1663 2509 celerrime
1690 2467 1896 2517 victo-..30

115 2540 223 2581 riam
256 2538 527 2594 adipiscetur,
560 2554 685 2594 quam
722 2538 791 2580 vix
825 2538 979 2580 Graeci
1012 2542 1112 2594 post
1145 2538 1396 2580 decennium
1433 2541 1534 2581 sunt
1565 2538 1723 2594 adepti.

234 2610 333 2651 432.
383 2621 467 2652 EsT
505 2622 566 2652 ΕΤ
606 2621 887 2653 VOLSCORVM
925 2621 1131 2651 EGREGIA
1170 2622 1232 2651 DE
1267 2621 1421 2652 GENTE
1455 2621 1658 2653 CAMILLA
1693 2612 1742 2651 ut
1779 2609 1825 2651 in

116 2681 312 2736 septimo,
347 2694 570 2736 segregem
603 2696 696 2723 eam
730 2697 754 2723 a
786 2681 976 2723 virorum
1009 2680 1142 2722 efficit
1172 2681 1466 2723 multitudine:
1501 2684 1545 2722 et
1570 2682 1774 2736 quoniam
1801 2695 1827 2722 a

214 2838 231 2868 1
258 2845 333 2869 non
359 2844 424 2868 om.
446 2833 486 2867 F
501 2834 513 2877 ΙΙ
545 2837 565 2868 6
591 2833 696 2879 quia]
723 2844 833 2877 quam
862 2832 897 2867 R
916 2835 928 2878 ΙΙ
960 2836 980 2867 8
1007 2832 1207 2868 felicitates
1232 2833 1368 2868 ΑΒΜ
1382 2834 1395 2878 ss
1422 2832 1602 2878 temporis
1629 2832 1670 2868 F
1686 2834 1697 2879 ΙΙ
1730 2837 1750 2867 9
1777 2834 1827 2869 ad

116 2893 235 2917 uvrtm
259 2894 293 2916 D.
320 2892 347 2917 s.
373 2892 405 2916 v.
432 2882 592 2925 tempus,
638 2881 676 2916 et
701 2881 851 2925 quidam
877 2892 953 2915 non
978 2880 1097 2915 multa
1121 2880 1200 2916 dies
1228 2881 1292 2916 sed
1318 2882 1438 2916 multa
1464 2881 1610 2916 rettulit
1636 2879 1827 2926 accipiunt

122 2929 154 2963 T
169 2930 180 2975 ΙΙ
202 2932 244 2963 10
263 2928 358 2963 varii
378 2927 460 2963 aevi
480 2939 559 2973 eqo:
587 2928 692 2963 uaria
712 2927 771 2962 eui
792 2927 832 2962 F
860 2928 966 2963 varia
985 2928 1043 2962 cui
1063 2928 1201 2964 Daniel
1220 2930 1231 2974 ΙΙ
1251 2930 1300 2963 ad
1318 2941 1476 2963 ALTERNA
1496 2940 1660 2963 REVISENS
1681 2930 1725 2973 (υ.
1741 2931 1825 2972 426)

118 2978 289 3021 repetens
320 2986 599 3021 recognoscens.
644 2975 791 3010 alterna
821 2975 928 3019 quasi
959 2986 1053 3018 quae
1085 2976 1157 3011 huc
1189 2978 1228 3011 et
1259 2975 1348 3010 illuc
1379 2976 1501 3011 mutet
1531 2978 1568 3011 et
1600 2976 1722 3010 uariet
1752 2976 1784 3009 T
1816 2975 1819 3022 Ι

120 3027 164 3058 14
190 3023 368 3058 subaudis
390 3052 397 3059 .
419 3050 426 3056 .
449 3048 457 3057 .
478 3022 516 3058 in
543 3023 702 3058 solidum
723 3021 867 3057 ASM:
894 3022 1070 3057 subaudis
1096 3026 1135 3059 et
1160 3024 1298 3058 multos
1322 3034 1406 3058 nam
1427 3023 1465 3058 in
1485 3022 1646 3058 solidum
1666 3022 1817 3068 RHF!

119 3072 157 3105 ct
181 3081 247 3106 om.
262 3070 390 3106 ASM
406 3072 419 3116 ΙΙ
441 3075 483 3105 15
511 3070 708 3105 derelictos
735 3071 821 3104 ante
840 3069 928 3103 RH
943 3070 954 3115 ΙΙ
976 3073 1018 3104 18
1043 3070 1146 3117 quia]
1176 3082 1271 3116 quae
1291 3070 1326 3104 R
1365 3070 1429 3115 qui
1449 3070 1490 3106 F
1504 3072 1517 3115 11
1538 3075 1580 3105 19
1600 3070 1684 3115 plus
1706 3081 1825 3104 essem

119 3129 289 3163 messapo
316 3129 360 3153 ae
385 3118 568 3154 tolumnio
594 3118 642 3161 F,
669 3129 759 3153 corr.
775 3116 912 3151 Daniel
931 3118 942 3163 ΙΙ
962 3121 1007 3152 20
1033 3117 1215 3153 diomedis
1237 3117 1277 3153 F
1293 3120 1307 3164 [ι
1324 3121 1368 3152 22
1396 3118 1468 3152 duo
1495 3129 1562 3153 om.
1579 3118 1622 3152 H
1637 3119 1649 3162 ΙΙ
1669 3121 1714 3152 25
1740 3128 1823 3152 con-

118 3166 178 3200 tra
202 3176 268 3200 om.
289 3165 329 3199 F
353 3166 366 3210 ΙΙ
397 3164 596 3200 diomeden
621 3165 656 3200 R
687 3166 699 3209 ΙΙ
730 3168 774 3198 27
803 3166 986 3209 oportuna
1012 3163 1060 3208 F,
1087 3176 1179 3202 eor‘r.
1207 3165 1449 3201 Commelinus
1479 3166 1491 3209 ΙΙ
1522 3169 1567 3200 29
1593 3176 1708 3199 mum
1733 3163 1832 3198 HM

120 3223 235 3247 PARVA
258 3213 391 3258 ‘reliqui
423 3214 439 3265 fl
476 3226 646 3253 sEerrvn
673 3212 712 3247 F
746 3213 758 3258 ΙΙ
795 3215 838 3246 31
866 3211 1095 3257 adipiscetur
1119 3213 1172 3248 R:
1200 3212 1420 3257 adipiscitur
1444 3213 1576 3258 reliqui
1606 3213 1618 3256 ΙΙ
1654 3211 1825 3256 quamuis

120 3260 244 3295 ΑΒΗ
264 3261 276 3306 ΙΙ
302 3259 435 3295 Graeci
459 3261 521 3296 vix
546 3261 755 3305 Stephanus
778 3260 791 3304 11
822 3263 866 3294 33
893 3262 1066 3305 segregat
1090 3260 1126 3295 R
1165 3262 1338 3306 segreget
1363 3259 1404 3295 F
1424 3261 1437 3305 ΙΙ
1465 3271 1487 3294 a
1512 3261 1675 3295 virorum
1701 3270 1767 3294 om.
1788 3258 1830 3294 F

191 3326 290 3353 Servii
309 3333 416 3352 comm.
435 3326 504 3352 Vol.
523 3326 565 3353 11.
585 3327 673 3351 Fasc.
693 3326 734 3350 Π.
1496 3322 1541 3353 35

1061 3388 1083 3409 0
