2124 3600
475 265 627 303 COMM.
654 265 707 301 IN
733 263 877 300 VERG.
903 262 1015 299 AEN.
1042 262 1112 299 VII
1137 266 1337 298 396-422.
1669 257 1753 301 157

42 377 210 419 Italicis
244 376 510 419 urbibusab
544 375 725 431 augurio
759 374 850 416 avis
884 373 1036 415 ardeae
1068 372 1229 414 dictam
1260 370 1378 412 velit.
1432 369 1538 412 illud
1570 382 1756 424 namque

45 448 187 491 Ovidii
219 448 265 490 in
297 447 697 503 metamorphoseos
731 444 866 501 <XIV
899 444 1013 500 574>
1044 443 1291 486 fabulosum
1325 443 1408 496 est,
1447 441 1668 483 incensam
1700 439 1755 482 ab

44 519 289 562 Hannibale
322 518 510 561 Ardeam
542 519 589 561 in
619 518 732 561 hanc
763 532 886 560 avem
919 531 1011 559 esse
1038 528 1305 558 conversam.
1356 513 1576 556 sciendum
1607 514 1757 554 tamen

45 591 218 634 ardeam
256 605 371 634 avem
413 587 524 633 κατὰ
564 586 835 645 ἆντίφρασιν
879 588 1056 643 dictam,
1107 586 1222 643 quod
1264 586 1477 628 brevitate
1516 598 1756 640 pennarum

46 663 178 705 altius
210 677 297 705 non
330 663 465 706 volat:
499 661 698 705 Lucanus
730 660 799 714 <V
826 659 941 715 553>
974 659 1209 715 quodque
1243 672 1366 700 ausa
1397 657 1572 699 volare
1605 655 1757 697 ardea

46 734 286 777 sublimis
318 748 516 790 pennae
548 733 751 776 confisa
782 731 1001 774 natanti.

164 806 263 848 416.
313 817 507 848 MEMBRA
538 817 678 847 EXVIT
717 805 826 846 bene
859 802 1037 846 ‘exuit'2
1074 817 1176 845 nam
1208 801 1267 844 dii
1300 816 1395 844 cum
1429 800 1580 843 volunt
1610 799 1759 853 videri,

46 878 231 920 induunt
250 892 295 920 se
315 877 566 934 corporibus
587 878 766 932 propter
786 875 1038 918 mortalium
1059 874 1225 930 oculos3
1251 888 1353 916 nam
1372 871 1619 926 incorporei
1645 872 1758 912 sunt.

164 949 265 992 417.
314 961 462 992 ALBos
495 960 589 991 CVM
619 959 765 990 vrrTA
796 947 840 989 id
872 949 940 989 est
972 947 1103 989 etiam
1136 946 1270 989 vittas
1303 945 1437 987 albas

164 1022 263 1064 418.
314 1032 480 1064 RAMVM
504 1031 730 1062 INNECTIT
757 1031 932 1062 OLIVAE
959 1021 1034 1061 aut
1059 1033 1261 1061 coronam
1289 1016 1464 1072 accipit:
1491 1016 1567 1057 aut
1591 1028 1758 1056 ramum

46 1092 204 1149 inligat
224 1093 357 1148 vittis,
377 1093 492 1149 quod
512 1094 659 1148 aperte
680 1092 724 1134 in
746 1094 900 1134 octavo
923 1090 1111 1133 ostendit
1124 1089 1268 1145 <128>
1290 1091 1339 1131 et
1365 1088 1502 1131 vitta
1528 1088 1760 1141 comptos

48 1164 218 1207 voluit
261 1164 601 1219 praetendere
646 1178 828 1206 ramos.
890 1177 1021 1218 supra
1059 1162 1192 1204 etiam
1232 1160 1378 1216 <237>
1416 1157 1762 1215 praeferimus

48 1236 285 1278 manibus
317 1237 494 1279 vittas.

167 1307 266 1350 419.
316 1319 504 1350 1VN0N1s
537 1319 655 1350 ANVS
687 1318 958 1357 TEMPLIQVE
991 1316 1229 1348 SAOERDos
1262 1304 1359 1346 ordo
1391 1306 1465 1358 est,
1496 1305 1542 1344 ut
1567 1300 1762 1343 ‘Iunonis

49 1378 203 1433 templi
236 1394 343 1421 anus
376 1379 609 1423 sacerdos'.

169 1450 269 1492 421.
317 1461 460 1493 FVSOS
493 1462 695 1493 PATIERE
728 1461 938 1492 LABORES
971 1448 1137 1491 Probus
1170 1448 1221 1490 de
1254 1449 1499 1501 temporum
1531 1444 1764 1488 conexione

52 1521 249 1563 libellum
281 1522 539 1576 composuit,
572 1522 616 1564 in
644 1536 727 1578 quo
754 1521 896 1576 docet,
929 1521 1041 1577 quod
1069 1520 1135 1562 cui
1163 1519 1318 1561 debeat
1344 1515 1672 1560 accommodari.
1715 1529 1766 1557 ex

1783 669 1804 700 (51

1790 1028 1831 1058 10

52 1607 136 1648 quo
175 1592 473 1648 intellegimus
514 1592 626 1635 hauc
665 1608 793 1648 quam
830 1593 935 1635 fecit
974 1592 1151 1634 arduam
1192 1605 1285 1632 csse
1323 1589 1620 1632 conexionem:
1665 1602 1796 1629 nam·

51 1663 257 1718 ‘patiere’
289 1664 423 1706 futuri
455 1663 661 1719 temporis
704 1666 788 1720 est,
827 1662 987 1706 ‘fusos'
1021 1678 1121 1705 vero
1159 1662 1436 1717 participium
1475 1662 1541 1702 est
1578 1661 1766 1715 praeter—

52 1735 170 1777 itum.
222 1734 327 1776 dicit
359 1736 520 1776 autem:
553 1734 731 1789 patieris
766 1737 813 1776 ut
843 1737 912 1777 tot
942 1734 1005 1776 tui
1037 1734 1209 1775 labores
1243 1733 1482 1775 fundantur
1513 1732 1558 1774 in
1584 1745 1766 1783 cassum,

52 1805 96 1847 id
129 1807 195 1847 est
225 1806 270 1847 in
307 1805 479 1848 irritum
518 1805 703 1848 cadant?
746 1806 965 1848 incassum
1004 1808 1147 1848 autem
1187 1807 1375 1847 tractum
1409 1806 1475 1847 est
1505 1818 1531 1846 a
1562 1803 1769 1857 cassibus,

54 1877 98 1918 id
131 1879 197 1919 est
229 1892 256 1919 a
285 1877 462 1919 retibus.

173 1948 272 1991 422.
323 1960 599 1991 TRANSORIBI
631 1949 757 1991 tradi.
810 1964 951 1991 sermo
985 1951 1131 1991 autem
1163 1949 1233 1991 hic
1264 1950 1429 1990 tractus
1462 1950 1528 1990 est
1559 1947 1610 1989 de
1642 1960 1770 2002 pecu-

55 2021 145 2075 nia,
176 2035 278 2062 nam
311 2019 484 2062 ‘scribi'
518 2022 585 2063 est
616 2020 729 2063 dari:
764 2019 974 2063 Horatius
1007 2020 1176 2062 scribe
1207 2020 1377 2062 decem
1410 2034 1436 2061 a
1459 2017 1638 2061 Nerio:
1664 2028 1770 2060 *non

57 2094 135 2134 est
167 2092 315 2134 satis:
349 2092 474 2134 adde
506 2090 735 2134 Cicutae:
768 2091 994 2134 ‘rescribi'
1027 2106 1128 2135 vero
1158 2091 1299 2134 reddi:
1332 2090 1539 2133 Horatius
1572 2090 1770 2132 dictan-

59 2164 129 2206 tis
161 2163 295 2219 quod
328 2165 382 2205 tu
414 2178 683 2219 numquam
714 2164 1005 2207 rescribere
1037 2163 1222 2219 possis.

1793 1743 1840 1775 20

1797 2101 1841 2133 25

157 2285 200 2317 16
225 2281 386 2327 Probus]
409 2281 453 2317 cf.
469 2280 553 2316 Keil
573 2281 618 2316 de
638 2280 686 2316 M.
702 2280 784 2317 Val.
801 2281 921 2317 Probo
943 2293 1097 2327 gramm.
1121 2281 1254 2327 (symb.
1276 2280 1314 2315 in
1334 2281 1418 2316 hon.
1433 2280 1590 2325 Ritsch.)
1605 2292 1640 2325 p.
1656 2283 1702 2315 94
1717 2291 1770 2324 sq.
1798 2269 1802 2277 i

61 2329 234 2374 Steupius
260 2329 305 2364 de
331 2329 462 2364 Probis
488 2341 523 2375 p.
553 2330 651 2374 18οΗ
679 2333 723 2364 23
750 2341 871 2364 sermo
899 2334 1025 2364 autem
1053 2340 1084 2364 e.
1111 2341 1145 2374 q.
1173 2329 1218 2375 s]
1246 2328 1291 2365 cf.
1319 2328 1412 2364 Don.
1439 2329 1487 2363 ad
1514 2329 1596 2363 Ter.
1624 2328 1770 2362 Phorm.

60 2377 92 2413 V
119 2381 140 2412 8
167 2377 231 2422 (7),
257 2380 301 2411 29
334 2377 346 2422 11
377 2380 423 2411 24
450 2376 640 2423 Horatius]
667 2378 734 2413 sat.
762 2376 795 2410 II
823 2380 855 2422 3,
883 2381 927 2412 69
959 2379 971 2423 ΙΙ
1004 2380 1048 2412 25
1076 2376 1270 2423 Horatius]
1297 2378 1365 2412 sat.
1394 2376 1427 2411 II
1453 2380 1486 2421 3,
1515 2380 1558 2411 7ss

160 2488 178 2518 1
206 2483 340 2519 ardeae
359 2483 537 2518 ASRF:
564 2483 715 2519 ardeam
735 2483 824 2518 LH
828 2484 877 2518 M
894 2485 906 2529 ΙΙ
925 2487 945 2518 2
972 2483 1012 2518 in
1036 2494 1102 2519 om.
1123 2484 1162 2518 F
1177 2485 1190 2528 ΙΙ
1208 2483 1552 2529 metamorphoseos
1578 2483 1632 2518 vel
1657 2483 1773 2517 meta-

65 2530 266 2566 morfoseos
292 2531 379 2566 libri
398 2535 545 2576 praeter
564 2531 890 2578 Hamburyensem,
915 2532 979 2577 qui
998 2531 1312 2567 metamorfosetis
1335 2532 1485 2567 ewhibet.
1511 2532 1595 2575 fort.
1618 2531 1657 2565 in
1677 2530 1773 2565 XIV.

64 2578 412 2623 metamorphoseon
441 2580 453 2623 ΙΙ
485 2583 505 2613 3
531 2578 734 2614 hannibale
759 2578 898 2615 ΑΕΒΖ
934 2578 1110 2614 annibale
1135 2579 1278 2625 reliqui.
1322 2579 1449 2614 Aenea
1473 2579 1598 2614 debuit
1621 2578 1776 2613 scribere

65 2626 221 2661 Servius
262 2626 306 2669 cf.
333 2626 539 2662 Salmasius
564 2637 676 2662 exerc.
703 2626 804 2662 Pliu.
827 2637 867 2671 12-
887 2630 931 2661 41
951 2627 964 2672 ΙΙ
983 2626 1133 2662 ardeam
1159 2628 1197 2662 et
1221 2626 1261 2661 in
1286 2626 1382 2662 hanc
1410 2626 1460 2661 M
1476 2627 1488 2673 ΙΙ
1519 2630 1541 2661 4
1568 2627 1653 2662 cata
1679 2624 1774 2660 anti-

65 2673 180 2709 frasin
205 2672 413 2708 ASRLH
447 2673 705 2709 catantifrasin
733 2674 782 2708 M
787 2674 827 2709 F
859 2675 871 2720 ΙΙ
907 2673 1107 2719 pinnarum
1133 2674 1178 2709 H
1183 2675 1231 2709 M
1236 2673 1277 2709 F
1304 2676 1317 2720 ΙΙ
1354 2677 1375 2709 5
1408 2673 1521 2709 altius
1547 2674 1675 2709 uolare
1702 2684 1775 2708 non

65 2722 192 2766 potest
215 2720 413 2759 ASRFZ‚
438 2721 514 2756 ‘nisi
538 2722 635 2766 quod
658 2721 777 2766 possit
802 2721 842 2756 F
857 2723 870 2767 ΙΙ
888 2731 1035 2767 quoque
1062 2721 1136 2757 AS
1153 2723 1165 2768 ΙΙ
1191 2726 1212 2758 6
1238 2722 1373 2767 pinnae
1399 2720 1489 2756 HF
1503 2723 1516 2767 ΙΙ
1536 2721 1676 2757 confixe
1704 2719 1744 2755 F
1765 2721 1776 2766 Η

66 2771 88 2804 8
114 2767 369 2814 corporalibus
397 2767 437 2803 F
469 2768 482 2813 ΙΙ
519 2768 751 2815 mortalium]
782 2768 1004 2804 mortalibus
1030 2769 1060 2805 S
1084 2770 1190 2815 (corr.
1216 2770 1247 2814 s)
1274 2769 1366 2805 lium
1394 2797 1400 2804 .
1429 2797 1436 2804 .
1465 2795 1473 2804 .
1500 2770 1586 2804 sunt
1610 2780 1675 2804 om.
1703 2768 1743 2803 F
1766 2772 1776 2814 Ι]

68 2819 87 2850 9
114 2816 236 2862 albas]
274 2816 371 2851 Nam
396 2815 470 2851 nisi
494 2816 614 2851 uittae
641 2819 765 2852 essent
790 2816 899 2852 albae
926 2816 1024 2851 sicut
1049 2818 1087 2853 et
1112 2816 1231 2853 crines
1257 2827 1332 2852 non
1358 2815 1500 2852 diceret
1524 2816 1649 2852 induit
1673 2815 1778 2851 albos

0 2907 14 2912 ᾳ
68 2874 151 2898 cum
175 2864 273 2899 uitta
298 2863 362 2899 sed
387 2863 510 2898 induit
536 2863 641 2899 albos
668 2862 786 2899 crines
812 2863 910 2899 uitta
932 2864 975 2899 in
999 2875 1114 2910 mary.
1141 2865 1226 2901 add.
1253 2865 1266 2900 Z
1293 2866 1305 2910 ΙΙ
1338 2867 1382 2900 10
1408 2876 1601 2905 muvuovr:
1626 2862 1741 2899 ASR
1766 2863 1777 2909 l]

7 2924 15 2929 „
70 2914 110 2945 11
137 2910 234 2956 ligat
253 2910 369 2946 ASR
387 2911 400 2956 ΙΙ
418 2912 547 2956 aperto
569 2910 609 2946 F
624 2911 636 2957 {l
656 2910 864 2947 ostenditur
889 2911 929 2946 F
944 2912 956 2957 ΙΙ
975 2912 1029 2959 et]
1055 2914 1099 2947 ut
1122 2912 1159 2948 R
1196 2911 1239 2947 ut
1264 2915 1302 2947 et
1323 2912 1372 2947 M
1387 2912 1400 2957 ΙΙ
1421 2916 1464 2947 16
1491 2911 1685 2948 conixione
1705 2910 1746 2945 F
1768 2912 1776 2955 Η

71 2961 113 2993 17
141 2958 241 3002 quod
264 2958 419 2994 LHM:
446 2958 535 3003 quid
561 2957 742 2994 ASRFl
766 2959 772 3005 Ι
799 2962 843 2994 18
869 2959 1108 2995 conexionem
1135 2970 1215 2996 esse
1241 2958 1309 3005 Fu
1330 2963 1373 2994 19
1399 2959 1502 2995 fusus
1527 2960 1567 2994 F
1583 2961 1595 3004 ΙΙ
1614 2963 1659 2994 20
1685 2957 1779 2993 dicit

70 3005 207 3050 autem]
242 3007 299 3041 est
324 3007 449 3042 autem
476 3017 603 3042 sensus
630 3005 744 3041 ASR
797 3007 809 3042 l
834 3007 846 3053 ΙΙ
876 3007 1019 3052 patiere
1046 3007 1226 3042 ASRFZ
1250 3007 1262 3053 Η
1293 3010 1336 3041 21
1364 3006 1519 3043 inritum
1544 3006 1585 3042 F
1607 3008 1619 3054 ΙΙ
1644 3006 1780 3041 cadant

70 3062 135 3087 om.
157 3053 199 3087 H
214 3053 227 3098 ΙΙ
246 3053 284 3088 et
307 3052 475 3089 incasum
494 3054 656 3089 tractum
677 3055 735 3089 est
754 3052 795 3088 F
809 3054 822 3099 ΙΙ
841 3065 864 3090 a
883 3053 1048 3090 cassibus
1073 3053 1113 3089 id
1133 3055 1191 3090 est
1209 3066 1232 3089 a
1250 3065 1317 3089 om.
1339 3054 1380 3089 F
1395 3055 1408 3100 ΙΙ
1427 3059 1471 3090 22
1493 3067 1515 3091 a
1534 3057 1619 3090 aute
1637 3052 1778 3088 retibus

74 3109 140 3134 om.
155 3099 242 3134 ΕΗ
265 3101 363 3146 (add.
384 3101 410 3146 l)
429 3102 442 3147 ss
460 3101 616 3147 retibus]
643 3112 739 3146 quae
765 3112 884 3137 casses
909 3102 1092 3138 uocantur
1118 3102 1202 3137 add.
1223 3100 1387 3137 ASRF
1401 3102 1414 3147 ΙΙ
1443 3106 1487 3137 23
1514 3104 1551 3138 et
1577 3102 1633 3137 est
1658 3109 1778 3135 sermo

71 3147 214 3181 tractus
239 3147 285 3182 de
309 3150 469 3192 pecunia
493 3148 691 3193 ASRFz,
717 3149 793 3184 uisi
816 3150 912 3195 quod
936 3150 1048 3195 penia
1074 3148 1115 3184 F
1129 3150 1142 3194 l]
1167 3148 1303 3195 sermo]
1331 3150 1369 3184 et
1394 3160 1516 3185 sermo
1543 3149 1592 3184 M
1605 3149 1617 3193 ΙΙ
1646 3151 1692 3182 24
1717 3146 1778 3181 de-

74 3193 171 3246 cern]
203 3193 290 3229 dote
315 3194 352 3229 R
389 3195 498 3230 deam
524 3195 564 3230 F
597 3197 609 3241 ΙΙ
646 3207 669 3231 a
693 3195 797 3231 nerio
821 3196 918 3232 LF:
950 3197 1134 3232 manerios
1160 3196 1190 3232 S
1225 3197 1391 3233 manerio
1416 3197 1453 3232 R
1487 3197 1551 3242 ssa
1576 3194 1680 3230 nerio
1690 3192 1720 3241 ss
1741 3194 1778 3228 A

74 3250 177 3274 nerio
192 3240 236 3274 H
256 3241 400 3276 anerios
415 3242 464 3276 M
476 3243 490 3287 ΙΙ
508 3243 596 3288 non]
618 3242 649 3277 si
665 3243 708 3277 H
722 3244 734 3289 ΙΙ
753 3246 798 3278 25
818 3244 971 3279 rescribi
987 3244 1092 3290 vero]
1112 3244 1313 3280 rescribere
1328 3244 1417 3279 LH
1431 3246 1535 3289 (corr.
1553 3244 1578 3287 l)
1597 3244 1609 3286 ΙΙ
1630 3246 1673 3276 26
1694 3253 1777 3287 pos-
