2092 3614
537 237 688 275 COMM.
715 239 769 274 IN
794 237 935 274 VERG.
962 237 1075 273 AEN.
1102 237 1153 272 IX
1180 242 1379 276 590—606.
1730 238 1814 280 361

107 349 243 390 imunt
271 351 517 390 revertentes.
639 359 782 390 FANDI
814 359 986 390 Fic'ron
1015 358 1183 389 VLIXES
1215 348 1291 389 aut
1321 347 1472 400 fallax,
1504 350 1580 390 aut
1611 348 1817 403 λογυδαί-

108 420 260 473 δαλος,
291 418 333 460 id
368 421 434 461 est
466 419 539 474 qui
572 418 716 461 dolum
748 419 861 461 celat
892 418 1103 460 sermonis
1136 420 1305 461 ornatu.

225 491 322 533 600.
373 503 534 533 DVRVM
553 502 582 532 A
607 503 769 533 s⁷r1RPE
797 502 948 533 GENVS
973 489 1129 532 Italiae
1157 489 1384 545 disciplina
1410 493 1454 533 et
1478 491 1568 533 vita
1594 490 1814 533 laudatur:

107 577 236 617 quam
270 561 447 619 etuGato
479 562 526 604 in
558 562 799 618 originibus
833 564 876 603 et
902 560 1043 603 Varro
1076 561 1121 602 in
1147 563 1276 616 gente
1302 562 1454 617 populi
1479 562 1666 605 Romani
1699 577 1814 605 com-

106 636 330 677 memorat.
1279 624 1282 627 *
1841 642 1861 673 5

224 705 321 747 601.
374 717 498 747 GELV
518 716 740 748 DVRAMvs
761 717 820 747 ET
841 717 982 748 vnms
1008 705 1134 748 undis
1155 705 1326 762 gelidis:
1352 706 1396 746 et
1414 707 1480 746 est
1491 704 1549 773 ἓν
1570 701 1646 747 διὰ
1667 705 1814 760 δυοῖν,

107 778 153 817 ut
184 775 279 830 <III
298 775 415 830 467>
447 776 611 818 hamis
646 790 871 832 auroque
903 776 1148 819 trilicem:
1179 791 1280 818 nam
1313 790 1439 818 nemo
1473 776 1589 831 quod
1619 777 1716 831 plus
1748 779 1815 819 est

104 847 224 902 prius
257 847 378 904 dicit3
411 847 449 890 si
481 848 596 889 enim
630 848 713 891 duo
746 851 909 903 essent,
940 852 1040 890 ante
1073 863 1230 903 aquam
1263 847 1441 903 diceret,
1474 848 1535 890 sic
1567 848 1678 904 gelu,

223 919 321 961 602.
371 931 562 962 VENATV
598 934 677 974 pro
717 918 935 974 ‘venatui',
978 921 1025 961 ut
1063 918 1222 962 ‘curru'
1261 934 1339 975 pro
1373 918 1566 961 ‘currui'z
1610 919 1815 962 ablativus

101 990 259 1046 dubias,
284 991 344 1033 vel
360 1005 443 1044 pro
467 990 615 1033 dativo.
707 1007 829 1033 PVERI
854 990 948 1033 bene
972 991 1225 1034 venationem
1246 992 1388 1045 pueris
1412 991 1536 1043 dedit,
1566 1004 1668 1045 opus
1691 991 1813 1032 rasti·
1844 1000 1884 1030 10

102 1076 194 1104 eum
224 1063 312 1104 iam
342 1062 566 1105 iuvenibus.
663 1073 919 1112 SILVASQVE
945 1074 1186 1105 FATIGANT
1219 1062 1305 1118 ipsi
1336 1062 1580 1119 fatigantur
1604 1062 1650 1104 in
1676 1062 1813 1104 silvis:

104 1135 179 1175 aut
210 1148 288 1188 pro
323 1134 424 1175 feris
457 1134 589 1176 silvas
621 1133 786 1189 posuit,
818 1133 864 1175 in
896 1134 1050 1189 quibus
1085 1136 1186 1176 sunt
1217 1133 1346 1177 ferae.
1474 1120 1480 1124 ⁵

222 1205 320 1247 603.
370 1217 614 1248 FLEGTERE
647 1216 799 1247 LVDVS
830 1217 983 1256 EQVOS
1025 1205 1210 1248 aliorum
1241 1205 1366 1247 labor
1396 1207 1570 1247 nostrae
1602 1205 1814 1260 pueritiae

102 1275 227 1317 ludus
260 1278 337 1318 est.
399 1275 595 1330 ‘flectere’
628 1279 765 1318 autem
795 1276 911 1319 verbo
942 1277 1112 1330 antiquo
1143 1290 1242 1319 usus
1272 1280 1352 1319 est:
1391 1290 1491 1319 nam
1522 1276 1672 1330 equites
1702 1277 1816 1331 apud

100 1350 245 1390 veteres
274 1348 480 1402 flcoeuntae
510 1348 777 1400 vocabantur,
808 1349 915 1391 sicut
943 1349 1006 1390 ait
1038 1348 1170 1391 Varro
1201 1362 1341 1391 rerum
1371 1348 1663 1391 humanarum.
1713 1362 1813 1390 sane
1840 1356 1883 1388 15

100 1420 436 1474 poeta-meminit
464 1420 549 1475 sui,
583 1433 684 1462 nam
714 1419 776 1461 ait
806 1419 993 1474 superius
1026 1418 1140 1474 <VII
1174 1419 1288 1475 162>
1320 1423 1434 1462 ante
1469 1420 1634 1462 urbem
1663 1420 1815 1474 pueri

100 1493 143 1532 et
165 1486 419 1544 primaevo
448 1492 576 1544 flore
605 1492 838 1534 iuventas
867 1494 1155 1534 exercentur
1185 1492 1332 1545 equis.

220 1562 318 1605 604.
368 1575 427 1605 Αἰ·
459 1575 655 1606 PATIENS
690 1575 881 1606 OPERVM
917 1575 1167 1614 PARVOQVE
1205 1574 1418 1605 Astn'rA
1456 1575 1688 1606 1vvmwrvs
1731 1563 1813 1605 hoc

102 1635 146 1675 et
177 1634 223 1675 in
256 1633 472 1690 georgicis
503 1633 576 1689 <II
595 1635 712 1690 472>
745 1635 913 1677 laudat:
945 1649 1048 1676 nam
1080 1646 1264 1691 magnae
1297 1634 1471 1677 virtutis
1504 1636 1570 1676 est
1599 1634 1646 1676 in
1677 1634 1812 1676 nimio

100 1705 248 1747 labore
280 1706 426 1760 parvis
459 1720 552 1748 esse
585 1709 847 1749 contentum.
1839 1714 1884 1746 20

220 1776 319 1819 605.
369 1789 556 1820 TERRAM
588 1790 753 1821 DOMAT
790 1779 899 1820 bene
937 1777 1093 1820 bellico
1126 1792 1229 1819 usus
1263 1779 1329 1819 est
1361 1777 1510 1819 verbo:
1550 1778 1593 1819 et
1623 1791 1676 1818 ne
1711 1792 1736 1818 a
1767 1791 1812 1818 re

101 1848 281 1890 militari
313 1848 567 1901 discederet,
599 1863 685 1891 non
718 1849 826 1891 dixit
858 1848 1013 1892 ‘terras
1037 1847 1247 1900 cofimus',
1281 1848 1354 1890 sed
1387 1847 1660 1904 ‘domamus'‚
1693 1862 1742 1890 ac
1775 1848 1812 1890 si

101 1920 280 1975 diceret,
313 1935 409 1962 cum
440 1920 589 1962 hostes
623 1920 797 1975 desunt,
828 1922 968 1962 terras
1000 1920 1115 1962 ferro
1148 1919 1386 1962 domamus,
1509 1936 1652 1967 onam·
1676 1936 1811 1962 OPPJDA

103 2009 224 2034 meno
262 1992 457 2045 oppidmn
487 1992 657 2046 quidam
688 2005 716 2033 a
745 1992 831 2034 vico
871 1991 1109 2045 castelloque
1145 1991 1429 2046 maynitudinc
1465 1994 1699 2034 secernunt:
1735 1990 1813 2032 alii

102 2063 233 2104 locum
263 2076 382 2104 muro
411 2063 570 2115 fossave
600 2063 734 2105 aliave
764 2076 847 2116 qua
877 2063 1104 2105 munitione
1135 2063 1390 2105 conclusum:
1433 2062 1511 2104 alii
1542 2055 1673 2104 locam
1704 2062 1810 2104 aedi·
1837 2070 1882 2102 25

99 2135 206 2187 ficiis
237 2120 521 2189 constitutum,
551 2134 622 2176 ubi
649 2134 800 2187 fanum
831 2134 1040 2176 comitium
1068 2134 1209 2186 forum
1240 2136 1278 2176 et
1306 2147 1452 2175 murus
1482 2134 1558 2175 sit:
1589 2133 1669 2175 alii
1698 2134 1811 2187 oppi-

100 2207 199 2248 dum
225 2207 306 2249 dici
331 2206 381 2248 ab
408 2200 655 2260 oppositione
679 2220 915 2257 muroram;
947 2206 1008 2248 vet
1032 2206 1140 2260 quod
1162 2205 1396 2248 homiwibus
1423 2205 1532 2247 locus
1556 2208 1657 2247 essct
1679 2205 1810 2259 opple-

102 2281 187 2328 tus,·
218 2278 280 2320 vet
309 2278 418 2331 quod
446 2291 538 2332 opes
568 2278 640 2320 illo
671 2278 917 2320 munitionis
943 2278 1085 2332 qratia
1115 2281 1322 2332 conqestae
1349 2280 1459 2327 sunt.

221 2348 318 2390 606.
368 2360 610 2392 IVVENOVM
654 2360 811 2391 TERGA
854 2360 1122 2392 FATIGAMVS
1166 2360 1317 2392 HASTA
1363 2348 1674 2404 agriculturam
1719 2347 1811 2389 sine

103 2420 246 2462 officio
284 2419 389 2461 belli
425 2435 512 2463 non
549 2420 752 2475 gerimus.
816 2422 882 2462 est
923 2421 1067 2462 autem
1108 2419 1446 2475 cacosyntheton
1484 2421 1527 2460 et
1563 2418 1809 2462 homoeote-
1837 2428 1882 2459 30

1812 2497 1823 2521 N

198 2542 243 2573 24
269 2536 447 2583 oppidum
474 2564 481 2572 .
503 2566 510 2573 .
533 2566 539 2572 .
568 2538 765 2583 congestae
792 2537 895 2584 sunt]
922 2536 966 2572 cf.
994 2536 1080 2572 Isid.
1107 2548 1157 2572 or.
1185 2536 1252 2572 XV
1278 2541 1311 2581 2,
1339 2539 1359 2572 5
1380 2548 1434 2581 sq.

201 2648 217 2679 1
244 2643 490 2689 logodedalus
510 2644 604 2679 AM
611 2646 623 2680 l
655 2656 677 2680 a
702 2644 787 2679 loco
812 2644 967 2679 dedalos
987 2643 1023 2678 R
1061 2643 1299 2679 locodedalos
1325 2643 1411 2678 LH
1443 2642 1712 2688 longodedalos
1738 2643 1778 2677 F
1800 2644 1811 2690 Η

103 2698 123 2727 2
151 2691 279 2727 dolum
305 2691 418 2737 celat]
447 2691 666 2727 doloscebat
684 2692 724 2741 F
740 2693 751 2738 ΙΙ
772 2692 906 2727 ornatu
926 2691 999 2727 AS
1021 2695 1054 2727 et
1078 2692 1120 2726 in
1144 2702 1216 2727 ras.
1244 2692 1272 2727 l:
1300 2692 1382 2726 ortu
1407 2691 1496 2726 RH
1502 2691 1549 2725 M
1586 2693 1716 2726 ornato
1738 2690 1779 2725 F
1800 2692 1811 2737 Η

104 2744 124 2775 6
151 2752 197 2775 en
223 2739 294 2784 dya
318 2739 408 2784 dyin
433 2739 469 2773 A
507 2738 694 2774 endiadun
720 2739 756 2774 R
794 2750 840 2774 en
865 2738 928 2774 dia
954 2738 1031 2774 diin
1054 2739 1089 2773 L
1126 2737 1265 2784 endyin
1284 2739 1330 2774 H
1362 2737 1537 2774 enniadin
1560 2739 1609 2773 M
1644 2738 1810 2782 andyan-

103 2787 167 2822 din
193 2786 233 2822 F
248 2789 260 2833 ΙΙ
280 2791 300 2822 8
327 2786 375 2833 si]
403 2787 456 2821 sic
482 2786 522 2821 F
537 2788 549 2831 ΙΙ
569 2786 658 2832 duo]
685 2787 778 2821 dicti
804 2787 832 2821 S
849 2788 862 2831 ΙΙ
881 2786 1081 2830 antequam
1100 2786 1222 2822 SLH
1244 2787 1350 2831 (corr.
1370 2787 1421 2832 sl)
1461 2787 1547 2821 ante
1573 2796 1709 2830 aquam
1735 2786 1811 2821 iam

105 2835 153 2870 M
167 2836 179 2882 ΙΙ
210 2839 230 2870 9
258 2835 394 2870 uenato
421 2834 463 2868 H
480 2835 491 2880 ΙΙ
527 2838 568 2869 10
594 2834 698 2869 dedit
723 2845 814 2879 opus
841 2833 1096 2869 commeamus:
1123 2833 1310 2869 deditores
1337 2833 1378 2868 F
1398 2835 1411 2879 ΙΙ
1444 2837 1485 2868 11
1513 2832 1712 2868 iubenibus
1738 2833 1778 2867 F
1799 2833 1811 2879 ΙΙ

106 2886 149 2917 12
175 2883 257 2928 aut]
285 2882 346 2917 uel
366 2881 407 2917 F
422 2883 434 2928 ΙΙ
454 2881 584 2928 silvas]
614 2880 750 2916 siluam
770 2881 803 2915 L
822 2882 834 2925 ΙΙ
856 2885 897 2916 13
923 2893 1037 2916 Lvnos
1057 2880 1189 2916 AHF
1204 2882 1215 2927 ΙΙ
1238 2884 1281 2916 14
1306 2881 1356 2916 ad
1379 2893 1411 2917 v.
1433 2884 1502 2916 303
1527 2881 1570 2916 in
1592 2892 1705 2926 mary.
1727 2891 1811 2915 cum

104 2929 198 2965 dicit
221 2930 369 2965 flectere
396 2929 549 2974 antiquo
575 2929 688 2964 uerbo
714 2940 801 2963 usus
828 2931 885 2963 est
910 2929 1000 2973 quia
1023 2929 1123 2974 apud
1148 2930 1293 2964 ueteres
1321 2929 1464 2973 equites
1490 2928 1675 2963 flexuntae
1701 2939 1810 2963 uoca-

103 2976 239 3012 bantur
268 2977 300 3012 T
317 2978 330 3024 ΙΙ
349 2980 393 3012 15
418 2977 604 3012 flexuntae
629 2976 669 3011 F
703 2976 887 3011 flexeunte
913 2976 956 3012 G.
995 2977 1041 3021 ef.
1066 2977 1168 3012 Ptin.
1195 2980 1271 3011 nat.
1298 2976 1381 3011 hist.
1407 2975 1564 3010 XXXIII
1590 2979 1609 3018 ξ
1636 2979 1681 3011 35
1710 2975 1809 3011 ‘cele—

104 3035 160 3060 res
184 3025 250 3060 sub
276 3024 432 3060 Romulo
463 3025 676 3070 reqtbusque
705 3027 793 3059 sunt
823 3023 1016 3068 appellati,
1047 3025 1176 3060 deinde
1201 3023 1390 3068 flexuntes'
1428 3023 1580 3058 flexutes
1606 3022 1811 3058 Salmasius

105 3072 154 3106 ad
179 3072 372 3117 Lamprid.
399 3072 578 3107 Commod.
598 3075 641 3106 11
663 3071 940 3118 ”humanorum
965 3070 1007 3106 F
1021 3073 1033 3117 ΙΙ
1063 3075 1106 3107 17
1132 3071 1306 3106 iuuentus
1334 3071 1372 3106 et
1397 3071 1614 3106 exercentur
1639 3069 1679 3104 F
1702 3069 1755 3113 (et
1779 3072 1812 3104 et

106 3118 209 3163 equis
235 3130 301 3154 om.
323 3119 369 3163 G)
390 3120 401 3165 ΙΙ
427 3123 470 3155 22
498 3119 655 3155 disceret
681 3118 721 3154 F
737 3119 748 3164 ΙΙ
777 3122 822 3153 23
848 3118 960 3165 ferro]
986 3118 1064 3155 fere
1089 3118 1126 3154 R
1145 3120 1156 3164 ΙΙ
1176 3122 1222 3153 24
1248 3117 1426 3163 oppidum
1452 3118 1603 3163 quidam
1632 3144 1639 3151 .
1662 3144 1668 3150 .
1690 3145 1697 3151 .
1726 3127 1818 3151 con--

105 3167 234 3210 gestae
259 3167 346 3201 sunt
368 3167 450 3203 hab.
470 3167 502 3201 T
517 3168 529 3212 ΙΙ
549 3171 594 3201 25
620 3165 742 3202 aliave
768 3166 857 3211 qua]
884 3164 1011 3211 aliqua
1033 3166 1066 3201 T
1081 3167 1094 3212 ΙΙ
1113 3165 1317 3201 monitione
1337 3165 1377 3200 F
1393 3166 1405 3212 11
1423 3169 1469 3201 28
1496 3177 1588 3210 opus
1613 3164 1645 3198 T
1662 3165 1673 3209 ΙΙ
1691 3163 1809 3198 moni-

106 3212 220 3248 tionis
248 3212 287 3247 F
303 3214 315 3258 ΙΙ
334 3218 377 3249 29
405 3213 611 3259 agriculam
638 3213 677 3248 F
693 3215 705 3260 ΙΙ
725 3218 769 3249 30
795 3213 1077 3250 cacosintheton
1102 3216 1139 3249 et
1165 3212 1419 3249 omoteleuton
1443 3212 1480 3248 R
1517 3210 1810 3257 cacosyntheton
