2124 3600
631 803 828 846 SERVII
861 801 1240 845 GRAMMATICI

201 920 276 974 IN
318 918 635 976 VERGILH
678 915 1029 972 AENEIDOS
1074 915 1346 971 LIBRVM
1390 914 1671 971 SEXTVM

655 1010 1217 1068 COMMENTARIVS.

203 1164 339 1206 Totus
373 1163 546 1220 quidem
578 1162 798 1218 Vergilius
837 1161 1020 1204 seientia
1057 1160 1210 1216 plenus
1251 1162 1334 1215 est,
1374 1160 1420 1201 in
1459 1175 1543 1215 qua
1579 1159 1651 1201 hic
1688 1159 1800 1201 liber

84 1236 277 1292 possidet
309 1235 619 1291 principatum,
652 1232 773 1275 euius
806 1247 857 1274 ex
883 1232 1074 1274 Homero
1106 1247 1208 1287 pars
1240 1231 1380 1273 maior
1405 1234 1482 1273 est.
1533 1233 1576 1272 et
1602 1230 1800 1273 dicuntur

86 1308 230 1363 aliqua
275 1306 546 1362 simplici-ter⁷
591 1305 732 1346 multa
769 1304 820 1346 de
856 1303 1059 1358 historia,
1103 1304 1240 1346 multa
1277 1318 1353 1358 per
1394 1303 1528 1344 altam
1572 1303 1799 1344 seientiam

85 1377 464 1434 philosophorum,
494 1376 818 1431 theologorum,
847 1374 1183 1430 Aegyptiorum,
1216 1374 1322 1416 adeo
1348 1376 1398 1415 ut
1425 1373 1615 1429 plerique
1647 1374 1698 1415 de
1730 1374 1799 1416 his

87 1450 268 1505 singulis
300 1449 429 1491 huius
461 1447 563 1490 libri
595 1448 787 1502 integras
814 1445 1067 1502 scripserim:
1092 1446 1376 1501 pragmatias.
1427 1460 1530 1487 sane
1569 1445 1800 1501 sciendum,

86 1522 189 1563 licet
225 1521 388 1576 primos
428 1520 534 1562 duos
571 1534 721 1562 versus
753 1517 920 1560 Probus
960 1520 1004 1560 et
1041 1518 1115 1560 alii
1154 1518 1198 1559 in
1237 1517 1378 1573 quinti
1414 1516 1668 1572 reliquerint
1706 1517 1802 1573 fine,

87 1592 318 1647 prudenter
350 1591 404 1634 ad
434 1591 604 1634 initium
644 1590 754 1632 sexti
793 1604 884 1632 esse
922 1589 1178 1644 translatos3
1215 1604 1316 1631 nam
1349 1591 1393 1630 et
1425 1588 1672 1631 coniunctio
1704 1604 1803 1644 poe-

87 1664 216 1706 mat-is
242 1664 396 1706 melior
417 1665 494 1718 est,
520 1665 563 1705 et
583 1661 797 1704 Homerus
818 1661 950 1703 etiam
972 1661 1032 1703 sic
1052 1661 1276 1704 inchoavit
1295 1656 1354 1711 ὥς
1374 1657 1491 1716 φάτο
1513 1658 1656 1716 δάκρυ
1676 1659 1801 1716 χέων.

209 1736 245 1776 1.
295 1750 506 1780 οιΔεει-ριἝ
533 1749 714 1776 nvmrrtr
739 1749 921 1775 HABENAS
962 1732 1138 1774 navibus
1167 1732 1272 1783 suis,
1310 1735 1385 1774 aut
1413 1746 1512 1774 suae
1542 1733 1660 1788 navi,
1700 1747 1804 1786 quae

185 1867 206 1898 8
232 1862 431 1908 Homerus]
458 1861 503 1897 cf.
530 1862 571 1897 Il.
597 1862 614 1897 I
640 1865 706 1898 357

185 1981 248 2017 Ad
273 1992 332 2017 eos
356 1981 421 2027 qui
444 1981 510 2016 hoc
528 1981 709 2016 volumine
728 1980 962 2015 eontinentur
982 1979 1152 2016 Serviani
1172 1981 1420 2016 commentarii
1446 1981 1557 2016 libros
1575 1982 1805 2018 recensendos

91 2030 148 2065 his
173 2029 358 2065 codicibus
382 2040 497 2064 manu
520 2029 667 2074 scriptis
691 2038 779 2063 usus
803 2038 902 2062 sum:
929 2027 1276 2063 Caroliruhensi
1302 2032 1373 2064 116
1397 2028 1480 2072 (A),
1506 2029 1805 2074 Sanqallensi

91 2077 162 2121 (S),
187 2077 440 2122 Reyinensi
467 2075 550 2121 (R),
575 2076 811 2121 Lipsiensi
834 2074 916 2120 (L),
941 2075 1279 2120 Hamburyensi
1303 2076 1388 2120 (H),
1416 2077 1682 2111 Monacensi
1707 2079 1805 2112 6394
1858 2092 1861 2094 v

90 2126 188 2172 (M),
221 2124 520 2160 Floriacensi
550 2134 651 2159 nunc
676 2123 851 2159 Parisino
877 2125 978 2159 7929
1003 2122 1087 2167 (F),
1124 2122 1386 2159 Cassellano
1410 2123 1483 2168 (G),
1513 2124 1804 2159 Autissiodo

1827 1457 1848 1488 <51

89 2173 215 2208 rensi
238 2183 340 2208 nwnc
362 2171 544 2207 Bernensi
568 2173 642 2206 167
665 2171 746 2215 (G),
774 2170 1032 2206 Turonensi
1055 2181 1156 2206 nunc
1180 2171 1362 2207 Bernensi
1379 2174 1452 2206 165
1479 2171 1557 2215 (T),
1585 2171 1805 2207 Parisino
1837 2181 1840 2184 ’

93 2223 191 2256 7965
215 2220 297 2264 (D).
350 2218 583 2255 Cassellanus
613 2218 674 2254 VI
697 2221 768 2254 831
796 2218 939 2255 desinit.
984 2217 1214 2263 Lipsiensem
1244 2220 1286 2254 in
1320 2222 1419 2255 seoeto
1445 2219 1538 2255 libro
1559 2220 1693 2274 paucis
1718 2221 1806 2255 Iocis

91 2268 249 2313 eoeceptis
279 2278 355 2303 non
379 2267 669 2310 commemoravi,
704 2267 793 2312 quia
817 2267 859 2301 in
884 2277 927 2301 ea
945 2269 1055 2312 parte
1079 2267 1226 2311 saepius
1250 2278 1360 2312 quam
1384 2267 1426 2302 in
1451 2267 1575 2302 ceteris
1591 2268 1704 2312 prior
1729 2268 1806 2303 eius

92 2316 280 2361 scriptura
307 2327 332 2351 a
357 2315 617 2351 correctoribus
642 2314 839 2350 obscurata
863 2317 924 2349 est.
962 2313 1295 2350 Autissiodorensis
1319 2315 1527 2350 memoriam
1546 2325 1659 2359 usque
1677 2316 1727 2350 acl
1751 2315 1810 2350 VI

92 2366 167 2399 359
195 2363 301 2408 plene
331 2363 500 2407 exposui,
538 2366 580 2398 ut
610 2361 771 2407 intelleyi
798 2362 921 2406 posset
950 2373 1042 2407 quae
1074 2362 1172 2397 ratio
1202 2363 1299 2398 inter
1331 2363 1451 2408 ipsius
1481 2365 1514 2397 et
1546 2362 1806 2398 Floriacensia

91 2411 229 2446 scholia
262 2410 495 2446 intercederet
525 2410 588 2454 (cf.
609 2410 730 2464 praef.
750 2420 792 2454 Ρ.
818 2408 956 2454 LXI)
988 2409 1030 2444 in
1060 2410 1112 2445 eis
1142 2421 1234 2455 quae
1264 2413 1467 2465 sequuntur
1497 2410 1576 2445 eius
1599 2411 1806 2446 testimonia

88 2459 304 2511 plerumque
327 2468 403 2493 non
428 2458 611 2503 adscripsi
635 2458 712 2493 nisi
737 2457 786 2492 ad
810 2457 948 2492 scholia
974 2469 998 2492 a
1023 2456 1131 2493 Petro
1155 2458 1314 2493 Daniele
1331 2458 1497 2503 primum
1522 2458 1629 2493 edita.

193 2509 211 2540 1
239 2506 279 2540 in
305 2515 379 2550 qua
404 2505 466 2540 hic
491 2505 601 2551 liber]
628 2505 667 2540 in
691 2504 764 2540 hoc
789 2504 885 2539 libro
910 2504 983 2540 AS
999 2505 1013 2549 ss
1031 2508 1052 2539 2
1079 2506 1151 2550 est]
1180 2507 1331 2551 sumpt-a
1357 2506 1416 2541 est
1435 2505 1532 2550 0113
1554 2504 1716 2550 simplici
1735 2506 1808 2540 AS

95 2554 202 2634 (οἵτ’.
218 2553 256 2597 a)
284 2552 411 2598 simpli
429 2553 474 2587 H
487 2553 500 2598 ΙΙ
518 2556 541 2587 4
560 2552 714 2597 theolog
717 2563 822 2588 orum
842 2551 1199 2598 R·the010gi0rum
1218 2553 1263 2588 H
1284 2552 1585 2599 theologicorum
1600 2517 1810 2588 APSGGM

95 2602 106 2646 *l
131 2599 404 2646 Aegyptiorum
430 2611 495 2636 om.
523 2599 557 2635 G
575 2602 587 2646 ΙΙ
613 2600 658 2635 de
683 2599 742 2635 his
769 2598 926 2644 singulis
952 2599 1062 2634 huius
1089 2599 1190 2646 libri]
1218 2601 1263 2636 de
1290 2600 1447 2646 singulis
1473 2601 1583 2635 huius
1611 2600 1700 2635 libri
1724 2612 1808 2646 pai·-

93 2647 196 2683 tibus
222 2647 474 2704 Sanyallensis
499 2652 676 2684 corrector
693 2649 706 2692 ΙΙ
739 2651 759 2681 5
786 2647 923 2692 singuli
948 2647 1037 2682 ΑΗ
1043 2647 1092 2682 Μ
1115 2649 1127 2693 ss
1158 2647 1393 2694 pragmatica
1419 2647 1450 2684 Ο
1481 2647 1714 2694 praematica
1740 2648 1774 2683 G
1799 2651 1810 2693 {l

95 2706 212 2730 sane.
256 2692 412 2740 ,δάκρυ
433 2693 528 2739 χέων
555 2706 620 2730 om.
645 2695 679 2730 G
697 2696 710 2741 ΙΙ
736 2699 756 2729 6
783 2693 1030 2739 relinquerint
1054 2694 1091 2729 A
1109 2697 1122 2740 n
1147 2699 1167 2730 8
1194 2697 1232 2731 et
1257 2696 1440 2731 Homerus
1467 2696 1582 2731 etiam
1607 2695 1658 2730 sic
1683 2696 1810 2731 incho-

98 2743 192 2787 avit]
219 2745 258 2778 et
283 2743 458 2777 homerus
484 2750 593 2787 quem
620 2739 790 2788 sequitur
814 2742 852 2777 in
878 2742 1029 2787 odyssia.
1056 2742 1109 2778 sic
1135 2742 1261 2796 coepit
1287 2742 1319 2778 0
1353 2745 1392 2779 et
1416 2744 1590 2778 homerus
1617 2754 1727 2788 quem
1755 2754 1809 2777 se—

98 2789 225 2834 quitur
249 2790 288 2825 in
314 2790 453 2825 odissia
478 2790 592 2825 etiam
618 2791 671 2826 sic
695 2789 889 2825 inchoauit
915 2790 964 2825 M
981 2791 993 2835 ΙΙ
1011 2789 1207 2826 inoboauit
1232 2791 1273 2825 H
1303 2791 1315 2836 ΙΙ
1346 2802 1394 2826 ωε
1420 2799 1539 2835 aaran
1563 2802 1711 2826 xxaawn
1738 2790 1811 2825 AS

96 2848 144 2872 uc
170 2845 488 2882 ψΛΤΛΛΚΡῩΧηΑωΝ
513 2837 550 2872 R
593 2849 642 2873 ωε
666 2846 781 2883 emmo
810 2848 1070 2872 Afflxrrxeiun
1097 2837 1128 2873 G
1162 2850 1209 2873 ωε
1235 2847 1521 2883 ‹parmaxryxewn
1547 2839 1588 2873 Η
1625 2850 1673 2874 ωε
1698 2848 1810 2883 ‹piri-

98 2895 280 2919 umxcwn
307 2885 357 2920 M
373 2886 385 2930 ΙΙ
415 2888 435 2919 9
463 2885 511 2920 ad
536 2896 567 2920 v.
591 2889 609 2919 1
635 2886 722 2921 haec
747 2886 820 2921 duo
845 2885 1000 2929 scholia,
1027 2897 1051 2920 a
1076 2886 1229 2921 diversis
1252 2887 1409 2932 scripta,
1434 2886 1541 2922 habet
1568 2886 1809 2922 Turonensis:

99 2930 306 2977 Classique]
345 2934 411 2968 aut
435 2932 522 2968 navi
546 2944 659 2977 quam
684 2933 841 2977 regebat
866 2933 932 2968 aut
957 2932 1125 2968 navibus.
1176 2933 1354 2980 Inmittit]
1386 2934 1427 2968 id
1458 2935 1516 2969 est
1540 2933 1685 2969 relaxat
1709 2933 1809 2978 ipsas

99 2978 273 3014 habenas.
324 2981 363 3015 et
393 2980 487 3015 bene
519 2978 614 3015 dixit
644 2980 810 3016 habenas
842 2992 937 3024 quae
969 2981 1056 3015 sunt
1085 2981 1237 3016 navium
1270 2983 1308 3016 et
1333 2992 1523 3026 equorum.
1572 2992 1686 3017 naves
1712 2980 1809 3015 enim

100 3024 205 3072 equis
230 3029 493 3072 comparantur
518 3029 556 3062 et
579 3029 747 3064 vectores
780 3027 954 3062 dicuntur
987 3027 1051 3072 qui
1082 3028 1250 3073 utrisque
1283 3029 1479 3064 vehuntur.
1513 3029 1526 3073 ΙΙ
1561 3029 1736 3064 scholium
1761 3028 1810 3062 ad

100 3085 288 3112 cusstovn
320 3086 481 3110 mmmm·
513 3087 672 3110 mumius
705 3075 932 3120 adscriptum
962 3076 1093 3111 habent
1122 3075 1269 3110 GGMl
1293 3076 1335 3111 in
1359 3087 1489 3121 onarq„
1517 3076 1707 3111 ediderunt
1733 3074 1810 3108 Ste-

98 3122 246 3165 phamas
270 3123 303 3156 et
327 3121 540 3166 Fabricius,
565 3133 632 3158 om.
658 3122 816 3158 RASL
823 3123 869 3157 H
895 3124 907 3168 ΙΙ
944 3122 1102 3158 nauibus
1135 3123 1211 3157 suis
1243 3124 1309 3158 aut
1340 3135 1429 3158 suae
1462 3123 1550 3158 naui
1578 3122 1619 3156 C:
1652 3120 1810 3156 nauibus

102 3179 178 3251 smts
206 3167 284 3203 siue
309 3169 397 3204 naui
424 3169 458 3205 G
494 3170 654 3206 nauibus
685 3170 763 3205 siue
795 3169 885 3205 naui
911 3171 961 3205 M
996 3171 1153 3205 nauibus
1185 3182 1249 3205 seu
1281 3171 1371 3206 naui
1396 3172 1418 3205 I.
1469 3171 1622 3214 fortasse
1651 3167 1810 3203 navibus

100 3226 147 3250 au
191 3223 280 3250 suae
305 3216 392 3252 navi

173 3280 270 3306 Servii
288 3287 394 3307 comm.
412 3281 481 3307 Vol.
497 3283 541 3308 -ῙΙ,
564 3284 650 3309 Fase.
670 3284 694 3308 Ι.
1504 3279 1521 3309 1
