2124 3600
536 254 686 292 COMM.
712 255 764 291 IN
791 254 933 292 VERG.
959 253 1070 291 AEN.
1098 254 1149 290 VI
1176 257 1373 290 104—107.
1751 253 1808 295 23

100 366 224 409 cedit.
286 364 535 421 ‘opinatus'
581 365 695 407 enim
735 364 855 408 venit
891 364 945 406 ab
985 378 1034 406 eo
1073 362 1187 418 quod
1225 365 1292 405 est
1330 363 1543 418 ‘opinor'3
1589 362 1663 405 scd
1707 362 1810 418 quia

101 436 331 493 ‘inopinor’
362 451 451 479 non
482 436 675 492 dicimus,
705 435 801 479 ideo
833 450 912 479 nec
944 433 1226 490 ‘inopinatus'
1258 433 1377 489 facit,
1409 434 1520 476 sicut
1546 436 1589 476 et
1615 433 1808 477 ‘nocens'

98 509 375 566 participium
395 509 470 563 est,
497 508 598 563 quia
622 508 863 551 invenimus
888 505 1052 550 ‘noceo'
1073 505 1248 557 verbum,
1274 504 1510 547 ‘innocens’
1529 519 1620 548 vero
1639 520 1809 560 nomen,

101 582 202 637 quia
235 578 459 622 ‘innoceo’
490 593 581 622 non
613 579 806 622 dicimus.
862 578 1030 621 nullum
1063 579 1129 619 est
1161 577 1275 619 enim
1306 577 1606 633 participium,
1639 577 1752 632 quod
1785 593 1810 620 a

99 653 230 695 verbo
262 667 351 694 non
381 651 599 706 trahatur,
630 651 731 693 licet
757 666 782 692 a
809 650 876 693 sui
901 650 1020 693 verbi
1054 649 1194 692 forma
1219 663 1309 691 non
1333 648 1492 704 veniat,
1523 650 1573 690 ut
1598 647 1808 703 ‘placita’:
1859 655 1880 687 5

98 725 201 767 licet
226 722 430 780 ‘plaeeor’
456 737 544 765 non
576 722 781 777 dicamus,
811 724 960 764 tamen
991 722 1141 777 placeo
1173 720 1433 775 invenimus3
1464 720 1569 763 item
1596 719 1808 776 ‘regnata'

100 793 412 851 ‘triumphata'.
452 794 564 837 unde
596 792 826 850 ‘galeatus’
860 795 903 835 et
935 791 1186 835 ‘tunicatus'
1216 796 1254 835 et
1284 791 1473 847 ‘toyatus’
1505 792 1682 834 nomina
1713 807 1810 835 con·
1860 837 1862 840 ,

98 867 356 922 probantur:
388 866 557 908 nullum
589 866 706 908 enim
739 866 919 908 verbum
950 865 1108 906 horum
1141 864 1320 920 originis
1352 863 1578 919 reperitur.

221 938 317 981 105.
367 949 514 981 OMNIA
545 948 743 980 PERGEPI
774 949 929 988 A'rQVE
960 948 1106 979 ANIMO
1138 947 1301 978 MECVM
1333 947 1456 978 ANTE
1490 947 1663 978 PEREGI
1699 935 1808 991 ‘per-

98 1009 212 1065 cepi'
241 1011 357 1052 'ante
395 1009 580 1065 cognovi
617 1009 671 1051 ab
704 1007 869 1051 Heleno
901 1008 970 1050 vel
1001 1023 1027 1049 a
1057 1009 1198 1063 patre,
1236 1007 1308 1062 qui
1341 1007 1402 1049 ait
1434 1006 1504 1061 <V
1537 1007 1651 1061 730>
1685 1021 1807 1063 gens
1837 1017 1879 1049 10

98 1080 224 1123 dura
267 1083 420 1136 atque
465 1095 648 1136 aspera
691 1080 835 1122 cultu
873 1078 1182 1121 debellanda
1218 1078 1320 1120 tibi
1358 1077 1508 1121 Latio
1553 1080 1642 1120 est.
1704 1078 1809 1121 dicit

101 1154 244 1194 autem
289 1167 333 1194 se
377 1152 523 1194 futura
565 1152 726 1207 partim
768 1151 957 1203 audisse,
1000 1150 1160 1206 partim
1203 1151 1346 1192 mente
1390 1150 1672 1205 praecepisse,
1735 1150 1809 1192 sed

100 1223 304 1266 occurrit:
342 1224 377 1265 si
415 1223 539 1266 novit
576 1223 740 1278 omnia,
779 1222 880 1278 quid
919 1221 1108 1265 consulit
1138 1221 1327 1264 numen?
1367 1222 1438 1264 sed
1465 1236 1594 1264 nosse
1626 1236 1671 1263 se
1703 1221 1809 1264 dicit

99 1295 245 1337 omnia
276 1296 487 1350 quantum
520 1294 573 1337 ad
605 1295 776 1336 labores
814 1293 1022 1349 pertinet,
1060 1296 1103 1335 et
1141 1292 1330 1336 concidit
1369 1295 1507 1335 totam
1539 1292 1807 1349 petitionem,

96 1368 144 1408 ut
176 1366 228 1407 ad
261 1366 368 1408 illud
400 1365 546 1408 veniat
578 1381 661 1421 quo
694 1365 835 1421 possit
864 1367 1035 1420 patrem
1060 1364 1222 1407 videre:
1255 1379 1357 1406 nam
1387 1364 1502 1419 quod
1527 1364 1630 1406 dicit
1656 1364 1807 1407 ‘unum
1834 1374 1877 1406 15

96 1436 205 1492 oro’,
248 1452 336 1479 non
382 1438 523 1480 solum
564 1437 685 1489 dicit,
732 1437 806 1479 sed
844 1436 1143 1492 praecipuum,
1186 1438 1234 1478 ut
1272 1436 1321 1491 <I
1358 1436 1440 1490 15>
1481 1451 1627 1479 unam
1665 1438 1806 1491 post-

95 1508 274 1551 habita
306 1509 532 1551 coluisse
566 1508 727 1551 Samo.
1575 1499 1579 1501 ,

217 1580 311 1622 106.
363 1591 557 1631 QVANDO
590 1579 813 1635 siquidem.
865 1581 908 1620 et
939 1581 1006 1621 est
1037 1578 1294 1621 coniunctio.

217 1650 311 1692 107.
362 1662 420 1691 ET
454 1662 730 1693 TENEBROSA
762 1661 909 1693 PALVS
947 1661 1229 1693 ACHERONTE
1266 1661 1447 1693 RErvso
1486 1650 1689 1706 paludem
1726 1666 1804 1707 pro

94 1722 193 1764 lacu
223 1722 388 1776 posuit:
420 1736 521 1764 nam
542 1721 759 1765 Avernum
786 1721 1022 1778 significat,
1055 1736 1180 1777 quem
1207 1721 1302 1764 vult
1326 1722 1447 1764 nasci
1473 1722 1525 1765 de
1547 1721 1805 1765 Acherontis
1831 1732 1877 1763 20

97 1792 335 1835 aestuariis.
399 1792 567 1849 ‘palus'
608 1796 751 1836 autem
788 1794 896 1836 bene
936 1794 1018 1836 iste
1056 1793 1260 1848 produxit
1292 1792 1416 1848 ‘lus'‚
1455 1793 1556 1849 quia
1588 1793 1804 1850 ‘paludis'

93 1863 218 1918 facit,
255 1864 368 1919 quod
407 1879 537 1919 supra
568 1864 641 1919 <II
672 1865 758 1920 69>
790 1865 962 1920 planius
1000 1865 1202 1907 diximus:
1245 1864 1454 1907 Horatius
1494 1865 1718 1921 corripuit,
1756 1868 1805 1908 ut

95 1935 402 1990 sterilisque
434 1936 518 1978 diu
549 1936 699 1991 palus
732 1938 956 1991 aptaque
988 1936 1155 1979 remis.
1207 1935 1468 1979 ‘tenebrosa'
1496 1940 1640 1979 autem
1665 1937 1805 1993 nigra,

94 2021 171 2062 per
215 2006 328 2062 quod
373 2007 505 2049 altam
553 2007 786 2063 significat,
830 2009 878 2049 ut
916 2007 986 2061 <V
1017 2007 1133 2062 516>
1177 2007 1327 2063 nigra
1370 2008 1493 2064 figit
1537 2009 1629 2051 sub
1672 2009 1803 2051 nube

95 2077 398 2132 columbam,
441 2077 484 2119 id
526 2080 592 2120 est
632 2078 732 2120 alta.
853 2089 1138 2120 ACHERONTE
1175 2090 1356 2121 Rnrvso
1401 2077 1603 2121 Acheron
1647 2080 1803 2123 fluvius
1829 2089 1875 2120 25

188 2210 232 2242 22
258 2206 453 2254 Horatius]
481 2218 513 2242 a.
540 2219 575 2253 p.
601 2207 741 2252 651125
768 2207 940 2243 Acheron
964 2206 1100 2242 fiuvius
1126 2218 1156 2244 e.
1179 2219 1214 2252 q.
1235 2208 1279 2254 s.]
1307 2219 1422 2244 exscr.
1450 2208 1634 2254 mythogr.
1655 2209 1708 2244 III
1728 2214 1760 2255 6,
1781 2214 1802 2245 2

193 2329 211 2359 1
238 2325 340 2361 venit
365 2336 431 2361 om.
461 2325 558 2371 0113
585 2337 719 2362 nomen
745 2326 833 2372 quia
857 2326 1012 2362 innoceo
1038 2337 1104 2362 om.
1131 2326 1230 2372 0114
1255 2326 1404 2363 innocio
1431 2326 1471 2361 F
1486 2329 1499 2372 ΙΙ
1518 2327 1693 2375 dicimus]
1719 2340 1802 2374 par-

91 2371 265 2417 ticipium
290 2384 371 2408 esse
397 2373 482 2409 add.
510 2372 595 2418 FC',
621 2375 707 2410 inde
732 2374 972 2419 participium
999 2385 1079 2409 esse
1106 2385 1181 2409 non
1205 2374 1332 2419 potest
1355 2375 1494 2410 Daniel
1519 2376 1532 2420 ΙΙ
1559 2376 1676 2422 quod]
1703 2376 1803 2420 quod.

92 2420 132 2455 et
157 2419 197 2454 F
217 2421 230 2465 ΙΙ
260 2431 284 2455 a
307 2419 440 2467 verbo]
466 2419 608 2457 alierbo
635 2421 676 2456 F
700 2423 712 2467 11
744 2425 764 2457 5
790 2420 954 2457 trahitur
981 2421 1021 2456 F
1041 2423 1054 2466 ΙΙ
1080 2421 1186 2457 uerbi
1211 2421 1268 2456 sui
1292 2421 1365 2457 AS
1388 2423 1401 2466 ΙΙ
1426 2421 1546 2458 forma
1570 2434 1637 2458 om.
1663 2423 1700 2458 R
1725 2424 1736 2469 ΙΙ
1761 2425 1804 2459 ut

93 2477 159 2503 om.
189 2467 247 2513 ΟΙΙ
272 2471 292 2502 6
317 2468 442 2503 tamen
467 2468 615 2514 placeo]
642 2480 728 2504 nam
754 2469 880 2514 placet
904 2468 982 2504 FO
996 2470 1009 2514 ΙΙ
1035 2467 1260 2515 inuenimus]
1289 2467 1386 2504 sicut
1411 2471 1450 2504 et
1474 2481 1630 2515 pransus
1656 2472 1694 2505 et
1718 2482 1802 2506 coe-

93 2514 204 2549 natus
230 2515 268 2549 et
292 2513 477 2550 titubatus
503 2516 587 2551 add.
604 2515 806 2552 Fabricius
823 2518 836 2562 ΙΙ
856 2520 874 2551 7
903 2518 941 2551 et
966 2520 1051 2551 ante
1069 2516 1259 2552 tunicatus
1279 2527 1344 2552 om.
1364 2516 1395 2552 O
1409 2518 1421 2562 ΙΙ
1440 2518 1479 2552 et
1503 2518 1653 2562 togatus
1678 2518 1759 2554 hab.
1775 2519 1806 2554 G

92 2560 455 2644 &conprobabuntur
473 2562 535 2597 As
573 2564 823 2608 conprobatur
842 2564 871 2599 S
908 2563 1187 2608 conprobantur
1206 2564 1256 2598 M
1270 2565 1282 2608 ΙΙ
1301 2568 1322 2599 8
1346 2564 1529 2610 horiginis
1549 2565 1589 2599 F
1618 2564 1803 2610 originem

16 2621 19 2623 ·
166 2607 302 2654 inigini
327 2609 370 2644 Η
392 2611 403 2655 ΙΙ
428 2610 638 2655 repperitur
663 2611 781 2647 FCR
817 2611 1027 2656 repepritur
1052 2611 1097 2645 H
1115 2612 1128 2655 ΙΙ
1160 2615 1180 2646 9
1207 2624 1350 2646 rancum
1376 2611 1493 2647 ARS
1502 2613 1551 2646 M
1586 2625 1732 2647 raucum
1756 2624 1801 2649 ex

93 2668 261 2690 runcum
290 2656 332 2691 G:
359 2668 527 2692 rRAncnm
552 2657 593 2692 F
632 2671 769 2693 rancun
795 2659 841 2693 H
866 2661 878 2703 ΙΙ
909 2669 1020 2693 Annio
1047 2686 1054 2693 .
1077 2686 1084 2693 .
1106 2686 1113 2693 .
1140 2659 1284 2703 PEREGI]
1310 2671 1343 2694 a.
1369 2671 1419 2695 m.
1445 2670 1477 2694 a.
1504 2671 1539 2705 p.
1568 2671 1599 2695 e.
1627 2659 1659 2695 Ο
1693 2671 1725 2697 a.
1751 2673 1799 2696 m.

93 2714 125 2738 a.
151 2715 187 2748 p.
214 2703 313 2737 HM
331 2704 344 2748 ΙΙ
368 2703 519 2749 percepi
543 2705 659 2741 ARS
668 2706 717 2741 M
752 2705 902 2751 percepi
927 2717 970 2740 ea:
995 2705 1169 2751 praecepi
1197 2705 1240 2740 0:
1266 2706 1443 2751 praecepi
1468 2706 1554 2741 FH
1577 2708 1590 2753 ΙΙ
1617 2711 1658 2742 11
1687 2709 1799 2752 atque

92 2761 223 2796 aspera
249 2751 351 2786 cultu
375 2762 442 2787 om.
464 2751 494 2786 G
509 2752 522 2797 ΙΙ
540 2751 645 2788 Latio
666 2753 739 2799 est]
766 2753 789 2787 l.
812 2764 842 2789 e.
866 2752 897 2788 Ο
911 2754 923 2799 ΙΙ
945 2756 987 2787 12
1013 2752 1112 2798 parti
1137 2752 1287 2789 audisse
1306 2754 1352 2788 H
1365 2754 1378 2799 ΙΙ
1396 2752 1632 2799 praecepisse
1652 2754 1798 2790 AFH:

91 2797 301 2843 percepisse
326 2809 370 2834 ex
395 2797 629 2845 praecepisse
657 2800 688 2836 Ο
721 2800 933 2846 percepisse
957 2800 1031 2835 RS
1041 2801 1090 2835 M
1095 2812 1118 2836 a
1148 2801 1160 2846 Η
1194 2804 1236 2835 13
1263 2801 1383 2847 novit]
1410 2802 1508 2836 nosti
1535 2800 1567 2836 0
1593 2802 1606 2847 11
1637 2801 1700 2847 qui
1726 2802 1763 2836 R

92 2844 254 2880 consulis
281 2845 339 2891 011
365 2846 430 2881 sed
454 2846 534 2883 hab.
563 2847 594 2882 0
614 2848 627 2892 ΙΙ
661 2851 704 2883 14
730 2846 894 2883 concidit
919 2847 1049 2883 AFS:
1078 2847 1249 2883 concedit
1273 2847 1399 2883 ROH
1404 2849 1453 2883 M
1474 2849 1487 2894 ΙΙ
1520 2852 1562 2884 15
1588 2850 1695 2894 patre
1720 2849 1767 2884 H
1786 2802 1800 2896 Η

94 2894 137 2927 16
165 2892 303 2939 solum]
330 2893 430 2929 solus
450 2893 496 2928 H
528 2894 649 2930 solum
674 2894 715 2930 id
736 2895 786 2930 M
802 2896 813 2941 ΙΙ
832 2893 1065 2941 praecipium
1084 2895 1129 2930 H
1142 2896 1155 2940 ΙΙ
1174 2906 1288 2930 unum
1307 2896 1525 2941 posthabita
1544 2896 1573 2931 S
1590 2897 1602 2941 ΙΙ
1623 2900 1666 2932 19
1690 2898 1797 2932 schol.

92 2940 142 2974 ad
166 2953 209 2974 m·
232 2953 261 2973 r.
282 2954 312 2975 r.
333 2952 366 2975 A.
386 2953 419 2976 n.
445 2951 512 2976 om.
533 2941 567 2976 G
585 2942 598 2986 ΙΙ
616 2954 659 2977 m·
684 2953 751 2978 om.
773 2943 818 2977 H
849 2954 895 2977 Ar
918 2943 967 2977 M
983 2943 994 2988 ΙΙ
1014 2954 1215 2978 rnunnuoso
1243 2942 1274 2978 0
1290 2944 1302 2989 ΙΙ
1321 2947 1367 2979 20
1393 2943 1439 2978 de
1466 2943 1662 2979 aestuariis
1688 2944 1796 2979 ache-

94 2987 210 3021 rontis
238 2987 279 3021 F
317 2988 389 3023 dea
413 2988 586 3024 estuariis
610 2989 821 3025 acherontis
849 2990 879 3025 Ο
907 2991 919 3036 [Ι
955 2993 999 3025 21
1027 2989 1084 3024 lus
1109 3001 1176 3025 om.
1206 2988 1238 3025 0
1262 2991 1275 3036 ΙΙ
1311 2989 1474 3037 paludis]
1506 2991 1617 3036 palus
1648 2990 1797 3036 paludis

92 3034 199 3083 vulgo
217 3035 229 3079 ΙΙ
248 3038 292 3069 22
313 3034 462 3080 planius
481 3035 562 3071 AR
570 3036 682 3072 HM:
702 3037 837 3082 planus
858 3036 898 3072 F
919 3036 1067 3082 plenius
1087 3036 1118 3072 Ο
1138 3037 1287 3082 paludis
1308 3037 1336 3072 S
1361 3038 1392 3083 (l
1411 3038 1557 3083 planius
1576 3039 1618 3073 in
1636 3048 1748 3082 mary.
1764 3039 1794 3080 s)

93 3080 104 3124 Ιι
130 3080 186 3126 ut]
215 3083 251 3117 et
275 3081 343 3127 ΑΙΙ
370 3087 415 3118 23
442 3082 662 3128 sterelisque
689 3084 767 3119 ΟΗ
774 3085 823 3119 Μ
839 3086 851 3129 ΙΙ
869 3084 1064 3120 tenebroso
1092 3083 1150 3128 011
1169 3083 1276 3129 nigro
1301 3084 1378 3119 FC
1393 3086 1406 3130 ΙΙ
1434 3089 1480 3120 24
1505 3086 1604 3129 quod
1629 3097 1694 3120 om.
1723 3084 1763 3118 F
1784 3084 1796 3130 Η

92 3126 210 3162 altum
236 3128 313 3164 FO
333 3130 345 3173 ΙΙ
375 3129 458 3174 figit
482 3141 526 3165 ex
551 3130 650 3176 fugit
673 3131 711 3166 A
734 3133 746 3177 ΙΙ
777 3135 822 3167 25
849 3132 1023 3167 columba
1048 3131 1077 3166 S
1100 3133 1112 3176 ΙΙ
1143 3131 1261 3166 altam
1285 3131 1326 3166 F
1347 3134 1360 3178 ΙΙ
1391 3133 1440 3168 ad
1464 3132 1588 3168 refuso
1615 3132 1656 3166 in
1680 3142 1793 3177 marq.

95 3174 287 3211 refundere
319 3177 377 3211 est
407 3176 555 3222 proprie
587 3179 716 3214 contra
747 3179 955 3214 naturalem
989 3190 1138 3214 cursum
1168 3178 1321 3214 fundere
1346 3180 1564 3224 retrogrado
1592 3189 1698 3212 cursu
1727 3178 1760 3212 T
1783 3177 1794 3224 Η

99 3220 258 3257 acheron
284 3223 380 3258 Ma:
406 3223 565 3259 acheron
591 3226 716 3260 autem
743 3225 821 3261 FG
858 3226 1038 3261 acheruns
1064 3225 1101 3260 R
1138 3225 1318 3261 acherons
1344 3226 1465 3261 ASH
1498 3226 1651 3261 acheros
1678 3224 1709 3260 G
