2092 3614
519 239 670 277 COMM.
697 239 750 276 IN
775 240 918 276 VERG.
946 240 1056 275 AEN.
1084 240 1135 275 IX
1163 244 1359 276 132—155.
1707 242 1792 286 323

87 353 153 394 est
189 350 304 406 <VII
335 351 448 406 363>
487 353 539 392 at
580 365 680 393 non
724 350 797 392 sic
832 349 1096 406 Phrygius
1134 352 1375 405 penetrat
1412 350 1794 395 Lacedaemona

85 424 274 477 pastor.
324 425 362 464 et
390 426 448 465 est
476 422 704 476 exemplum
734 436 762 464 a
786 422 942 464 maiore
972 422 1029 463 ad
1057 421 1214 476 mium,
1244 420 1316 463 hoe
1347 425 1424 464 est:
1455 426 1516 477 at,
1548 424 1679 479 credo,
1710 438 1794 466 riori

84 494 274 536 viderunt
296 493 482 548 Neptuni
506 507 636 536 manu
658 493 866 546 fabricata
891 493 1052 535 moenia
1076 492 1367 546 conflagrasse,
1398 496 1446 534 ‘eit
1468 494 1664 546 fiduciam
1689 496 1796 538 vitae

85 565 132 607 in
163 565 308 619 eoeiyuo
338 562 485 622 (vallo)
517 568 555 607 et
576 578 714 619 parva
742 564 856 617 fossa
886 563 1072 606 habeant.

208 637 305 679 144.
353 653 468 679 ιΕσΤῙ
491 653 615 679 meno
645 639 786 678 utrum
818 634 896 677 ‘ad
922 635 1082 688 ferrum
1115 634 1237 690 Zeeti',
1275 649 1332 676 om
1361 636 1504 689 potius
1535 636 1642 679 ‘acie
1674 637 1795 692 lecti',
1821 642 1842 674 ὃ

85 710 133 748 ut
161 707 199 749 si
228 707 398 749 dixisset
428 706 594 750 ‘virtute
625 705 747 749 lecti'.
869 718 1062 749 VALLVM
1099 706 1287 749 historice
1318 707 1472 749 locutus
1503 711 1569 750 est.
1632 709 1793 751 vallum

86 781 221 820 autem
261 777 414 821 dicitur
451 779 547 834 ipsa
584 778 788 834 munitio3
828 793 930 820 nam
967 778 1072 820 valli
1108 777 1245 820 fustes
1285 780 1402 834 sunt,
1440 779 1596 834 quibus
1634 781 1794 823 vallum

87 849 294 892 munitur:
335 849 427 905 ipse
465 849 516 892 de
555 850 859 892 sustentaculis
892 849 1046 892 vitium
1083 850 1280 906 primus
1319 850 1488 893 vallos
1527 852 1618 894 sub
1658 854 1797 895 tecta

86 921 295 964 referto.

210 991 304 1034 145.
357 1009 614 1036 TREPIDANTIA
644 1010 787 1036 021er
818 996 866 1035 ut
896 993 1012 1048 <13>
1045 993 1247 1035 turbata
1276 994 1446 1049 arripe
1476 998 1655 1037 castra.
1828 1002 1872 1032 10

209 1064 304 1107 146.
355 1075 452 1107 NON
491 1075 631 1107 ARMIS
668 1076 776 1106 MIHI
815 1076 1022 1107 vvncANI
1063 1065 1171 1107 bene
1214 1079 1334 1107 arma
1374 1066 1636 1121 generaliter
1674 1065 1800 1108 dixit:

86 1149 186 1177 nam
225 1138 263 1176 et
298 1134 390 1190 ipse
428 1135 582 1178 habuit
622 1151 647 1178 a
683 1135 900 1192 Vulcano,
945 1136 1018 1178 sed
1057 1136 1195 1179 solum
1234 1136 1446 1192 gladium,
1489 1140 1538 1179 ut
1569 1137 1684 1191 <XII
1716 1138 1800 1192 90>

88 1221 276 1262 ensem,
304 1221 447 1262 quem
473 1206 652 1250 Dauno
679 1207 980 1263 ignipotens
1007 1207 1266 1263 deusipse
1292 1209 1500 1263 parenti
1527 1200 1725 1251 fecerat
1751 1212 1801 1251 et

88 1276 270 1334 Stygia
302 1278 604 1321 candentem
635 1278 865 1321 tinxerat
890 1279 1035 1321 unda.
1083 1294 1161 1335 per
1184 1279 1267 1321 hoc
1295 1282 1440 1322 autem
1467 1280 1591 1335 quasi
1616 1280 1802 1323 latenter

88 1349 192 1391 dicit
222 1363 267 1391 se
299 1347 469 1391 Achille
504 1364 596 1392 esse
629 1349 868 1406 meliorem,
907 1351 981 1406 qui
1015 1365 1060 1393 se
1092 1349 1303 1393 Troianos
1342 1351 1473 1394 etiam
1513 1352 1603 1394 sine
1643 1352 1799 1395 divinis
1828 1360 1871 1390 15

88 1420 219 1463 armis
253 1434 453 1476 superare
485 1435 613 1476 posse
646 1421 835 1464 confidit.
867 1474 874 1479 ,
1035 1474 1038 1481 .

208 1493 303 1535 147.
354 1504 546 1535 ADDANT
579 1504 631 1536 SE
662 1504 897 1536 PROTINVS
930 1505 1084 1537 OMNES
1123 1509 1175 1535 ne
1207 1494 1360 1536 timere
1392 1494 1589 1537 videatur
1620 1495 1799 1538 auxilio-

87 1579 184 1607 rum
209 1564 550 1620 multitudinem,
582 1564 686 1607 dicit
712 1558 977 1608 incrementa
1003 1580 1095 1608 esse
1120 1565 1337 1608 victoriae.
1386 1567 1556 1620 quidam
1582 1565 1798 1621 ‘protinus'

87 1635 152 1678 hic
174 1649 255 1690 pro
288 1634 419 1678 ‘licet'
451 1637 668 1691 accipiunt.

211 1707 306 1749 151.
357 1719 477 1750 LVOE
503 1719 663 1750 PALAM
695 1710 872 1764 propter
903 1709 1108 1751 tenebras
1138 1710 1181 1751 et
1206 1709 1324 1752 furta
1354 1709 1524 1753 inertia.
1574 1711 1634 1753 vel
1659 1709 1800 1767 (Μεθ’,
1826 1719 1871 1750 20

87 1780 196 1833 quod
224 1778 358 1821 Ilium
388 1781 500 1821 noete
529 1782 695 1833 captum
725 1783 803 1822 est:
837 1779 1022 1837 ρραῑαφηζ
1053 1781 1153 1835 quia
1183 1781 1361 1825 insidiis:

211 1850 307 1892 153.
358 1862 475 1901 Qvos
514 1862 733 1893 ms'rvm'r
771 1862 961 1895 HECTOR
1002 1852 1111 1894 bene
1154 1853 1288 1895 solius
1326 1852 1528 1896 Hectoris
1573 1853 1689 1896 facta
1733 1857 1800 1896 est

89 1922 462 1978 commemoratio,
499 1924 549 1964 ut
580 1922 835 1965 ostendatur
873 1923 1036 1978 perisse
1068 1938 1177 1979 eum,
1217 1924 1291 1979 qui
1321 1925 1466 1980 potuit
1498 1939 1591 1967 esse
1622 1926 1799 1969 terrori:

89 2008 165 2049 per
197 1993 310 2049 quod
341 1994 435 2036 vult
461 1993 639 2036 Aenean
662 1993 771 2036 nihil
797 1994 970 2037 fortiter
1000 1995 1045 2037 in
1076 1995 1190 2038 bello
1216 1995 1368 2038 fecisse
1395 1996 1597 2040 Troiano.
1638 2001 1676 2040 et
1698 1998 1801 2040 satis

88 2065 259 2108 Hectori
288 2066 414 2120 (ledit,
446 2066 567 2119 quasi
590 2066 690 2120 plus
720 2069 820 2109 esset
849 2066 1032 2119 differre,
1063 2080 1189 2121 quam
1218 2068 1384 2110 vincere.
1826 2076 1870 2107 25

210 2135 307 2179 154.
358 2148 534 2182 nemon
566 2148 780 2187 QVONIAM
805 2149 918 2180 PARS
944 2150 1066 2181 ACTA
1098 2151 1198 2181 mm
1230 2138 1274 2180 id
1306 2141 1372 2181 est
1403 2139 1542 2182 maior
1573 2142 1616 2182 et
1647 2140 1821 2196 primas

89 2222 146 2251 aaz
177 2208 374 2262 quoniam
405 2208 487 2250 diei
517 2207 589 2250 hoc
620 2209 838 2265 optimum,
867 2210 976 2264 quod
1003 2210 1286 2253 malcolmum?

212 2278 308 2322 155.
357 2291 481 2321 BENE
508 2290 666 2322 GESTIS
700 2291 916 2323 CORPORA
947 2293 1093 2325 REBvs
1125 2281 1170 2323 in
1203 2296 1252 2324 eo
1285 2284 1473 2336 tantum,
1505 2284 1619 2339 quod
1650 2283 1797 2327 hostes

185 2474 205 2504 6
232 2467 375 2504 vallum
400 2497 408 2505 .
431 2496 438 2504 .
460 2497 467 2505 .
494 2469 675 2515 munitur]
708 2469 753 2506 cf.
779 2470 864 2506 Isid.
891 2482 942 2506 or.
970 2469 1038 2507 XV
1063 2475 1096 2515 9,
1123 2475 1144 2506 2
1181 2473 1194 2517 ΙΙ
1231 2475 1252 2507 8
1278 2472 1437 2520 primus]
1472 2483 1598 2519 georg.
1626 2473 1661 2508 II
1688 2477 1756 2510 409
1787 2474 1809 2521 ΙΙχ

90 2521 134 2552 27
161 2527 209 2551 an
233 2516 410 2562 quoniam
437 2544 445 2552 .
467 2545 474 2552 .
496 2544 503 2551 .
530 2517 773 2564 matutinum]
802 2518 847 2553 cf.
874 2517 969 2554 Non.
995 2530 1031 2564 p.
1059 2523 1092 2563 2,
1121 2522 1164 2554 14
1190 2518 1238 2554 Μ.
1815 2522 1820 2527 “

185 2699 205 2730 2
237 2706 338 2740 supr.
365 2706 396 2730 v.
426 2699 492 2730 142
524 2697 784 2740 argumentum
816 2708 839 2732 a
863 2696 1003 2732 maiore
1036 2696 1083 2732 ad
1115 2697 1236 2733 minus
1268 2698 1347 2734 siue
1373 2711 1396 2735 a
1421 2698 1544 2744 specie
1578 2700 1665 2744 quia
1699 2700 1798 2745 quod

91 2743 206 2778 semel
231 2743 433 2788 potuerunt
458 2742 532 2788 ipsi
557 2743 660 2788 greci
684 2743 807 2779 facere
832 2746 990 2789 possunt
1014 2745 1054 2779 et
1079 2744 1145 2780 alii
1172 2745 1205 2780 Τ
1220 2747 1232 2791 11
1261 2750 1282 2781 3
1307 2746 1460 2782 nectuni
1485 2747 1518 2782 G
1537 2749 1550 2792 ΙΙ
1576 2747 1796 2792 conflagras-

89 2792 147 2826 set
171 2790 221 2835 F,
247 2801 338 2826 corr.
366 2790 504 2825 Daniel
523 2792 535 2836 ΙΙ
553 2795 575 2825 4
600 2790 701 2826 vallo
727 2791 811 2827 add.
841 2792 1059 2828 Masvicius.
1096 2791 1137 2828 in
1163 2793 1297 2839 exigua
1322 2796 1360 2829 et
1384 2806 1502 2839 parva
1526 2795 1551 2829 f.
1578 2795 1613 2830 h.
1642 2795 1797 2831 Comme-

90 2838 190 2874 li‘nus
207 2839 220 2883 ΙΙ
245 2841 266 2874 5
293 2837 373 2874 acie
399 2837 488 2873 lecti
514 2838 669 2873 Daniel:
696 2849 740 2873 ac
764 2838 888 2874 relicti
913 2838 953 2873 F
974 2840 1099 2875 malim
1126 2840 1165 2876 ‘a
1189 2852 1248 2876 me
1274 2841 1380 2878 lecti'
1402 2844 1414 2888 ΙΙ
1443 2846 1462 2877 7
1490 2844 1616 2878 autem
1642 2843 1795 2879 Daniel:

90 2886 155 2920 aut
181 2885 249 2932 Fss
269 2889 313 2921 10
339 2886 502 2931 arripere
528 2885 569 2920 F
583 2887 596 2931 ΙΙ
617 2889 661 2920 14
685 2885 777 2921 haec
804 2885 845 2920 F
859 2887 872 2932 ΙΙ
892 2890 933 2921 17
961 2887 1011 2922 ad
1035 2898 1176 2924 Amisum
1201 2901 1229 2924 s.
1257 2902 1286 2925 ι».
1314 2903 1345 2925 0.
1371 2900 1471 2934 supr.
1498 2901 1586 2925 vers.
1614 2901 1680 2935 pro
1706 2902 1796 2935 qua—

89 2932 197 2968 litate
231 2933 412 2968 materiae
443 2932 619 2978 deprimit
652 2933 787 2968 omnia.
838 2937 876 2968 et
907 2932 945 2968 in
970 2933 1041 2970 hoc
1072 2934 1154 2971 loco
1186 2936 1356 2981 protinus
1388 2937 1540 2982 quidam
1572 2936 1799 2983 intellegunt

89 2991 156 3025 pro
183 2980 272 3015 licet
293 2980 327 3015 Τ
350 2983 430 3026 (pro
451 3008 459 3016 .
476 3008 483 3016 .
501 3007 508 3016 .
530 2980 656 3016 omnia
677 2980 817 3016 Tiberii
836 2981 980 3017 Donati
998 2985 1097 3028 sunt)
1117 2984 1128 3030 ΙΙ
1148 2987 1193 3018 20
1218 2983 1370 3030 inertia]
1398 2983 1488 3029 quia
1514 2987 1625 3020 noctu
1646 2987 1797 3030 captum

91 3028 148 3062 est
177 3027 283 3063 ilium
313 3038 414 3073 supr.
440 3038 528 3063 vers.
554 3028 640 3064 add.
668 3028 680 3063 l
710 3029 722 3073 ΙΙ
759 3028 808 3063 ad
832 3040 922 3064 chn
947 3042 978 3063 Ρ.
1003 3040 1104 3075 supr.
1131 3041 1219 3066 vers.
1247 3031 1336 3075 quia
1367 3032 1475 3067 nocte
1507 3031 1615 3067 ilium
1647 3034 1795 3077 captum

91 3075 148 3108 est
172 3076 371 3119 propterea
395 3075 488 3111 dicit
512 3075 595 3111 luce
621 3077 659 3110 et
683 3075 809 3121 palam
835 3076 922 3120 quia
946 3088 1013 3123 per
1036 3077 1191 3113 insidias
1219 3080 1370 3123 captum
1396 3081 1453 3114 est
1480 3079 1514 3114 Τ
1540 3081 1551 3126 ΙΙ
1583 3084 1628 3115 23
1656 3079 1796 3124 perisse

91 3120 277 3157 RLHF:
307 3122 388 3168 ipse
420 3122 566 3158 ASMz
602 3124 614 3168 ΙΙ
651 3127 697 3158 24
729 3124 767 3158 et
798 3123 888 3158 satis
1009 3124 1157 3161 vincere
1184 3129 1268 3170 post
1299 3125 1460 3161 Troiano
1493 3128 1683 3169 collocavi,
1712 3129 1797 3170 post
1827 3134 1832 3140 ·

90 3168 224 3249 terrori
242 3169 347 3205 habet
365 3170 406 3205 F
421 3170 434 3216 ss
462 3174 506 3206 27
527 3170 604 3205 diei
622 3170 670 3206 F.
685 3170 901 3206 Schoellius:
928 3171 1002 3206 dici
1020 3172 1061 3207 F
1095 3171 1187 3207 dicit
1205 3172 1345 3209 Daniel
1382 3185 1430 3209 an
1457 3174 1631 3219 quoniam
1660 3172 1797 3208 dicitur

103 3226 160 3249 100
186 3226 213 3250 e.
239 3226 271 3260 q.
296 3227 323 3252 8.
349 3227 412 3262 eqo

163 3281 263 3307 Servii
283 3288 390 3308 comm.
410 3282 481 3308 Vol.
500 3283 543 3309 ΙΙ.
564 3283 655 3310 Fuso.
672 3284 715 3309 11.
1466 3283 1510 3314 22
