2092 3614
532 273 682 310 GOMM.
709 274 762 310 IN
787 273 931 310 VERG.
959 274 1071 310 AEN.
1098 274 1150 309 IX
1175 278 1377 310 502—528.
1551 318 1556 323 ,
1726 274 1812 316 355

223 383 321 426 513.
371 395 462 426 NEC
493 395 578 425 IAM
610 394 884 427 SVFFICIVNT
917 383 989 425 diu
1020 383 1108 425 iam
1140 398 1226 425 non
1258 384 1486 427 sustinent.
1604 401 1816 432 RVVNTQVE

103 455 169 497 hie
200 454 370 498 ‘ruunt'
395 470 476 510 pro
506 457 695 498 deiciunt.

223 526 321 569 515.
372 539 692 578 ARMORVMQVE
731 538 962 570 Rasonvrr
1001 538 1214 569 TEGMINA
1256 527 1326 569 hic
1367 527 1555 569 ostendit
1594 542 1813 570 armorum

106 599 385 641 conexionem
424 614 516 641 esse
555 598 840 641 testudinem:
890 598 1089 641 Lucanus
1130 598 1182 640 de
1222 598 1439 641 testudine
1481 598 1573 653 <III
1604 598 1720 653 484>
1762 601 1814 641 at

105 672 375 725 postquam
406 671 575 713 virtus
607 671 811 713 incerta
842 670 1067 713 virorum
1099 671 1400 725 perpetuam
1432 670 1572 724 rupit
1610 670 1812 713 defesso
1840 678 1860 708 5

107 740 272 782 milite
305 743 495 783 cratem
529 741 739 798 singula
770 742 1032 784 continuis
1065 743 1335 783 cesserunt
1365 738 1560 784 ictibus
1594 756 1742 784 arma.

224 812 321 855 519.
371 823 614 855 ETRVSGAM
638 824 785 855 PINVM
815 812 888 855 hoe
918 815 975 855 est
1005 813 1098 867 ipse
1122 812 1346 855 Etruscus.
1396 811 1648 866 ‘quassabat'
1679 816 1815 855 autem

105 887 142 926 et
173 877 334 937 ‘infert'
367 885 541 927 mutatio
574 888 815 940 temporum,
843 888 897 932 ‚ut
927 884 976 938 <I
1006 884 1124 940 471>
1159 885 1370 940 Tydides
1400 885 1557 927 multa
1587 885 1818 926 vastabat

105 956 246 998 caede
275 959 510 998 eruentus
539 957 863 1011 ardentesque
894 957 1077 999 avertit
1105 970 1248 1011 equos
1278 957 1331 999 iri
1363 959 1541 999 eastra.

225 1027 323 1070 523.
373 1038 461 1070 VOS
489 1039 517 1070 Ο
543 1039 774 1071 CALLIOPE
799 1040 980 1072 PRECOR
1007 1027 1204 1085 syllepsis
1231 1042 1308 1084 per
1334 1042 1555 1085 numeros3
1581 1031 1675 1071 erat
1701 1029 1815 1071 enim
1844 1038 1886 1069 10

105 1101 270 1141 rectum
303 1098 396 1142 ‘vos
428 1114 595 1155 musae,
628 1103 704 1142 aut
734 1103 796 1156 te,
827 1099 1051 1156 Calliope'.
1171 1111 1433 1143 ADSPIRATE
1465 1100 1626 1156 favete,
1665 1103 1713 1144 ut
1745 1101 1815 1156 <11

106 1171 222 1226 385>
255 1171 490 1226 adspirat
520 1172 685 1226 primo
718 1171 947 1214 Fortuna
977 1172 1161 1215 labori.

225 1243 324 1285 526.
374 1254 492 1285 ORAs
531 1254 767 1286 EvonvrrE
805 1255 947 1285 BELLI
985 1244 1057 1286 hoe
1086 1247 1146 1287 est
1174 1244 1351 1299 iuqeutis
1388 1244 1481 1286 belli
1517 1246 1693 1287 narrate
1730 1259 1818 1287 non

106 1316 276 1356 tantum
302 1314 447 1368 initia,
480 1313 555 1355 sed
581 1314 713 1356 etiam
740 1317 934 1357 extrema
965 1315 1197 1358 bellorum:
1229 1330 1330 1358 nam
1363 1330 1465 1358 orae
1491 1318 1593 1357 sunt
1619 1317 1818 1358 extremi-

106 1387 230 1428 tates.
278 1388 338 1428 est
361 1388 498 1427 autem
516 1385 766 1428 Ennianum
791 1386 877 1439 qui
898 1387 1037 1440 potis
1060 1387 1281 1441 iriyentis
1305 1401 1418 1429 oras
1443 1387 1659 1429 evolvere
1691 1387 1817 1431 belli.
1846 1397 1888 1428 15

225 1456 324 1499 527.
374 1468 540 1500 TVRRIS
566 1454 688 1499 ERAT
721 1457 854 1499 turris
886 1456 1014 1499 huius
1040 1457 1158 1500 modi
1187 1472 1279 1501 esse
1311 1458 1365 1500 ad
1397 1459 1682 1501 munitionem
1715 1459 1817 1502 civi-

105 1530 246 1571 tatum
287 1530 331 1570 et
369 1527 415 1570 in
458 1528 643 1571 seeundo
687 1529 891 1584 legimus3
937 1528 1012 1573 sed
1054 1529 1135 1576 hae
1181 1530 1433 1586 plerumque
1478 1530 1662 1573 mobiles
1705 1534 1819 1586 sunt,

106 1600 360 1655 plerumque
398 1599 526 1642 fixae:
565 1601 691 1655 fixae,
729 1602 778 1642 ut
807 1600 853 1642 in
886 1601 1072 1643 secundo
1106 1601 1252 1657 <445>
1285 1602 1446 1644 turris
1479 1617 1535 1644 ae
1566 1604 1704 1644 tecta
1736 1602 1818 1645 do-

106 1686 318 1726 morum,
349 1671 549 1723 mobiles,
580 1674 630 1713 ut
657 1671 703 1713 in
729 1671 982 1714 duodecimo
1009 1672 1153 1728 <675>
1185 1673 1383 1716 meminit
1415 1674 1818 1731 subdideratque

107 1745 249 1786 rotas
281 1745 566 1799 pontesque
596 1743 920 1786 instraverat
951 1744 1102 1787 altos.
1223 1762 1414 1789 eozvrsssrs
1432 1759 1513 1800 pro
1546 1746 1754 1789 tabulatis.
1845 1755 1890 1786 20

227 1815 326 1857 528.
376 1825 631 1857 OPORTVNA
661 1826 783 1858 Loco
807 1829 888 1869 pro
920 1814 1163 1872 ‘opor-tund,
1195 1816 1360 1859 scilieet
1392 1817 1507 1859 eirca
1537 1819 1698 1872 portas.

201 1948 222 1980 2
249 1944 362 1979 ruunt
385 1955 454 1989 pro
480 1943 664 1991 deiciunt]
691 1944 738 1979 cf.
764 1943 859 1979 Don.
885 1944 934 1980 ad
959 1945 1042 1981 Ter.
1068 1945 1137 1981 Ad.
1165 1946 1217 1981 III
1243 1950 1276 1992 2,
1303 1947 1380 1992 2111
1410 1950 1453 1982 15
1480 1945 1706 1994 Ennianum]
1733 1959 1816 1985 ann.

107 2004 140 2029 v.
170 1995 236 2027 178
263 1990 372 2028 Vahl.
400 1991 445 2029 ef.
475 1991 637 2028 Macrob.
665 1991 742 2028 Sat.
769 1991 820 2027 VI
847 1996 879 2036 1,
906 1995 949 2027 18

205 2115 222 2145 1
251 2109 315 2145 diu
341 2121 406 2147 om.
434 2110 469 2145 L
494 2111 594 2156 (add.
621 2112 647 2157 Z)
678 2113 691 2156 ΙΙ
721 2116 741 2147 2
769 2112 819 2148 ad
843 2124 1030 2152 vanrqvss
1055 2123 1083 2148 8.
1109 2124 1140 2148 v.
1169 2111 1335 2148 deiciunt
1363 2113 1397 2148 Τ
1424 2114 1437 2159 ΙΙ
1468 2118 1489 2149 3
1515 2115 1818 2158 περιφραστικῶς

108 2159 167 2194 hic
193 2156 358 2194 ostendit
377 2157 417 2192 D
434 2159 447 2204 ΙΙ
465 2158 526 2194 hie
553 2158 718 2195 ostendit
738 2187 746 2194 .
768 2186 776 2194 .
798 2187 805 2195 .
826 2158 1052 2195 testudinem
1077 2171 1144 2196 om.
1158 2160 1289 2196 RLH
1309 2162 1366 2205 (iri
1383 2172 1498 2207 marg).
1519 2162 1605 2197 add.
1626 2163 1664 2206 l).
1691 2163 1818 2198 dubito

107 2217 195 2242 uum
214 2206 336 2241 Servii
359 2206 435 2242 sirit
459 2207 545 2242 haec
569 2207 677 2243 verba
695 2209 708 2253 ΙΙ
726 2206 815 2242 hine
835 2207 929 2242 ΑΒΖ
947 2208 1000 2254 114
1025 2207 1265 2244 testudinem.
1291 2221 1460 2244 nnsonvrr
1484 2221 1641 2245 mamm
1666 2210 1819 2246 lucanus

108 2254 153 2289 de
178 2252 365 2289 testudine
391 2265 418 2288 e.
438 2265 470 2299 q.
490 2254 677 2302 s.·ASFz
694 2256 706 2300 ΙΙ
725 2265 769 2290 ac
792 2255 835 2290 iu
854 2265 926 2292 ras.
948 2256 961 2290 l
978 2256 991 2301 ΙΙ
1010 2259 1031 2291 5
1053 2256 1206 2291 defenso
1227 2256 1262 2291 L
1280 2258 1292 2302 ΙΙ
1313 2261 1333 2292 6
1359 2256 1478 2292 limite
1499 2256 1536 2292 R
1554 2258 1567 2302 ΙΙ
1586 2259 1732 2302 gratem
1751 2258 1791 2292 F
1809 2258 1817 2302 f}

107 2300 336 2347 continuisse
364 2302 556 2337 cesserunt
579 2302 615 2337 A
654 2302 841 2338 continuis
868 2301 1150 2349 sesssseesserunt
1174 2303 1209 2338 L
1240 2304 1349 2348 (duae
1374 2305 1515 2340 litterae
1539 2305 1702 2341 radendo
1727 2306 1818 2341 dele-

108 2352 167 2384 tae
190 2352 295 2392 suut,
321 2353 397 2385 tum
423 2360 442 2384 e
467 2353 501 2385 et
520 2350 628 2395 prior
654 2363 670 2385 s
695 2351 737 2385 iri
761 2361 836 2386 ras.
862 2350 887 2393 Z)
927 2349 1113 2386 continuis
1146 2353 1357 2386 seesserunt
1383 2352 1427 2386 H
1453 2354 1465 2397 ΙΙ
1497 2357 1515 2387 7
1550 2352 1756 2396 quassabat
1782 2353 1819 2388 et

106 2396 219 2432 infert
245 2425 253 2432 .
275 2425 282 2432 .
307 2424 314 2431 .
341 2398 516 2432 cruentus
541 2397 622 2434 hab.
641 2397 675 2432 T
696 2400 748 2443 [18
774 2396 914 2443 tytides
943 2398 1002 2443 ΤΙΙ
1020 2398 1158 2433 multas
1185 2399 1218 2434 G
1236 2400 1249 2445 ΙΙ
1268 2403 1288 2434 9
1316 2399 1477 2435 auertite
1504 2399 1545 2434 F
1559 2401 1572 2445 ΙΙ
1591 2401 1731 2435 castras
1749 2400 1782 2435 G
1808 2401 1819 2446 Ι]

111 2448 154 2478 10
182 2455 328 2479 cAmorn
347 2443 425 2478 RL
443 2446 455 2489 ΙΙ
475 2443 676 2491 sillempsis
696 2445 733 2480 A
765 2445 948 2491 silempsis
967 2445 996 2481 S
1027 2446 1187 2482 silemsis
1206 2446 1243 2482 R
1274 2447 1476 2492 psillemsis
1495 2447 1530 2481 L
1561 2448 1756 2493 sylempsis
1772 2449 1817 2482 M

108 2490 322 2536 syllempsis
342 2491 383 2525 F
419 2491 596 2537 syllepsis
623 2494 682 2528 est
704 2493 811 2538 vulyo
829 2494 842 2538 ΙΙ
863 2497 904 2528 11
933 2494 998 2529 aut
1023 2505 1044 2529 ο
1070 2493 1215 2540 caliope
1235 2494 1269 2529 L
1307 2496 1346 2530 et
1368 2496 1406 2530 te
1426 2506 1447 2530 0
1468 2494 1612 2540 caliope
1633 2496 1646 2530 l
1664 2497 1676 2542 ΙΙ
1697 2499 1739 2530 12
1766 2496 1831 2546 Ιει-Χ

106 2538 206 2585 bori]
240 2538 393 2574 ductum
425 2540 483 2574 est
513 2540 667 2576 verbum
700 2551 723 2576 a.
754 2551 932 2586 prospere
961 2540 1245 2587 navigantibus,
1283 2541 1418 2587 quibus
1449 2543 1583 2578 ventus
1616 2543 1752 2579 dicitur
1779 2540 1818 2586 ἐξ

108 2584 248 2631 οὐρίων
275 2585 415 2630 spirare
441 2587 526 2622 add.
542 2587 744 2624 Fabricius
761 2589 774 2633 ss
795 2593 837 2624 13
863 2589 1030 2642 narrate]
1056 2589 1186 2624 narrat
1205 2589 1304 2624 enim
1324 2590 1360 2624 R
1396 2592 1572 2626 narrante
1593 2589 1634 2625 F
1648 2591 1660 2635 ΙΙ
1682 2594 1725 2625 14
1751 2590 1819 2626 ini-

107 2633 162 2669 tia
181 2632 310 2668 ΑΒΜ
318 2633 359 2668 F
363 2647 372 2668 ι
399 2633 611 2670 inimititias
631 2635 668 2671 R
705 2635 920 2671 inimitieias
939 2636 974 2670 L
1001 2636 1158 2682 (mitieia
1179 2637 1205 2681 l)
1239 2636 1438 2672 inimicitia
1454 2638 1499 2672 H
1512 2639 1525 2684 ss
1544 2637 1817 2684 extremitates]

108 2694 152 2715 m*
177 2692 381 2716 mnmmsns
407 2693 492 2716 num
516 2694 625 2718 mvn:
650 2697 693 2718 m*
718 2695 909 2718 memorum:
935 2696 1100 2719 Pornsms
1133 2683 1258 2720 differt
1288 2684 1501 2720 meminisse
1529 2696 1573 2721 ao
1599 2696 1818 2728 memorare,

110 2740 194 2763 cum
219 2727 313 2763 illud
340 2727 390 2763 sit
413 2729 629 2765 memoriter
652 2731 797 2775 tenere,
823 2742 1030 2766 memorare
1049 2742 1137 2767 vero
1158 2742 1341 2777 exponere
1362 2733 1400 2767 et
1417 2743 1579 2768 narrare.
1616 2735 1673 2768 est
1691 2734 1818 2768 autem

109 2776 252 2811 homeri
279 2775 480 2820 (sententia
504 2777 590 2813 add.
605 2777 826 2823 Stephanus,
853 2777 1056 2813 sententia:
1084 2778 1139 2814 ait
1159 2779 1256 2815 enim
1276 2780 1361 2815 add.
1377 2779 1590 2816 Fabricius.
1618 2781 1646 2814 Ι
1647 2781 1669 2816 l.
1685 2780 1719 2814 II
1732 2782 1817 2825 484)

110 2821 239 2858 ἕσπετε
268 2823 339 2859 νῦν
365 2835 429 2869 μοι
454 2824 594 2868 μοῦσαι
611 2821 792 2870 Ὀλύμπια
813 2822 957 2871 δώματ’
986 2824 1157 2872 ἔχουσαι,
1183 2823 1292 2872 ὑμεῖς
1317 2825 1387 2872 γὰρ
1413 2828 1510 2862 θεαί
1532 2824 1631 2871 ἐστε,
1657 2826 1818 2872 πάρεστέ

108 2883 166 2915 τε,
193 2872 269 2906 ἴστε
296 2884 335 2906 τε
362 2867 489 2906 πάντα
515 2872 600 2907 add.
621 2871 672 2913 D,
697 2873 811 2908 edidit
830 2872 1038 2917 Stephanus
1056 2875 1069 2919 ΙΙ
1090 2877 1133 2909 16
1160 2873 1327 2909 ciuitatis
1347 2875 1394 2909 H
1406 2875 1419 2920 [Ι
1440 2878 1482 2910 17
1509 2875 1602 2920 haee
1624 2875 1660 2910 A
1697 2876 1766 2911 heo
1785 2876 1819 2910 L

108 2917 202 2953 haee
222 2918 320 2953 ΗΜ
355 2918 427 2954 hae
447 2918 487 2953 F
503 2920 514 2965 ΙΙ
536 2923 579 2954 18
599 2919 818 2964 plerumque
844 2920 937 2955 fixae
962 2920 1057 2956 fixae
1080 2922 1123 2956 ut
1146 2920 1209 2957 hic
1228 2921 1388 2957 mobiles
1406 2923 1446 2957 in
1466 2923 1627 2958 seeundo
1648 2923 1818 2958 meminit

111 2965 392 3010 subsideratque
425 2967 528 3002 rotas
561 2969 768 3012 pontesque
800 2968 986 3003 strauerat
1015 2968 1114 3004 altos
1139 2968 1176 3003 R
1213 2969 1433 3014 plerumque
1465 2970 1558 3005 fixae
1590 2970 1745 3006 mobiles
1776 2972 1819 3005 ut

109 3012 148 3047 in
173 3013 391 3049 duodecimo
418 3014 707 3059 subdideratque
732 3015 834 3050 rotas
860 3015 954 3051 fixae
979 3017 1021 3050 ut
1045 3016 1083 3051 in
1109 3017 1270 3052 secundo
1296 3016 1409 3052 turris
1436 3028 1479 3052 ac
1503 3019 1605 3053 tecta
1624 3018 1816 3053 domorum

109 3059 267 3095 mobiles
305 3061 348 3096 ut
379 3073 430 3095 x11
461 3061 634 3098 meminit
665 3061 955 3107 subdideratque
988 3064 1090 3099 rotas
1121 3065 1327 3109 pontesque
1366 3063 1574 3100 intrauerat
1611 3065 1707 3100 altas
1740 3064 1780 3099 F
1806 3065 1817 3110 Η

110 3107 223 3142 turris
250 3135 258 3143 .
279 3136 287 3144 .
310 3135 317 3143 .
344 3108 539 3144 domorum
569 3120 635 3145 om.
663 3109 751 3144 ,ΕΗ
772 3109 871 3154 (add.
898 3110 925 3155 l)
956 3112 968 3156 ΙΙ
1001 3114 1043 3146 19
1076 3110 1359 3156 subsideratque
1385 3111 1430 3146 H
1455 3113 1468 3157 ss
1499 3116 1544 3147 20
1575 3112 1760 3147 strauerat
1784 3112 1818 3145 L

111 3154 277 3190 stauerat
295 3155 339 3190 H
354 3157 366 3202 ss
384 3155 498 3202 altos]
525 3157 678 3192 lucanus
705 3155 771 3202 (III
791 3159 875 3202 455)
904 3157 1081 3193 ‘stellatis
1101 3158 1232 3194 axibus
1253 3169 1370 3204 agger
1396 3159 1551 3205 erigitur
1576 3158 1832 3203 geminasque·

112 3202 316 3246 aequantes
341 3204 490 3238 moenia
513 3206 632 3240 turres
659 3203 796 3249 accipit
821 3205 906 3241 add.
926 3204 966 3239 D
984 3206 996 3251 n
1014 3207 1064 3242 ad
1089 3219 1259 3241 Pom-invs
1284 3217 1311 3242 ε.
1337 3217 1369 3241 υ.
1396 3207 1578 3242 tabulatis
1609 3207 1641 3240 Τ
1657 3208 1669 3252 ΙΙ
1689 3210 1732 3240 21
1760 3219 1817 3240 01²-

111 3260 272 3284 PoR'rVNA
295 3248 362 3285 La
391 3252 404 3296 ΙΙ
433 3262 501 3296 pro
526 3254 709 3297 oportuna
734 3252 767 3287 G

182 3314 281 3340 Servii
301 3322 404 3343 comm.
426 3316 494 3342 vol.
514 3316 555 3343 11.
575 3317 659 3343 Fano.
677 3318 719 3343 11.
1488 3317 1534 3347 24
