2124 3600
503 240 654 277 COMM.
680 240 734 277 IN
757 242 902 279 VERG.
927 242 1039 280 AEN.
1066 243 1135 279 VII
1161 247 1362 280 163-179.
1701 245 1785 288 139

199 350 294 392 172.
343 361 637 393 HORRENDVM
667 351 974 408 venerandum,
1005 367 1094 394 non
1126 352 1241 408 quod
1271 353 1443 397 horrori
1476 355 1545 398 sit.

198 421 292 464 173.
342 432 423 464 mc
455 433 666 465 SGEPTRA
697 434 922 466 AGOIPERE
954 423 1036 466 hoc
1067 424 1113 466 in
1145 423 1316 466 Palatio
1348 425 1492 468 fiebat.

198 493 294 535 174.
344 503 483 536 CVRIA
515 505 743 537 TEMPLVM
775 495 894 552 quia,
926 497 974 538 ut
1005 495 1191 538 diximus
1222 495 1388 553 <153>,
1420 496 1539 540 curia
1571 513 1661 541 non
1693 502 1788 542 erat

75 563 162 606 nisi
193 564 238 606 in
271 567 485 620 augurato
516 565 624 608 1000.

200 635 292 679 175.
342 648 516 679 ARIETE
539 648 687 681 CAEso
713 638 796 680 hoc
822 638 1078 681 sacrificium
1105 640 1149 682 in
1175 639 1307 682 ianua
1327 639 1486 682 Palatii
1512 641 1643 684 fiebat
1662 641 1786 684 festis
1813 650 1833 682 5

75 706 239 750 diebus.

200 779 294 822 176.
343 792 595 824 PERPE'rvls
627 793 794 824 MENSIS
833 782 995 839 longis,
1034 783 1087 826 ad
1126 783 1318 826 ordinem
1358 785 1608 840 exaequatis
1640 786 1788 828 seden-

75 853 185 893 tum:
226 851 411 894 maiores
453 853 568 895 enim
607 854 749 895 nostri
790 854 988 897 sedentes
1031 855 1331 910 epulabantur.
1396 871 1523 911 quem
1561 871 1724 900 morem
1764 873 1789 900 a

75 922 317 965 Laconibus
355 923 601 966 habuerunt
638 927 682 966 et
721 923 1020 981 Cretensibus,
1059 929 1108 968 ut
1146 925 1287 970 Varro
1330 927 1454 970 docet
1490 927 1537 970 in
1574 928 1696 971 libris
1735 930 1787 972 de

77 996 205 1050 gente
236 996 385 1051 populi
409 995 615 1052 Romani,
645 996 691 1038 in
723 997 879 1052 quibus
906 997 1011 1040 dicit
1036 998 1138 1054 quid
1166 1013 1191 1041 a
1217 1013 1385 1055 quaque
1417 1000 1629 1042 traxerint
1659 1003 1787 1056 gente
1816 1007 1858 1039 10

74 1081 152 1122 per
183 1066 487 1110 imitationem.
928 1114 931 1119 ,

199 1138 294 1180 177.
343 1150 406 1190 EX
438 1150 613 1182 ORDINE
646 1142 775 1195 prout
807 1140 891 1182 sibi
923 1143 1230 1184 successerant.
1294 1144 1415 1196 [sane
1450 1144 1788 1200 intellegendum

77 1212 162 1265 est,
194 1210 256 1251 ita
287 1212 337 1252 ut
368 1211 461 1252 nati
492 1210 681 1266 fuerant,
713 1211 774 1253 sic
806 1226 953 1254 eorum
985 1212 1197 1268 imagines
1230 1213 1373 1256 fuisse·
1395 1215 1689 1270 compositas]

198 1281 293 1324 178.
342 1294 371 1323 Ε
405 1293 559 1325 CEDRO
599 1283 713 1338 quod
751 1283 919 1338 lignum
957 1298 1046 1326 non
1084 1283 1210 1326 facile
1248 1287 1466 1328 vetustate
1505 1288 1786 1330 consumitur.

77 1352 177 1406 [hoc
208 1366 343 1409 genus
381 1353 493 1410 ligni
524 1355 688 1396 tineam
720 1355 856 1399 nescit
887 1356 1292 1412 corruptionemque
1325 1371 1376 1399 ex
1409 1357 1668 1413 antiquitate
1699 1375 1789 1402 non
1819 1367 1862 1397 15

77 1424 241 1477 sentit]
303 1425 414 1467 unde
447 1427 514 1468 est
545 1426 704 1481 cedria,
743 1441 852 1482 quae
892 1427 1087 1469 chartam
1120 1430 1332 1471 reservat:
1370 1429 1473 1471 hinc
1506 1431 1573 1471 est
1605 1430 1710 1473 illud
1743 1434 1794 1474 et

76 1495 226 1538 cedro
253 1495 409 1552 digna
440 1497 617 1540 locuti.
669 1499 762 1551 [aut
786 1498 926 1540 cedria
950 1501 1196 1555 perunctae,
1223 1500 1429 1555 quoniam
1455 1501 1579 1556 ligna
1604 1503 1794 1546 custodit

79 1581 128 1610 ac
160 1569 416 1622 conservat]

197 1639 294 1681 179.
343 1652 595 1684 VITISATOR
626 1656 715 1684 non
747 1642 949 1684 inventor
976 1642 1094 1698 vitis,
1126 1643 1199 1685 sed
1228 1644 1302 1699 qui
1329 1645 1429 1687 vitis
1457 1658 1592 1700 genus
1620 1645 1790 1690 demon-

79 1710 234 1752 stravit
260 1710 386 1753 Italis
418 1713 602 1767 populis.
724 1725 808 1756 svss
835 1725 1033 1756 IMAGINE
1058 1710 1258 1757 FALCEM'
1278 1718 1354 1758 aut
1385 1718 1554 1759 statuae
1588 1718 1791 1773 exprimit
1818 1725 1863 1756 20

78 1783 266 1837 gestum,
297 1784 347 1824 ut
372 1782 505 1825 dicat:
536 1784 600 1826 ita
625 1784 801 1826 tenebat
831 1784 1001 1839 falcem,
1036 1787 1085 1827 ut
1110 1801 1204 1828 eam
1232 1787 1311 1829 sub
1338 1788 1461 1830 vultu
1486 1788 1686 1831 haberet:
1718 1791 1794 1832 aut

79 1851 180 1894 ‘sub
213 1852 425 1908 imagine'
457 1855 536 1897 sub
569 1855 695 1897 theca
728 1855 850 1911 dicit,
883 1870 992 1911 quae
1025 1857 1180 1899 similis
1212 1857 1336 1900 falcis
1369 1845 1445 1901 est.

174 1973 192 2004 7
220 1983 406 2006 marm-vm
432 1971 573 2018 longis]
607 1972 653 2008 cf.
682 1984 814 2008 comm.
840 1972 926 2008 Luc.
954 1974 1005 2008 111
1030 1977 1100 2009 485
1131 1976 1143 2020 ΙΙ
1180 1978 1201 2009 8
1227 1975 1388 2011 maiores
1415 1976 1514 2011 enim
1541 1987 1572 2011 e.
1599 1989 1633 2022 q.
1661 1978 1707 2024 6.]
1743 1978 1789 2014 cf.

77 2016 161 2053 Isid.
196 2028 246 2054 or.
271 2017 340 2052 XX
367 2022 428 2063 11,
454 2023 475 2054 9
508 2019 546 2054 61
578 2019 653 2055 diff.
680 2020 779 2055 verb.
808 2023 876 2055 524
913 2022 925 2066 ΙΙ
971 2025 1013 2056 14
1045 2021 1143 2066 quod
1175 2022 1320 2068 lignum
1346 2034 1376 2059 6.
1405 2035 1439 2068 q.
1467 2024 1513 2070 6.]
1549 2023 1595 2059 cf.
1622 2024 1709 2061 Isid.
1738 2036 1809 2062 or.-

77 2064 181 2100 XVII
209 2068 239 2109 7,
266 2069 310 2100 33
336 2067 349 2111 ΙΙ
378 2070 422 2102 16
449 2068 488 2102 61
513 2067 638 2113 cedro]
667 2067 816 2103 Persius
842 2069 859 2103 I
885 2072 928 2104 42
955 2070 967 2114 ΙΙ
997 2072 1040 2104 21
1067 2068 1122 2105 ita
1146 2069 1302 2105 tenebat
1327 2099 1335 2108 .
1358 2099 1366 2107 .
1387 2099 1395 2108 .
1423 2070 1557 2106 similis
1582 2071 1689 2107 falcis
1716 2073 1789 2120 est]

78 2110 124 2148 cf.
152 2112 247 2149 Non.
272 2125 309 2158 p.
337 2117 418 2159 388,
447 2118 465 2149 1
493 2116 531 2150 61
554 2126 589 2160 p.
618 2119 700 2165 329,
729 2119 769 2150 11
797 2114 847 2150 Μ.

74 2258 76 2261 ,
175 2223 192 2255 1
220 2221 486 2268 venerandum]
519 2223 725 2258 uerendum
756 2222 902 2258 scilicet
927 2223 968 2258 F
1001 2224 1013 2270 Η
1049 2224 1213 2268 horroris
1239 2225 1323 2260 LF
1356 2226 1369 2271 ΙΙ
1405 2230 1426 2260 2
1452 2238 1536 2261 nmo
1563 2226 1697 2262 RLH
1704 2227 1753 2262 M
1775 2227 1793 2309 U

77 2271 98 2302 3
124 2268 168 2303 ut
193 2267 352 2304 diximus
379 2279 491 2315 supra
515 2269 552 2304 R
562 2270 600 2305 F
627 2271 639 2316 Η
669 2270 789 2305 4inisi
813 2271 852 2305 in
878 2273 1061 2316 augurato
1087 2284 1161 2308 non
1187 2274 1269 2308 erat
1294 2273 1377 2308 loco
1402 2273 1546 2308 LHM
1566 2275 1578 2320 ΙΙ
1609 2275 1705 2321 erat]
1734 2286 1772 2310 es

79 2313 120 2348 F
140 2316 153 2360 ΙΙ
184 2317 205 2350 5
232 2315 450 2351 sacrifitium
475 2316 510 2351 L
529 2318 541 2364 ΙΙ
572 2317 710 2362 palacii
736 2318 770 2352 L
794 2318 806 2363 ΙΙ
839 2322 858 2354 7
886 2319 1068 2355 exsecutis
1094 2321 1130 2355 A
1157 2320 1389 2366 (exaequatis
1415 2322 1452 2367 α)
1486 2322 1699 2369 exsequatis
1726 2322 1755 2357 S
1778 2322 1789 2368 Η

79 2361 274 2398 sedentum
300 2364 515 2408 exaequatis
543 2364 584 2399 F
599 2366 611 2411 ΙΙ
631 2369 651 2401 8
677 2376 788 2411 quem
815 2378 954 2401 morem
981 2366 1193 2403 habuerunt
1220 2369 1441 2413 (tabuerant
1461 2369 1509 2414 L)
1548 2381 1570 2405 6
1596 2369 1790 2405 laconibus

78 2410 118 2444 et
142 2410 370 2446 cretensibus
394 2411 525 2446 RLH
531 2413 589 2449 M.
627 2416 778 2448 ceterum
803 2414 845 2449 in
872 2414 1093 2450 Monacensi
1123 2415 1337 2451 habuerunt
1363 2444 1370 2451 .
1393 2445 1400 2453 .
1423 2446 1430 2453 .
1457 2416 1496 2451 in
1529 2417 1664 2462 quibus
1698 2417 1790 2452 dicit
1841 2455 1843 2457 ,

79 2456 186 2501 quid,
211 2468 303 2502 quae
327 2459 506 2494 librarius
530 2461 667 2504 omisit,
692 2461 794 2496 homo
820 2462 852 2496 ei
877 2462 1041 2506 aequalis
1065 2463 1108 2498 in
1131 2474 1245 2508 marq.
1272 2474 1360 2508 sup.-
1380 2465 1527 2500 addidit
1554 2466 1566 2511 ΙΙ
1597 2468 1618 2500 9
1645 2465 1699 2512 et]
1729 2465 1791 2500 uel

79 2503 158 2539 FG
176 2504 188 2550 ΙΙ
206 2505 264 2551 01]
291 2506 330 2541 61
348 2505 383 2540 L
402 2507 413 2553 ΙΙ
434 2510 478 2542 10
504 2507 593 2552 quid
618 2519 640 2543 a
665 2519 810 2553 quaque
837 2510 949 2554 gente
974 2509 1211 2545 transtulerit
1235 2521 1302 2555 per
1325 2510 1578 2547 imitationem
1598 2511 1672 2547 AS
1697 2512 1789 2557 quid

80 2561 103 2586 a
133 2562 280 2597 quaque
310 2553 491 2589 traxerint
527 2556 639 2600 gente
673 2555 805 2590 RLH
844 2556 935 2601 quid
966 2568 988 2592 a
1020 2568 1166 2603 quaque
1204 2559 1398 2593 traxerunt
1433 2570 1501 2604 per
1536 2559 1788 2595 imitationem

79 2599 192 2642 gente
220 2600 269 2634 M
307 2601 397 2645 quid
424 2613 446 2637 a
471 2613 618 2647 quaque
643 2613 711 2648 per
735 2602 985 2638 imitationem
1010 2604 1192 2640 traxerint
1217 2607 1329 2651 gente
1355 2607 1368 2641 l
1411 2606 1502 2652 quid
1527 2618 1550 2642 a
1576 2618 1653 2652 qua
1677 2609 1789 2652 gente

79 2644 320 2694 translsisserit
350 2648 554 2692 (transierit
589 2649 636 2696 G)
681 2662 747 2696 per
777 2650 1027 2686 imitationem
1059 2651 1147 2688 FG.
1187 2653 1234 2695 cf.
1263 2652 1312 2689 H.
1339 2653 1510 2689 Kettneri
1540 2654 1645 2690 Stud.
1683 2655 1788 2690 Vasrr.

73 2704 113 2737 p.
134 2697 181 2729 30
193 2704 243 2739 sq.
270 2698 303 2730 ct
327 2699 373 2731 60
385 2706 435 2741 sq.
455 2697 467 2743 ΙΙ
488 2700 531 2732 12
558 2709 646 2733 sane
674 2725 681 2733 .
703 2725 710 2733 .
733 2726 740 2734 .
769 2698 1013 2744 compositas,
1039 2711 1131 2744 quae
1159 2700 1299 2735 Tiberii
1323 2701 1467 2736 Donati
1491 2705 1590 2746 sunt,
1616 2713 1682 2739 om.
1706 2702 1793 2736 AF

79 2740 135 2784 (in
160 2740 395 2778 Floriacensi
418 2744 520 2779 homo
545 2745 733 2789 inferioris
757 2747 889 2781 aetatis
915 2746 1060 2791 adiecit)
1088 2747 1387 2793 {intellegendus
1412 2749 1456 2783 H
1473 2750 1484 2795 ΙΙ
1512 2753 1556 2784 13
1582 2749 1789 2795 inmagines

79 2787 115 2822 L
133 2789 144 2835 ΙΙ
164 2789 376 2834 conpositas
396 2790 491 2826 LM
507 2792 518 2837 ΙΙ
540 2795 584 2826 14
610 2792 840 2828 consumitur
864 2794 1052 2829 uetustate
1118 2795 1207 2829 LH
1213 2795 1260 2830 M
1277 2796 1288 2842 ΙΙ
1310 2799 1353 2830 15
1379 2796 1451 2831 1100
1476 2808 1593 2841 genus
1621 2823 1628 2831 .
1650 2826 1656 2832 .
1680 2825 1687 2832 .
1714 2808 1789 2832 non

79 2835 211 2881 sentit,
236 2848 328 2882 quae
350 2838 491 2874 Tiberii
510 2839 654 2874 Donati
677 2843 781 2883 sunt,
806 2851 872 2876 om.
888 2840 973 2877 AF
996 2841 1094 2887 (add.
1115 2843 1158 2888 f'.)
1178 2843 1189 2889 11
1208 2842 1311 2878 tinea
1336 2843 1425 2878 RH
1457 2844 1558 2879 tinae
1580 2844 1631 2880 M
1663 2843 1788 2879 tineae

78 2893 113 2917 ‘m
131 2883 143 2928 ΙΙ
163 2885 437 2930 corruptionem
462 2897 574 2931 quam
604 2887 651 2921 M
668 2888 679 2933 ΙΙ
708 2890 751 2922 16
777 2887 875 2922 unde
902 2888 960 2922 est
986 2915 993 2923 .
1015 2917 1021 2924 .
1043 2917 1051 2924 .
1078 2889 1196 2924 locuti
1220 2901 1286 2926 om.
1308 2890 1438 2925 RLH
1443 2892 1491 2926 M
1515 2892 1616 2936 (post
1641 2903 1788 2927 conser-

79 2931 144 2965 vat
168 2931 210 2966 i‘n
234 2942 348 2978 mary.
376 2934 460 2969 add.
488 2934 555 2978 lm)
581 2934 592 2980 ΙΙ
624 2935 734 2981 quae]
763 2934 829 2979 qui
854 2936 866 2970 l
890 2936 902 2981 ΙΙ
933 2935 1125 2980 0611101601
1151 2938 1185 2971 Α
1224 2938 1391 2973 cacetam
1418 2939 1430 2973 l
1467 2940 1608 2974 cartam
1633 2950 1669 2974 m
1700 2940 1711 2985 ΙΙ
1745 2942 1787 2973 17

79 2976 225 3013 locutus
248 2979 398 3015 Persius
417 2981 428 3027 ΙΙ
449 2981 514 3015 aut
539 2981 663 3016 cedria
690 3010 696 3017 .
719 3011 727 3018 .
750 3009 757 3017 .
785 2985 988 3027 conservat,
1015 2995 1106 3028 quae
1130 2984 1269 3019 Tiberii
1287 2984 1432 3020 Donati
1455 2989 1554 3030 sunt,
1580 2997 1646 3021 om.
1670 2986 1742 3020 AS
1751 2985 1790 3019 F

81 3024 177 3066 (add.
203 3026 240 3071 f)
259 3027 271 3072 ΙΙ
290 3028 371 3073 aut]
399 3029 464 3063 aut
490 3029 590 3063 certe
617 3029 725 3064 cedro
753 3028 845 3065 dicit
871 3030 921 3065 M
937 3031 948 3077 ΙΙ
969 3030 1132 3066 custodit
1157 3043 1200 3067 ac
1227 3034 1424 3068 conservat
1450 3033 1636 3068 Donatus:
1665 3034 1785 3067 custo-

81 3069 159 3106 dita
184 3076 377 3109 conseruat
396 3074 552 3119 RLHf
577 3076 765 3112 custodita
785 3079 1004 3113 conseruant
1026 3079 1074 3113 M
1091 3079 1102 3124 ΙΙ
1124 3082 1166 3113 19
1192 3078 1280 3113 vitis
1306 3090 1373 3115 om.
1388 3079 1462 3115 AS
1470 3080 1510 3115 F
1526 3082 1537 3127 ΙΙ
1556 3091 1672 3126 genus
1699 3078 1788 3114 uitis

79 3116 165 3152 LH
169 3119 219 3153 M
252 3120 263 3165 ΙΙ
300 3125 343 3155 21
376 3124 418 3156 111
448 3133 531 3158 66111
558 3149 565 3157 .
594 3150 600 3157 .
630 3150 637 3158 .
665 3135 912 3166 εΑτνΒΝνερνε
945 3137 1055 3160 sassx
1087 3137 1153 3162 om.
1182 3126 1231 3159 Μ
1265 3126 1321 3171 (i‘n
1344 3138 1458 3171 mary.
1485 3129 1554 3171 inf.
1582 3127 1666 3162 add.
1691 3127 1740 3171 m)
1778 3126 1787 3171 11

82 3166 125 3198 22
151 3165 218 3201 sub
242 3166 447 3212 imaginem
471 3169 512 3204 F
528 3170 539 3215 ΙΙ
566 3170 634 3205 sub
659 3172 744 3206 teca
767 3171 831 3207 Ar
868 3171 998 3207 subtae
1024 3173 1159 3207 haecta
1184 3173 1220 3207 R
1258 3173 1325 3208 sub
1354 3175 1440 3209 60011,
1466 3175 1502 3209 L
1529 3174 1610 3219 (sub
1636 3184 1725 3208 6006
1748 3173 1787 3208 id

82 3211 140 3246 est
162 3212 259 3248 falce
284 3215 452 3260 prataria
475 3228 571 3260 quae
597 3216 729 3253 similis
754 3220 812 3255 est
835 3218 925 3254 falci
950 3220 993 3254 in
1016 3230 1131 3269 mary.
1153 3221 1178 3265 l)
1217 3221 1285 3256 sub
1310 3221 1446 3257 haecta
1464 3221 1511 3256 H
1543 3221 1610 3255 sub
1636 3220 1789 3256 heccam
