2092 3614
532 281 683 319 COMM.
709 280 762 316 IN
787 279 930 317 VERG.
956 279 1068 314 AEN.
1094 280 1146 315 XI
1173 283 1325 315 60-78.
1705 277 1793 320 485

81 394 243 438 cinthus
266 407 373 449 puer
401 393 487 447 fuit
509 393 711 447 Eurotae,
741 391 818 446 vel,
848 393 897 433 ut
924 390 1095 445 quidam
1125 390 1283 446 volunt,
1318 388 1459 432 Oebali
1488 389 1615 444 filius.
1664 391 1795 432 cetera

81 468 129 509 de
158 466 231 509 hoe
259 467 308 508 in
337 465 527 508 bucolicis
559 463 655 520 <111
688 464 773 519 63>
803 464 915 506 dieta
943 465 1051 506 sunt.

203 538 271 580 70.
322 548 408 580 SVA
439 548 599 579 FORMA
630 547 855 578 necessum
886 535 934 577 id
961 537 1020 577 est
1047 534 1226 590 propria
1257 533 1547 589 pulchribudo.

203 610 270 651 72.
320 619 542 659 AVROQVE
582 618 834 658 os'rnoqvss,
866 617 1097 649 memmae
1138 620 1273 648 unum
1299 604 1440 666 '‘que'
1479 607 1607 648 vacafi
1647 607 1691 647 et
1730 607 1797 647 est

83 681 278 724 additum
309 680 456 722 hiatus
489 694 631 722 causa.
1822 683 1844 716 ὅ

205 753 272 795 73.
321 763 478 794 LAETA
509 763 733 794 LABORVM
770 746 912 806 figura
944 752 1011 792 esi,
1043 748 1208 792 ‘laetus
1239 749 1359 791 illius
1391 747 1493 805 rei'3
1530 763 1632 792 nam
1664 748 1795 792 modo

84 825 266 867 dicimus
298 823 452 885 ‘laetus
483 821 663 874 labore',
694 821 849 865 ‘laetus
882 820 1084 878 ingenio’.

205 896 271 938 74.
322 912 411 939 svrs
436 911 614 938 MANJBVS
641 909 797 937 SIDONJA
827 911 921 936 omo
950 897 999 936 ut
1021 892 1114 948 <IV
1137 893 1254 948 263>
1280 893 1414 936 dives
1443 907 1566 948 quae
1595 906 1800 936 munera

84 968 226 1011 Dido.
277 965 393 1010 ‘sais’
424 968 563 1008 autem
596 963 816 1008 ‘manibus'
848 969 896 1008 at
924 965 1108 1009 heroides
1137 966 1331 1009 solebant.

205 1038 272 1081 75.
322 1049 642 1081 DISGREVERAT
674 1037 940 1092 depinxerat.
992 1038 1121 1080 simul
1147 1040 1192 1080 ei:
1217 1037 1405 1080 amantis
1433 1036 1628 1080 adfectus
1655 1038 1799 1080 osten·
1828 1045 1872 1076 10

86 1111 212 1154 ditur.

207 1183 274 1225 76.
324 1193 489 1224 HARVM
520 1191 650 1223 VNAM
683 1180 854 1224 ‘unam'
885 1195 967 1236 pro
1007 1180 1237 1234 ‘alteram',
1275 1181 1327 1224 de
1364 1181 1532 1224 duobus
1571 1181 1724 1224 seilicet
1758 1183 1803 1224 01,

88 1256 257 1298 ‘horum
286 1251 484 1296 alierum'
518 1255 561 1294 01]
593 1252 764 1295 ‘horum
791 1252 938 1295 unum’
970 1268 1199 1308 possumus
1233 1253 1392 1295 dicere:
1423 1268 1526 1295 nam
1559 1253 1800 1309 artigraphi

85 1327 168 1370 hoc
197 1327 371 1368 tantum
403 1326 571 1379 vetant,
602 1338 657 1366 ne
691 1324 743 1366 de
775 1324 941 1367 duobus
975 1324 1141 1367 ‘alium'
1174 1325 1386 1380 dicamus,
1421 1325 1535 1380 quod
1567 1324 1618 1367 de
1651 1325 1800 1367 multis

70 1399 263 1454 ·proprie
301 1397 470 1439 dicilzur.
534 1411 637 1438 sane
683 1397 867 1453 figurate
905 1397 1014 1447 dixit
1050 1396 1236 1442 ‘vestem
1274 1395 1450 1448 induit'‚
1494 1398 1544 1439 ui:
1582 1396 1653 1451 <II
1684 1396 1801 1451 275>
1831 1403 1874 1434 15

87 1470 298 1513 exuvias
325 1468 538 1510 indutus
564 1467 812 1524 Achillis,
845 1483 942 1511 cum
968 1468 1012 1510 in
1039 1484 1120 1510 usu
1147 1469 1205 1510 sit
1230 1467 1387 1510 ‘induit
1411 1468 1488 1510 illa
1512 1467 1588 1524 re',
1619 1468 1668 1510 111,
1687 1468 1803 1523 <83>

86 1541 402 1596 induhosque
432 1538 580 1581 iubei',
610 1541 825 1582 truncos
858 1539 1146 1583 hostilibus
1180 1540 1358 1596 armis,
1388 1540 1436 1582 id
1463 1543 1523 1583 est
1552 1543 1715 1583 truncos
1740 1540 1803 1582 in-

87 1615 206 1656 dutos
243 1612 353 1655 iubet
388 1611 542 1664 offerri.
602 1624 702 1654 sane
732 1611 805 1654 hoe
835 1612 993 1654 videtur
1023 1612 1246 1654 secundum
1277 1612 1552 1654 caerimonias
1581 1612 1805 1666 flaminum

88 1686 292 1729 subtiliter
322 1684 486 1727 dixisse.
540 1683 708 1737 flamini
738 1685 849 1726 enim
878 1685 964 1727 nisi
993 1698 1125 1727 unum
1156 1687 1364 1727 mortuum
1394 1698 1478 1726 non
1510 1684 1602 1726 licet
1630 1687 1804 1739 tanyew,

87 1758 159 1801 sed
194 1757 357 1799 Aeneas
394 1755 599 1809 plurimos
630 1758 775 1809 postea
815 1756 969 1799 oceidit.
1030 1756 1101 1798 sed
1137 1756 1258 1798 aliud
1295 1759 1354 1798 est
1392 1756 1439 1797 in
1479 1755 1579 1798 bello
1619 1756 1804 1812 occidere,
1829 1763 1876 1795 20

88 1829 208 1871 aliud
231 1831 439 1871 mortuum
466 1830 637 1881 tanyere.
681 1827 890 1870 sciendum
920 1830 979 1869 est
1010 1830 1163 1881 tamen,
1196 1827 1360 1870 Aeneae
1384 1841 1502 1870 omne
1521 1841 1651 1882 ¹qemts
1674 1841 1804 1871 saeer-

88 1901 190 1944 dotiz'
222 1899 359 1942 tribui.

210 1972 277 2014 77.
328 1981 627 2021 ARSVRASQVE
660 1981 811 2013 comAs
845 1982 1047 2012 onnvmr
1079 1981 1255 2013 Amcrv
1293 1970 1446 2012 harum
1484 1985 1633 2026 unam,
1673 1970 1720 2013 id
1748 1973 1807 2013 est

89 2045 137 2087 de
174 2043 333 2086 duabus
371 2042 561 2098 vestibus,
606 2041 747 2084 induit
789 2042 952 2097 iuveni,
996 2043 1134 2084 altera
1177 2043 1307 2097 eaput
1347 2042 1439 2083 eius
1479 2042 1659 2084 velavit:
1702 2056 1804 2084 nam

91 2130 221 2171 supra
247 2115 353 2157 duas
379 2116 519 2156 vestes
546 2113 654 2155 dixit
680 2127 772 2156 esse
798 2114 1002 2169 prolatas.
1049 2112 1264 2156 ‘obnubit'
1292 2115 1437 2156 auizem
1462 2113 1633 2168 velaviiz,
1661 2116 1804 2156 11111118-
1830 2123 1875 2155 25

91 2187 196 2230 latio
236 2201 262 2228 a
297 2185 487 2228 nubibus
525 2186 680 2241 quibus
719 2185 883 2242 tegitur
922 2186 1107 2228 caelum:
1148 2185 1258 2228 unde
1297 2187 1341 2227 ei,
1376 2185 1555 2240 nuptiae
1593 2185 1805 2241 (1100111111,

95 2257 210 2313 quod
241 2257 481 2299 nubentum
515 2256 659 2312 capita
690 2257 967 2313 amabantur,
1004 2257 1051 2300 id
1079 2260 1137 2300 est
1164 2257 1376 2300 velantur.

212 2330 279 2372 78.
328 2339 591 2371 LAVRENTIS
611 2339 817 2370 PRAEMIA
837 2339 1028 2371 PVGNAE
1055 2328 1192 2371 mittit
1214 2328 1419 2384 praemia,
1445 2343 1553 2384 quae
1573 2329 1624 2371 de
1643 2328 1806 2384 praeda

190 2475 232 2506 12
260 2471 305 2506 de
332 2470 476 2506 duobus
502 2497 510 2505 .
533 2497 540 2504 .
563 2499 570 2507 .
598 2470 751 2517 dieitur]
779 2470 823 2506 cf.
851 2470 936 2507 Isid.
964 2470 1040 2506 diff.
1066 2470 1167 2506 verb.
1189 2475 1234 2506 30
1253 2471 1265 2516 ΙΙ
1285 2474 1329 2505 25
1355 2469 1556 2506 translatio
1584 2498 1591 2506 .
1613 2497 1620 2505 .
1643 2498 1650 2505 .
1679 2471 1804 2507 velan-

91 2519 170 2566 tur]
198 2530 312 2554 exscr.
336 2517 423 2553 Isid.
451 2529 504 2554 or.
530 2518 581 2553 IX
608 2522 640 2563 7,
669 2521 722 2554 10.
761 2518 805 2554 cf.
834 2518 967 2555 Donat.
994 2518 1043 2554 ad
1068 2519 1150 2555 Ter.
1177 2517 1267 2554 Hec.
1294 2518 1344 2554 IV
1370 2522 1404 2564 4,
1430 2522 1477 2554 34

192 2653 210 2684 1
239 2649 389 2684 eorotae
415 2648 457 2683 F
483 2649 496 2695 11
532 2648 667 2684 Oebali
693 2648 933 2685 Gommelinus
957 2650 1018 2695 (cf.
1049 2649 1152 2686 Ovid.
1177 2654 1317 2686 metam.
1344 2649 1379 2684 X
1406 2652 1505 2694 196):
1536 2650 1708 2696 hybabili
1732 2650 1774 2686 F
1793 2651 1806 2699 ΙΙ

94 2707 187 2742 quae
211 2697 261 2732 ad
287 2707 351 2732 seu
376 2696 499 2731 mollis
534 2695 656 2732 violae
684 2697 892 2732 Masvieius
917 2698 1032 2733 edidit
1062 2697 1220 2734 subaudi
1250 2698 1380 2734 florem
1410 2699 1453 2733 in
1478 2698 1583 2733 libris
1606 2709 1683 2733 ‘non
1707 2699 1804 2735 inve-

94 2746 253 2780 niuntur
288 2744 300 2790 ΙΙ
337 2747 358 2779 6
384 2750 499 2778 uem
524 2755 620 2779 novu
645 2744 685 2778 F
718 2745 730 2790 ΙΙ
769 2749 788 2780 7
814 2744 958 2790 labore]
990 2745 1033 2779 ub
1062 2743 1288 2791 indutusque
1318 2746 1425 2781 iuuat
1457 2746 1609 2781 truncos
1634 2746 1806 2782 hostibus

96 2793 181 2828 add.
201 2791 249 2828 F.
276 2791 321 2835 cf.
349 2792 414 2826 lin.
437 2794 480 2826 16
499 2792 512 2836 ΙΙ
543 2791 664 2826 laetus
688 2791 841 2837 ingenio
867 2803 933 2827 om.
960 2791 1049 2826 HF
1064 2794 1076 2838 ΙΙ
1106 2796 1128 2828 8
1155 2793 1300 2829 didiues
1327 2793 1368 2828 F
1402 2792 1533 2830 didues
1559 2793 1593 2828 G
1611 2794 1623 2838 ΙΙ
1654 2795 1704 2829 ad
1730 2806 1805 2829 svm

97 2851 268 2879 QVONDAM
292 2849 319 2874 s.
345 2850 377 2875 v.
404 2838 500 2874 sicut
524 2838 695 2874 heroides
721 2839 894 2875 solebanb
922 2839 982 2884 ΤΙΙ
1014 2843 1057 2874 10
1084 2840 1123 2875 eb
1146 2851 1213 2876 om.
1233 2841 1364 2876 ΑΒΜ
1381 2842 1393 2887 ΙΙ
1420 2840 1556 2876 mentis
1582 2841 1626 2876 H
1641 2842 1654 2886 ΙΙ
1686 2845 1729 2877 12
1756 2843 1806 2878 ad

96 2899 193 2923 vtum
222 2898 250 2924 s,
276 2898 308 2923 v.
335 2887 494 2922 alteram
529 2886 563 2920 T
595 2887 608 2931 ΙΙ
645 2886 829 2922 alternam
857 2886 898 2922 F
930 2888 943 2932 ΙΙ
981 2891 1024 2922 13
1057 2888 1243 2924 alternum
1270 2888 1311 2923 F
1345 2890 1356 2935 ΙΙ
1393 2888 1523 2935 111111111]
1559 2889 1725 2924 omnium
1756 2890 1806 2933 F,

96 2946 163 2970 om.
188 2935 234 2969 H
247 2936 260 2980 ΙΙ
291 2933 509 2979 ortographi
533 2933 570 2968 R
598 2935 610 2979 ΙΙ
644 2937 687 2968 14
713 2935 845 2969 uetant
868 2933 991 2970 dicere
1016 2946 1062 2970 ne
1089 2962 1097 2971 .
1120 2963 1128 2971 .
1149 2964 1156 2972 .
1185 2935 1352 2972 dicamus
1378 2935 1419 2970 F
1441 2937 1452 2982 ΙΙ
1486 2940 1529 2971 16
1554 2936 1724 2984 indutus]
1751 2937 1804 2972 in-

98 2981 181 3017 duis
206 2983 254 3017 M
271 2981 430 3028 1100111111
454 2981 495 3016 F
510 2983 523 3026 ΙΙ
546 2980 633 3016 illas
658 2993 717 3017 res
742 2981 779 3016 R
816 2981 885 3017 illa
909 2992 968 3017 res
993 2982 1039 3017 H
1052 2984 1065 3028 n
1089 2983 1147 3029 ut]
1177 2986 1214 3018 01,
1238 2983 1341 3026 RH,
1367 2994 1433 3018 om,
1453 2984 1494 3018 F
1509 2984 1521 3030 ΙΙ
1551 2987 1593 3019 17
1619 2983 1707 3020 iube
1732 2985 1773 3019 F
1795 2985 1805 3031 Η

98 3030 147 3065 ad
170 3040 203 3066 v.
231 3032 275 3065 76
301 3030 344 3065 in
366 3039 481 3075 mary.
508 3029 711 3064 seeundum
736 3028 956 3065 cerimonias
979 3028 1171 3067 flaminum
1196 3029 1347 3066 uidetur
1370 3029 1442 3066 hoc
1465 3031 1604 3067 dixisse
1631 3059 1638 3067 .
1660 3060 1668 3068 .
1689 3059 1696 3067 .
1723 3033 1805 3067 tan-

98 3087 196 3121 gere.
236 3079 273 3112 et
298 3087 406 3112 omne
431 3087 548 3122 genus
574 3076 775 3112 sacerdotii
798 3075 976 3111 tribuitur
994 3088 1131 3114 aeneae
1154 3079 1187 3113 T
1203 3079 1216 3124 ΙΙ
1237 3082 1280 3113 19
1299 3089 1374 3115 11011
1392 3078 1463 3114 nisi
1487 3079 1518 3113 T
1535 3079 1547 3124 ΙΙ
1566 3089 1641 3114 11011
1659 3090 1725 3114 om.
1743 3079 1777 3114 T
1794 3078 1807 3126 Η

99 3127 145 3159 20
170 3134 306 3159 aeneas
336 3126 463 3159 autem
498 3124 632 3169 postea
655 3124 837 3169 plurimos
866 3124 899 3158 T
933 3125 946 3170 11
982 3128 1026 3160 21
1054 3125 1157 3161 aliud
1182 3130 1267 3162 ante
1291 3126 1480 3161 mortuum
1505 3137 1570 3162 om.
1599 3126 1634 3161 G
1669 3127 1682 3171 ΙΙ
1718 3137 1806 3162 sane

100 3171 291 3206 sciendum
315 3172 373 3207 esi
395 3172 524 3207 tamen
542 3172 583 3207 F
598 3172 611 3217 ΙΙ
630 3171 835 3208 sacerdotio
856 3171 896 3206 F
912 3173 924 3218 ΙΙ
942 3175 988 3207 23
1007 3173 1058 3208 ad
1075 3185 1211 3210 Amcrv
1235 3185 1262 3208 s.
1281 3185 1313 3208 v.
1341 3173 1485 3209 scilicet
1509 3173 1663 3208 alterius
1690 3174 1806 3209 uestis

103 3218 137 3253 T
150 3219 163 3265 ΙΙ
182 3222 227 3254 24
252 3218 394 3254 duobus
415 3218 487 3273 Fj}
506 3222 551 3254 25
578 3219 719 3302 0111301111]
746 3221 872 3255 autem
898 3220 956 3255 est
973 3220 1104 3256 ,ΑΒΜ
1135 3222 1202 3257 auf,
1226 3220 1267 3256 F
1281 3222 1294 3266 ΙΙ
1313 3224 1358 3257 26
1382 3222 1499 3267 nupte
1524 3221 1561 3255 R
1580 3222 1591 3266 ΙΙ
1611 3224 1655 3256 27
1682 3221 1805 3257 uelen-

99 3267 161 3301 tur
187 3266 237 3301 M
261 3266 274 3312 ΙΙ
303 3269 348 3301 28
373 3267 507 3313 mama]
534 3266 644 3302 mulin

1454 3327 1527 3363 32*
