2092 3614
224 648 246 680 5

201 1007 245 1038 10

202 1364 245 1396 15

202 1723 247 1754 20

202 2080 248 2112 25

204 2437 250 2470 30

271 244 360 288 454
1044 243 1205 281 SERVII

391 355 490 398 618.
541 366 650 397 ILLE
680 366 840 397 TAMEN
874 369 1135 410 quamquam
1168 354 1401 396 moriturus
1435 356 1518 406 est,
1549 356 1693 397 tamen
1726 369 1751 397 a
1782 354 1863 397 diis
1896 354 1978 397 ori-

272 427 416 482 ginem
455 426 585 468 ducit.
705 437 888 469 NOSTRA
924 426 1090 482 divina,
1127 426 1173 468 id
1207 429 1266 468 cst
1300 429 1376 468 aut
1404 426 1534 478 Iovis,
1571 429 1647 468 aut
1674 425 1869 482 Iunonis,
1907 429 1981 469 aut

272 499 459 540 omnium
489 498 668 541 deorum.

391 570 488 612 619.
539 581 751 620 QVARTVS
782 580 934 612 PATER
972 569 1153 612 abavus:
1192 583 1272 612 nec
1310 571 1379 611 est
1410 570 1674 612 contrarium
1712 569 1836 625 illud,
1874 570 1983 624 quod

270 642 334 683 ait
361 655 491 696 supra
522 641 639 696 <76>
672 641 754 684 cui
784 641 1052 683 Pilumnus
1092 656 1233 684 avus:
1270 641 1415 696 potuit
1446 641 1560 683 enim
1593 641 1687 686 fieri
1717 643 1766 683 ut
1798 643 1842 682 et
1873 655 1978 683 avus

271 713 362 755 eius
401 715 444 755 et
482 713 646 757 abavus
685 728 711 756 a
746 712 948 756 Pilumno
986 712 1177 755 Pilumni
1213 713 1553 756 nominaremur.
1614 727 1706 767 erqo
1734 726 1814 767 per
1845 712 1982 767 patris

270 785 585 840 appellationem
616 786 790 828 ostendit
819 786 1108 840 coynationem.

390 857 488 900 621.
537 874 618 900 REX
634 874 827 900 AETHERH
841 873 1036 900 BREVITER
1055 873 1116 899 szc
1131 873 1262 900 FATVR
1285 856 1431 910 ubique
1454 869 1565 910 reyes
1590 855 1759 898 breviter
1779 855 1982 910 loquentes

271 929 446 971 ostendit
465 928 581 984 <16>
606 928 842 983 Iuppiter
871 928 986 970 hacc
1012 928 1192 984 paucis
1215 931 1253 970 ct
1277 927 1327 983 <1
1347 927 1461 982 561>
1488 930 1587 969 tum
1611 927 1826 969 breviter
1849 926 1981 969 Dido

270 1000 458 1043 vultum
488 1001 702 1042 demissa
724 1000 977 1054 profatur.

390 1072 490 1115 622.
540 1083 581 1114 SI
608 1083 739 1114 MORA
765 1082 1048 1114 PRAESENTIS
1074 1083 1183 1113 LETI
1216 1085 1267 1112 ex
1292 1070 1408 1113 Iovis
1435 1070 1713 1113 concessione
1745 1070 1862 1125 quali
1888 1072 1981 1113 arte

272 1143 411 1200 egerit
441 1143 569 1199 Iuno,
606 1143 902 1199 cognoscitur,
937 1142 1099 1185 scilicet
1130 1145 1179 1184 ut
1210 1142 1380 1184 Turnus
1411 1144 1560 1198 posset
1592 1141 1783 1185 evadere.
1904 1153 1982 1184 CA-

271 1227 396 1258 Dvco
429 1215 654 1258 morituro.

369 1287 492 1329 -623,
541 1298 729 1330 PONERE
760 1285 922 1342 facere,
953 1286 1031 1338 vcl,
1061 1289 1110 1328 ut
1137 1287 1307 1341 quidam
1336 1286 1495 1341 volunt,
1526 1286 1765 1328 constituere
1795 1288 1833 1328 ct
1855 1286 1982 1327 decer-

271 1371 389 1400 nere:
427 1359 506 1401 alii
537 1357 724 1412 ‘ponere'
749 1372 830 1412 pro
862 1357 1015 1414 ‘darc',
1055 1361 1103 1400 ut
1133 1357 1249 1412 <XII
1283 1357 1398 1413 878>
1429 1357 1545 1400 haec
1568 1371 1659 1411 pro
1689 1357 1984 1412 viryinitatc

270 1429 497 1484 reponit?
539 1443 638 1472 sanc
669 1428 844 1483 ‘ponere'
874 1429 1025 1484 facere,
1057 1429 1169 1472 sicut
1197 1429 1386 1471 Lucilius
1418 1427 1656 1471 Homerum
1690 1430 1878 1484 secutus,
1910 1427 1984 1483 qui

273 1501 336 1543 ait
365 1498 488 1556 ἄλγε’
525 1502 661 1556 ἔθηκε
692 1500 736 1543 id
769 1502 833 1542 est
864 1500 979 1543 fecit.
1029 1501 1108 1543 alii
1139 1499 1320 1555 ‘ponere'
1350 1503 1514 1556 putare,
1553 1503 1600 1542 iit
1628 1500 1726 1542 solct
1755 1500 1837 1542 dici
1868 1499 1985 1556 ‘ponc

271 1586 335 1615 me
364 1572 437 1615 hoc
465 1572 638 1626 fecissc’.

392 1642 490 1686 625.
540 1654 790 1686 HACTENVS
822 1633 1097 1687 mnvnsissn
1130 1654 1285 1687 vAcAr
1318 1644 1365 1686 id
1393 1647 1451 1687 cst
1479 1644 1646 1698 suffecit.
1690 1643 1859 1699 ingenti
1891 1645 1983 1685 arte

274 1715 442 1757 locutus
471 1717 554 1757 est:
584 1730 687 1758 nam
714 1714 893 1758 dicendo
926 1714 1083 1758 ‘vacat’
1116 1715 1324 1766 ostendit,
1357 1730 1490 1771 supra
1520 1714 1602 1757 hoc
1634 1715 1763 1757 breve
1795 1714 1983 1770 spatium

273 1786 455 1828 ulterius
481 1786 641 1829 bonam
663 1786 884 1829 stellarum
912 1786 1244 1830 inradiationem
1264 1786 1400 1828 Turni
1424 1786 1517 1829 fata
1537 1786 1704 1828 differre
1724 1801 1810 1828 non
1836 1800 1982 1841 posse:

274 1857 384 1900 unde
416 1873 504 1901 non
537 1858 599 1900 ait
631 1857 879 1901 ‘indulsisse
910 1857 1046 1914 libet',
1078 1859 1152 1901 sed
1185 1857 1354 1913 ‘vacat’,
1387 1872 1435 1900 ac
1468 1858 1503 1899 si
1535 1857 1712 1900 diceret:
1743 1857 1831 1900 iam
1862 1857 1984 1899 undi-

274 1944 356 1985 que
388 1930 435 1971 in
464 1932 648 1972 mortem
680 1930 871 1972 truditur
902 1929 1091 1987 Turnus,
1129 1930 1212 1972 hoc
1247 1932 1418 1972 tantum
1456 1931 1582 1971 vacat
1612 1929 1816 1985 spatium,
1854 1929 1900 1971 id
1927 1931 1987 1982 cst

272 2001 536 2044 intervallum
577 2001 784 2057 temporis,
825 2002 947 2056 quasi
984 2001 1056 2044 hoc
1094 2001 1294 2055 spatium,
1333 2000 1399 2043 hic
1441 2000 1549 2043 locus
1586 2004 1644 2042 cst
1678 2003 1727 2043 ut
1756 2013 1985 2054 parumper

273 2071 504 2125 differatur.
556 2072 657 2115 hinc
690 2074 757 2115 est
789 2073 903 2128 quod
935 2074 979 2115 et
1005 2087 1135 2128 supra
1162 2073 1225 2115 ait
1252 2072 1399 2127 <472>
1431 2075 1699 2126 metasque
1733 2071 1841 2114 dati
1873 2086 1983 2126 per—

273 2143 418 2187 venit
450 2143 509 2186 ad
541 2144 666 2187 aevi.

393 2215 491 2258 626.
541 2227 684 2258 VENIA
715 2227 838 2258 VLLA
869 2215 1143 2271 beneficium,
1182 2215 1296 2271 quod
1327 2216 1371 2257 te
1403 2229 1550 2269 speras
1583 2213 1749 2256 mereri.
1812 2217 1851 2255 ct
1878 2214 1985 2256 ditas

272 2286 391 2329 habet
414 2287 755 2342 significationes:
785 2288 895 2342 quod
909 2287 1084 2342 petitur,
1114 2290 1162 2329 ut
1184 2286 1269 2342 hic,
1300 2289 1339 2329 ct
1360 2286 1469 2340 quod
1491 2277 1736 2337 conceditur,
1767 2288 1815 2326 ut
1838 2284 1982 2339 <903>

273 2358 318 2401 si
347 2372 444 2412 qua
474 2362 543 2401 est
571 2348 717 2402 victis
747 2359 893 2401 venia
921 2358 1160 2414 hostibus,
1191 2372 1286 2401 oro.

395 2431 495 2473 627.
542 2448 749 2475 MVTARIVE
779 2431 886 2473 deest
914 2429 1070 2485 ‘posse'.
1119 2443 1177 2472 an
1207 2432 1412 2473 mutatum
1441 2429 1499 2471 iri
1506 2428 1529 2470 ,9

297 2563 304 2573 ·
373 2551 417 2583 16
442 2546 622 2594 Lucilius]
649 2558 695 2583 ex
719 2546 801 2582 libr.
828 2546 900 2582 inc.
928 2545 1043 2581 CXIX
1068 2557 1127 2591 ap.
1154 2545 1281 2582 Muell.
1308 2558 1343 2591 p.
1372 2549 1438 2581 153
1470 2546 1483 2591 ΙΙ
1513 2545 1730 2592 Homerum]
1758 2544 1799 2580 ΙΙ.
1825 2546 1842 2580 I
1867 2549 1887 2581 2

375 2657 393 2688 1
420 2665 444 2689 a
468 2652 539 2688 diis
558 2652 657 2689 RL:
684 2652 733 2688 ab
757 2652 816 2688 his
834 2652 959 2688 ASH
991 2653 1038 2688 ad
1063 2652 1122 2687 his
1141 2652 1183 2687 F
1216 2664 1239 2688 a
1263 2652 1371 2688 nobis
1393 2653 1442 2687 M
1458 2654 1470 2700 ΙΙ
1489 2657 1509 2688 2
1536 2653 1575 2688 et
1598 2651 1744 2688 iunonis
1768 2651 1802 2687 G
1820 2653 1833 2697 ΙΙ
1851 2655 1873 2687 4
1897 2652 1983 2699 nec]

277 2713 351 2736 non
372 2701 405 2736 L
435 2703 447 2746 ΙΙ
479 2705 500 2736 6
525 2701 658 2736 atauus
677 2701 718 2736 F
745 2702 758 2747 ΙΙ
787 2711 815 2737 8.
835 2711 866 2736 v.
889 2705 957 2736 619
982 2712 1048 2745 per
1069 2700 1176 2735 istius
1202 2700 1493 2746 appellationem
1520 2699 1684 2736 ostendit
1708 2698 1980 2744 cognationem.

278 2749 362 2784 ideo
386 2760 461 2784 non
487 2751 545 2784 est
569 2748 798 2784 contrarium
823 2747 923 2793 quod
948 2747 1039 2783 alibi
1065 2746 1159 2783 dicit
1183 2749 1243 2783 cui
1267 2748 1456 2793 pilumnus
1482 2759 1574 2783 auus
1604 2747 1637 2782 Τ
1653 2748 1665 2794 ΙΙ
1689 2751 1710 2783 8
1736 2747 1983 2783 ad'nnsvnsn

275 2808 303 2831 s.
329 2807 361 2831 v.
386 2795 660 2840 breuiloquium
689 2795 755 2831 dat
779 2805 925 2841 semper
949 2794 1100 2841 regibus
1125 2794 1298 2840 uirgilius
1329 2795 1387 2843 ΤΙΙ
1413 2808 1522 2831 mrvs
1548 2795 1588 2830 F
1603 2796 1616 2841 ss
1643 2798 1684 2829 11
1711 2796 1796 2830 artu
1821 2794 1867 2828 H
1897 2795 1982 2829 astu

277 2844 483 2879 Masvicius
505 2844 518 2889 ΙΙ
551 2847 593 2878 12
619 2844 740 2889 possit
762 2842 882 2879 ASF
902 2843 914 2889 ΙΙ
948 2846 991 2877 14
1017 2844 1066 2878 ad
1091 2855 1227 2879 pomam:
1253 2855 1280 2879 s.
1307 2854 1335 2879 8.
1359 2854 1392 2879 v.
1419 2843 1571 2888 quidam
1596 2841 1823 2887 intellegunt
1847 2841 1982 2876 consti-

276 2892 382 2926 tuere
414 2890 610 2926 decernere
641 2890 707 2926 alii
738 2890 861 2926 facere
892 2889 959 2925 alii
990 2890 1078 2925 dare
1109 2891 1152 2925 ut
1181 2891 1274 2926 haec
1305 2901 1373 2936 pro
1404 2889 1622 2935 uirginitate
1646 2899 1781 2934 repone
1806 2889 1886 2933 (sic)
1914 2888 1948 2923 Τ
1971 2888 1982 2935 Η

279 2942 322 2974 17
348 2949 571 2973 amreeenxen
596 2939 632 2973 A
677 2949 878 2974 ΛΛεεοΗιςεΝ
904 2937 933 2973 S
973 2946 1156 2982 ΑφεεοΚεΝ
1178 2938 1219 2973 R
1263 2949 1447 2974 Asneoxcs
1472 2939 1507 2972 L
1544 2937 1602 2972 ase
1628 2937 1760 2971 eokem
1785 2935 1830 2970 H
1861 2946 1981 2971 arceo-

276 2997 343 3020 ΚεΝ
370 2986 420 3020 Μ
453 2997 656 3020 ΒΛΤεοθΝΚε
681 2985 722 3021 F
747 2987 759 3033 ΙΙ
792 2989 834 3021 19
861 2985 911 3020 ad
933 2996 1048 3020 VACAT
1073 2996 1100 3020 s.
1127 2996 1158 3021 v.
1185 2984 1323 3021 suffieit
1350 2986 1384 3020 T
1411 2986 1423 3032 ΙΙ
1454 2988 1498 3020 20
1525 2995 1637 3029 supra,
1659 2984 1696 3018 h.
1723 2983 1756 3018 b.
1784 2993 1811 3018 s.
1837 2981 1982 3018 nullum

278 3033 434 3077 (nullam
459 3032 612 3077 Daniel)
650 3033 685 3068 b.
712 3045 738 3070 s.
765 3034 789 3068 i.
815 3033 980 3068 futuram
1006 3043 1051 3066 ex
1076 3043 1150 3077 quo
1175 3032 1277 3068 turni
1301 3044 1328 3069 e.
1354 3044 1386 3078 q.
1411 3043 1439 3067 8.
1466 3032 1505 3067 F
1521 3033 1533 3078 ΙΙ
1564 3035 1606 3066 21
1635 3030 1814 3066 bonarum
1841 3029 1981 3066 Fabri-

278 3081 357 3116 cius
374 3081 387 3126 ΙΙ
406 3079 546 3115 differri
570 3080 604 3114 L
622 3082 634 3126 ΙΙ
653 3085 698 3116 22
724 3080 815 3116 licet
839 3080 880 3116 F
893 3080 907 3125 11
924 3082 970 3115 23
996 3080 1157 3115 traditur
1182 3080 1223 3115 F
1237 3082 1250 3126 ss
1269 3081 1319 3116 ad
1342 3091 1455 3115 uem
1478 3090 1505 3115 s.
1531 3089 1564 3114 v.
1590 3078 1630 3113 id
1655 3078 1714 3113 est
1738 3078 1808 3113 hoc
1833 3077 1981 3113 tantum

277 3130 390 3163 uacat
414 3126 578 3173 spatium
602 3127 641 3162 id
667 3130 726 3164 est
749 3127 989 3164 interuallum
1020 3127 1200 3172 temporis
1231 3129 1275 3163 ut
1305 3137 1505 3173 parumper
1534 3125 1726 3160 differatur
1754 3125 1786 3159 T
1814 3125 1827 3170 ΙΙ
1860 3128 1906 3160 28
1931 3126 1982 3161 ad

277 3187 385 3211 vum
408 3188 443 3211 v.
468 3185 496 3211 s.
522 3186 555 3210 v.
580 3174 802 3211 beneficium
827 3177 866 3212 et
888 3174 1001 3211 uenia
1025 3174 1098 3209 duo
1125 3175 1313 3221 significat
1336 3174 1437 3219 quod.
1461 3173 1603 3219 petitur
1629 3201 1636 3208 .
1659 3201 1667 3209 .
1688 3200 1695 3207 .
1723 3172 1833 3208 uictis
1866 3172 1981 3208 hosti-

278 3223 346 3258 bus
372 3221 484 3259 uenia
509 3222 588 3269 (sic)
618 3222 652 3257 Τ
670 3224 683 3268 ΙΙ
714 3223 815 3268 quod
838 3222 991 3269 ponitur
1014 3221 1056 3257 F
1828 3228 1831 3230 “
