2124 3600
326 274 384 316 60
1097 273 1257 310 SERVII

322 384 414 425 fieri
434 386 478 424 et
499 383 611 426 circa
638 383 818 426 cadaver
843 385 886 426 et
911 383 1025 426 circa
1052 384 1296 426 absentium
1322 397 1502 438 corpora
1528 383 1782 438 quibusdam
1811 383 2029 426 sollemni-

322 455 404 496 bus
437 454 581 496 sacris.
690 467 883 506 NAMQVE
912 467 1058 498 POTES
1092 455 1192 510 quia
1218 455 1377 510 ubique
1403 469 1501 496 eum
1526 469 1671 496 rerum
1697 454 1938 497 divinarum
1964 455 2028 497 in—

323 525 441 567 ducit
470 525 669 580 peritum.
728 555 733 560 -

440 597 538 639 367.
589 608 726 647 SIQVA
751 609 832 639 VIA
858 608 942 639 Esr
976 597 1012 638 si
1045 600 1110 639 est
1141 596 1232 639 ulla
1259 596 1383 638 ratio.
1485 607 1598 638 DIVA
1624 607 1855 639 OREATRIX
1886 611 2028 639 rerum

276 676 296 707 5
323 667 517 710 omnium
549 668 820 724 generaliter.

439 739 538 781 369.
588 750 762 781 INNARE
793 739 1019 794 navigare:
1051 753 1170 781 more
1203 753 1292 780 suo.

439 810 536 852 370.
586 822 650 852 DA
687 821 914 852 DEXTRAM
953 812 1128 864 praesta
1169 809 1392 852 auxilium:
1438 810 1592 852 umbra
1635 809 1751 851 enim
1794 824 2029 866 numquam

319 883 507 936 tenetur,
552 884 600 923 ut
644 881 716 936 <II
757 881 870 935 793>
915 883 994 922 ter
1038 881 1235 923 frustra
1279 895 1557 935 conpressa
1607 895 1785 923 manus
1836 880 2031 937 effugit

320 939 504 1007 imago
2049 949 2051 951 ’

252 1032 295 1063 10
440 1022 538 1065 371.
589 1034 780 1066 SEDIBVS
807 1035 867 1066 v'r
894 1033 1080 1065 SALTEM
1114 1025 1162 1064 ut
1193 1022 1348 1064 saltem
1381 1022 1425 1063 in
1457 1024 1594 1064 morte
1627 1023 1891 1078 requiescam
1922 1022 2028 1065 sedi-

320 1094 400 1136 bus
432 1093 626 1148 placidis.
689 1096 732 1136 et
762 1095 889 1149 bene,
921 1094 1022 1148 quia
1052 1097 1211 1136 nautae
1245 1107 1412 1148 semper
1444 1095 1669 1149 vagantur.

439 1165 538 1208 373.
588 1177 682 1207 TAM
714 1177 828 1207 DIRA
861 1177 1035 1208 CVPIDO
1075 1164 1288 1220 cupiditas
1329 1179 1379 1206 ex
1418 1164 1595 1206 deorum
1627 1164 1691 1206 ira
1723 1164 1915 1208 veniens:
1955 1168 2030 1208 aut

320 1238 434 1278 certe
460 1251 637 1292 magna,
671 1238 719 1279 ut
745 1236 836 1291 <IX
859 1236 972 1290 183>
1001 1251 1060 1278 an
1094 1251 1183 1278 sua
1215 1236 1397 1291 cuique
1429 1235 1549 1277 deus
1581 1235 1648 1277 fit
1678 1235 1788 1278 dira
1817 1235 2027 1291 cupido?

439 1308 537 1350 374.
588 1319 806 1351 SEVERVM
831 1308 1020 1350 tristem:
1047 1310 1090 1349 et
1113 1307 1219 1349 haec
1245 1307 1464 1362 reciproca
1491 1309 1602 1360 sunt,
1629 1309 1676 1349 ut
1701 1309 1852 1349 contra
1876 1306 2028 1349 iudex
2058 1295 2062 1299 ”

250 1388 291 1419 15
318 1379 492 1421 tristis
526 1381 575 1421 et
606 1380 827 1435 integer,
859 1378 902 1420 id
935 1381 1002 1421 est
1034 1393 1217 1422 severus.

435 1451 534 1493 375.
585 1462 868 1494 EVMENIDVM
911 1453 1053 1493 autem
1087 1451 1200 1493 circa
1232 1465 1359 1506 quem
1391 1450 1594 1493 habitant
1625 1449 1885 1492 Eumenides
1916 1447 2025 1492 κατὰ

316 1518 587 1578 ἆντίφρασιν
619 1522 771 1565 dictae.
876 1534 1085 1565 RIPAMVE
1114 1533 1320 1565 1N1vssvs
1347 1533 1500 1564 ABIBIS
1533 1524 1582 1563 ut
1612 1520 1738 1571 fabeo
1764 1512 1810 1563 in
1836 1520 2027 1574 Tuscos',

317 1594 429 1636 sicut
462 1593 648 1636 diximus
682 1608 813 1649 supra
845 1593 935 1648 <lv
966 1592 1099 1647 106>:
1131 1607 1391 1648 quamquam
1425 1592 1498 1634 alii
1531 1591 1715 1634 ‘adibis'
1748 1592 1907 1648 legant.

435 1666 533 1707 376.
584 1676 755 1708 misum
781 1677 903 1707 FATA
928 1676 1059 1708 DEVM
1085 1675 1255 1706 FLEcrl
1283 1675 1491 1706 SPERARE
1518 1674 1768 1706 PRECANDO
1801 1663 1892 1705 fata
1918 1678 2026 1718 quae

246 1744 291 1775 20
318 1736 451 1778 semel
482 1735 774 1779 decreverunt.
837 1739 880 1778 et
898 1729 1081 1778 'locutus
1114 1737 1180 1777 est
1211 1734 1443 1777 secundum
1474 1734 1728 1789 Epicureos,
1770 1735 1842 1790 qui
1880 1734 2028 1777 dicunt

315 1822 405 1850 nec
437 1808 564 1850 bene
596 1808 898 1863 promeritis
932 1807 1135 1862 capitur
1166 1820 1326 1861 neque
1357 1806 1599 1861 tangitur
1630 1806 1715 1848 ira.

436 1878 534 1920 377.
584 1890 702 1920 Dvm
735 1889 874 1920 GAsvs
907 1877 1178 1932 inpossibilis
1213 1876 1267 1918 ad
1298 1876 1594 1919 mutationem.

437 1949 535 1992 378.
586 1960 744 1992 LONGE
778 1961 992 2000 LATEQVE
1026 1960 1113 1990 PER
1145 1959 1288 1991 VRssEs
1328 1948 1378 1990 de
1415 1947 1598 1989 historia
1629 1947 1711 1990 hoc
1741 1940 1883 1990 traxit.
1944 1947 2025 1991 Lu-

318 2021 438 2063 canis
471 2021 585 2063 enim
617 2020 868 2076 pestilentia
899 2020 1200 2062 laborantibus
1234 2019 1457 2075 respondit
1488 2019 1707 2061 oraculum
1741 2034 1885 2062 manes
1912 2019 2024 2062 Pali-

248 2101 292 2132 25
313 2092 416 2135 ‘nuri
448 2106 555 2134 esse·
572 2092 828 2147 placandos:
867 2091 922 2134 ob
956 2106 1086 2146 quam
1118 2105 1208 2133 rem
1245 2105 1333 2133 non
1363 2090 1494 2147 longe
1527 2106 1552 2133 a
1582 2089 1706 2134 Velia
1738 2091 1776 2134 ei
1808 2094 1851 2134 et
1882 2091 2026 2138 lucum

319 2166 362 2205 et
393 2163 698 2219 cenotaphium
731 2163 950 2205 dederunt.

416 2308 458 2338 12
486 2302 671 2348 cupiditas
699 2333 705 2339 .
727 2333 734 2340 .
758 2333 764 2340 .
792 2283 962 2349 veniens]
989 2302 1033 2338 ef.
1059 2301 1145 2340 isid.
1174 2301 1248 2337 diff.
1276 2302 1375 2337 verb.
1405 2304 1468 2336 141
1489 2303 1502 2345 ιι
1531 2305 1575 2336 14
1602 2314 1762 2338 smum
1786 2302 1948 2350 tristem]
1977 2303 2022 2339 of.

318 2352 410 2387 Don.
442 2351 490 2386 ad
523 2350 604 2385 Ter.
631 2351 743 2386 Andr.
771 2352 803 2387 V
829 2356 863 2395 2,
891 2355 934 2386 16
961 2352 999 2386 et
1024 2350 1129 2386 Luct.
1155 2349 1252 2384 Plac.
1281 2349 1328 2384 ad
1355 2348 1448 2384 Stat.
1476 2348 1591 2385 Theb.
1619 2350 1635 2384 Ι
1661 2353 1706 2385 88
1737 2350 1749 2396 ΙΙ
1785 2349 1912 2397 iudex]
1947 2349 2021 2387 Cic.

318 2398 358 2434 in
384 2398 487 2434 Verr.
515 2398 587 2433 act.
615 2399 630 2433 I
658 2402 712 2443 10,
739 2403 784 2435 30
808 2401 820 2445 ΙΙ
845 2403 888 2434 21
916 2409 985 2434 nec
1011 2397 1122 2444 bene]
1147 2396 1251 2432 Lucr.
1281 2397 1312 2431 ΙΙ
1340 2399 1406 2431 651

414 2533 431 2563 1
461 2528 556 2564 citra
581 2530 741 2565 cadauer
767 2530 798 2565 G
813 2531 825 2576 ΙΙ
845 2530 883 2564 et
908 2529 1007 2564 circa
1032 2531 1115 2563 ante
1140 2526 1352 2562 absentium
1378 2536 1443 2562 om.
1459 2526 1504 2560 H
1517 2526 1529 2572 ΙΙ
1549 2525 1740 2561 sollemnis
1760 2527 1834 2562 AS
1859 2529 1964 2574 (corr.
1985 2530 2023 2572 a)

318 2577 330 2622 Η
356 2581 376 2611 2
403 2576 530 2622 sacris]
570 2577 726 2612 eundem
760 2587 967 2613 sermonem
998 2575 1114 2610 habet
1144 2573 1245 2619 apud
1276 2573 1413 2608 inferos
1446 2585 1528 2608 cum
1555 2573 1739 2618 Elpenore
1764 2574 1915 2620 Ulysses
1939 2575 2022 2621 (Od.

318 2623 369 2658 XI
396 2625 454 2668 75)
488 2621 587 2669 σῆμά
614 2623 654 2660 τέ
681 2637 745 2670 μοι
776 2624 885 2670 χεῦαι
916 2623 1048 2668 πολιῆς
1081 2619 1143 2657 ἐπὶ
1167 2620 1251 2656 θινὶ
1274 2617 1468 2664 θαλάσσης
1503 2621 1587 2656 add.
1615 2621 1816 2657 Fabricius
1845 2623 1857 2668 ΙΙ
1894 2635 2023 2658 POTEST

317 2670 395 2706 FC
410 2672 423 2716 ΙΙ
442 2675 463 2705 4
489 2684 588 2707 mvn.
610 2671 640 2707 Ο
657 2672 668 2717 ΙΙ
689 2676 708 2707 7
728 2684 887 2707 omnum
909 2670 940 2706 0
954 2671 966 2717 ΙΙ
985 2669 1148 2715 praesta]
1172 2669 1266 2751 gest
1283 2667 1323 2702 F
1338 2669 1351 2713 Η
1368 2668 1589 2714 numquam]
1617 2679 1728 2713 quam
1749 2669 1789 2704 F
1803 2670 1816 2714 n
1835 2674 1855 2705 8
1881 2671 1924 2705 ut
1947 2670 2021 2716 ter]

317 2719 400 2753 uter
420 2718 464 2752 H
495 2718 594 2753 inter
619 2719 658 2753 F
692 2721 800 2754 uoter
822 2718 853 2754 Ο
868 2720 879 2765 ΙΙ
899 2728 1096 2762 conpressa
1117 2717 1166 2751 M
1237 2725 1458 2760 conpraessa
1478 2715 1523 2749 H
1555 2726 1764 2761 compressa
1784 2716 1861 2761 SF,
1887 2728 1951 2752 om.
1974 2717 2019 2752 R.

319 2776 524 2809 conprensa
556 2766 741 2812 Verqilius
767 2768 779 2813 ΙΙ
813 2771 856 2801 10
883 2777 1008 2800 sAmm
1033 2765 1075 2798 ut
1100 2762 1225 2798 saltim
1255 2762 1291 2797 F
1314 2763 1326 2808 ΙΙ
1359 2766 1402 2797 13
1429 2773 1475 2797 an
1502 2774 1567 2797 om.
1596 2763 1629 2797 A
1640 2763 1728 2797 RH
1735 2763 1781 2798 M
1808 2765 1820 2810 ΙΙ
1853 2767 1895 2799 16
1922 2763 2022 2799 circa

319 2824 413 2857 quac
441 2812 473 2847 O
507 2812 604 2848 circa
630 2825 700 2858 que
727 2814 771 2848 H
790 2815 802 2859 ss
829 2813 1055 2848 habitabant
1082 2811 1131 2845 M
1152 2811 1163 2856 ΙΙ
1192 2809 1411 2845 eumenedes
1439 2808 1470 2844 Ο
1491 2811 1503 2855 ΙΙ
1530 2810 1615 2845 cata
1640 2810 1872 2855 antiphrasin
1899 2810 2020 2847 dictae

319 2859 398 2894 ΒΗ
402 2860 451 2893 M
456 2860 505 2902 D,
532 2871 596 2896 om.
624 2860 795 2896 ARFC'.
840 2863 925 2905 post
949 2857 1175 2893 Eumenides
1201 2857 1287 2892 haec
1311 2857 1425 2892 edidit
1450 2857 1650 2893 Fabricius
1675 2853 1871 2902 εὐμενίδες
1896 2858 2020 2894 dictae

319 2908 419 2952 (nam
445 2902 606 2952 εὐμενὴς
632 2908 833 2943 benevolus
860 2908 930 2946 est)
963 2905 1062 2950 quod
1093 2904 1245 2941 minime
1272 2904 1346 2939 sint
1369 2904 1591 2949 beneuolae‚
1624 2904 1689 2939 sed.
1721 2905 1945 2940 maleuolae:
1983 2908 2021 2940 et

319 2955 376 2989 est
400 2951 486 2988 κατ’
515 2950 901 3000 oivm'cpoococv'figura,
936 2952 1082 2997 quoties
1106 2963 1183 2987 rem
1211 2951 1348 2986 malam
1376 2951 1472 2987 bono
1499 2952 1731 2996 appellamus
1758 2952 1944 2997 exemplo,
1978 2953 2020 2988 ut

318 3000 388 3036 hic.
416 3002 427 3047 ΙΙ
461 3004 502 3035 17
529 3013 682 3036 mmmm
708 3013 844 3037 mvnvs
870 3001 910 3035 F
931 3002 942 3046 ΙΙ
975 3011 1091 3034 Annus
1117 2999 1152 3033 A
1178 2999 1307 3043 (Annus
1333 2999 1370 3043 a)
1402 2999 1412 3044 ΙΙ
1442 3000 1485 3033 ut
1510 3009 1574 3034 om.
1603 2998 1643 3033 F
1670 2999 1683 3043 ΙΙ
1713 2999 1807 3034 abeo
1831 2999 1870 3034 in
1894 3000 2019 3034 tuscos

319 3047 451 3083 ARH
454 3048 504 3082 M
508 3058 525 3082 s
556 3049 630 3093 (sed
655 3050 809 3084 alterum
834 3048 852 3084 s
871 3049 913 3083 iu
936 3058 1010 3083 ras.
1036 3047 1090 3088 a):
1123 3046 1216 3080 abeo
1247 3045 1412 3080 intuseos
1440 3046 1468 3080 S
1511 3046 1602 3081 abeo
1629 3046 1729 3081 intus
1755 3056 1798 3081 eo
1825 3045 1904 3080 FC'
1930 3047 1942 3091 ΙΙ
1976 3051 2017 3081 18

319 3107 432 3140 supra
451 3093 609 3130 diximus
632 3095 672 3129 F
679 3096 764 3131 OM
780 3097 792 3143 u
811 3100 854 3131 21
875 3105 994 3140 neque
1013 3093 1181 3138 tangitur
1199 3092 1251 3127 R:
1277 3103 1345 3126 nec
1365 3093 1533 3138 tangitur
1557 3094 1689 3138 reliqui
1707 3093 1794 3127 libri
1811 3093 1824 3136 ΙΙ
1843 3096 1886 3128 23
1906 3105 2018 3128 vanus

318 3143 355 3177 R
363 3143 418 3178 H:
444 3155 561 3178 vunnu
587 3142 796 3178 FOASM
812 3145 823 3189 11
842 3143 957 3178 traxit
980 3142 1052 3176 hoc
1077 3139 1154 3175 FO
1169 3140 1180 3186 ΙΙ
1199 3142 1244 3174 25
1269 3138 1448 3184 placados
1472 3140 1503 3174 Ο
1518 3141 1530 3185 ΙΙ
1550 3140 1583 3175 ei
1609 3150 1673 3174 om.
1695 3139 1724 3174 S
1731 3139 1771 3173 F
1793 3141 1906 3184 (supr.
1927 3151 2015 3175 vers.

319 3191 402 3225 add.
423 3201 439 3224 s
459 3191 470 3236 ΙΙ
490 3190 528 3225 et
550 3189 673 3224 lucum
703 3190 735 3224 ei
762 3191 942 3225 dederant
966 3191 1004 3224 et
1029 3187 1250 3223 cenotafium
1277 3187 1325 3221 M
1341 3187 1353 3231 ΙΙ
1372 3190 1416 3222 26
1443 3186 1722 3231 cenotaphium]
1750 3187 1936 3222 tumulum
1960 3198 2017 3223 ce-

318 3237 497 3272 notafium
522 3236 563 3271 F
578 3238 590 3282 ΙΙ
618 3236 869 3282 cenotaphion
893 3236 1057 3272 RASH
1073 3236 1084 3281 ΙΙ
1111 3238 1157 3270 26
1183 3233 1364 3269 dederunt
1388 3232 1479 3269 FO:
1505 3233 1685 3269 dederant
1708 3233 1929 3269 RASHM
