2124 3600
489 247 640 284 coMM.
668 247 720 283 ΙΝ
745 223 889 284 1111110.
915 244 1027 282 AEN.
1056 246 1124 282 vn
1151 250 1349 282 140-162.
1686 246 1769 289 137

49 357 268 413 'virgines3
299 372 402 400 nam
433 357 540 400 haec
570 357 712 400 fuerat
742 355 864 412 regia
893 354 1062 398 Numae
1092 354 1315 410 Pompilii:
1348 355 1401 398 ad
1436 356 1593 399 atrium
1626 358 1772 400 autem

60 428 220 472 Vestae
252 429 554 485 conveniebat,
586 429 700 485 quod
733 443 759 471 a
788 427 951 483 templo
984 429 1200 469 remotum
1230 426 1384 469 fuerat.
1716 427 1727 435 '

181 500 279 544 157.
327 512 473 544 FOSSA
500 501 633 544 sulco.
676 502 720 542 et
746 501 845 543 sunt
869 499 956 542 ista
980 499 1221 555 reciproca3
1252 513 1354 541 nam
1381 501 1424 541 et
1450 499 1617 543 sulcum
1647 501 1773 556 ponit

59 583 138 628 pro
177 573 314 629 fossa,
357 574 407 615 ut
444 573 607 615 ausim
648 573 729 615 vel
769 571 912 614 tenui
953 570 1112 614 vitem
1156 570 1483 613 committere
1527 572 1688 627 sulco,
1728 572 1771 614 id

61 646 128 686 est
158 645 287 687 fossa.
1797 651 1818 683 5

183 715 277 759 158.
326 728 637 767 MOLITVRQVE
669 727 830 762 LocvM
861 718 1105 771 praeparat.
1220 725 1483 765 PRIMASQVE
1514 726 1565 756 IN
1597 726 1771 757 LITORE

60 799 204 831 SEDES
236 788 331 830 ideo
365 787 585 844 ‘primas'7
616 787 717 843 quia
748 786 978 843 imperium
1009 785 1239 829 Lavinium
1269 786 1564 829 translaturus
1597 788 1675 829 est.
1730 788 1774 828 et

62 858 282 901 sciendum
318 858 557 915 civitatem,
596 874 726 915 quam
763 858 904 914 primo
940 857 1044 900 fecit
1074 858 1266 913 Aeneas,
1302 857 1479 901 Troiam
1515 857 1674 901 dictam
1709 873 1772 900 se-

59 929 246 973 cundum
278 928 488 973 Catonem
520 932 563 973 et
593 930 782 973 Livium:
824 930 938 985 quod
979 931 1023 971 et
1059 930 1151 985 ipse
1190 929 1295 972 dicit
1327 929 1418 986 <IX
1450 929 1564 985 641>
1595 944 1686 972 nec
1723 933 1772 972 te

59 1001 215 1044 Troia
247 1002 399 1058 capit.
1799 1009 1844 1040 10

179 1073 274 1116 159.
325 1080 603 1117 c‘ASTRORVM
634 1086 683 1116 IN
715 1085 884 1116 MOREM
920 1073 1095 1116 brevem
1133 1073 1306 1117 scilicet.
1426 1085 1579 1117 Pmms
1611 1085 1770 1124 ATQVE

56 1157 246 1188 AGGERE
286 1161 429 1202 muro,
469 1146 516 1188 in
553 1161 638 1202 quo
676 1146 833 1202 pinnae
873 1147 984 1188 sunt.
1038 1147 1082 1187 et
1121 1147 1188 1187 est
1226 1144 1506 1200 synecdoche.
1569 1143 1771 1202 ‘aggere'

60 1219 204 1259 autem
235 1218 366 1260 fossa.

180 1289 275 1332 160.
318 1300 496 1340 IAMQVE
520 1302 629 1332 ITER
655 1301 827 1333 EMENSI
854 1300 1032 1331 TVRREs
1059 1300 1131 1330 ET.
1153 1300 1193 1330 Τ.
1214 1299 1255 1331 L.
1282 1287 1584 1343 hypermetrus
1609 1303 1772 1332 versus.

181 1361 277 1403 161.
325 1372 550 1412 MVROQVE
588 1372 819 1404 svmssANT
860 1360 963 1403 alibi
1001 1375 1077 1416 per
1116 1359 1430 1415 accusativum,
1467 1364 1516 1402 ut
1554 1359 1622 1416 <X
1657 1360 1771 1416 798>
1802 1366 1843 1406 15

58 1431 259 1475 Aeneae
291 1432 455 1475 subiit
485 1447 774 1475 mucronem
805 1433 1074 1488 ipsumque
1100 1433 1385 1476 morantem
1416 1432 1682 1475 sustinuit.
1729 1435 1773 1474 et

57 1502 140 1546 hoc
179 1504 413 1546 secundum
450 1506 652 1546 naturam
690 1506 774 1560 est,
814 1519 916 1546 nam
949 1502 1007 1545 ‘it
1039 1503 1117 1546 sub
1150 1501 1421 1545 mucronem'
1455 1502 1636 1546 dicimus
1646 1519 1658 1561 ξ
1696 1518 1773 1559 per

62 1574 256 1617 dativum
288 1575 403 1617 enim
434 1575 669 1631 figuratum
701 1578 777 1618 est.

182 1646 278 1688 162.
327 1659 470 1690 PVERI
500 1659 560 1689 ET
587 1658 826 1690 PRIMAEVO
856 1658 1009 1690 FLORE
1040 1657 1273 1688 1VVEN'rvs
1306 1646 1415 1688 bene
1440 1646 1664 1689 Romanae
1696 1647 1772 1690 mi-

61 1717 183 1759 litiae
213 1718 415 1773 exprimit
440 1732 620 1773 morem3
652 1733 753 1760 nam
785 1719 887 1773 post
917 1718 1193 1773 pubertatem
1225 1717 1356 1760 armis
1389 1718 1699 1761 exercebantur
1731 1722 1774 1762 et
1798 1725 1844 1757 20

61 1790 182 1831 sexto
214 1788 379 1831 decimo
413 1804 526 1832 anno
558 1789 826 1845 militabant,
868 1804 952 1845 quo
985 1789 1118 1831 etiam
1150 1789 1243 1831 solo
1276 1789 1355 1831 sub
1388 1789 1640 1833 custodibus
1673 1804 1772 1847 age·

60 1860 177 1903 bant.
228 1875 306 1903 nec
332 1862 398 1902 est
423 1861 686 1905 contrarium
712 1860 827 1916 <46>
859 1861 1016 1916 longa
1047 1861 1267 1916 populos
1299 1861 1351 1903 in
1382 1875 1504 1916 pace
1537 1862 1772 1918 regebat:

59 1946 161 1974 nam
193 1930 295 1973 licet
327 1932 372 1974 in
402 1946 508 1987 pace
540 1935 702 1988 essent,
734 1932 984 1975 exercitium
1016 1935 1162 1975 tamen
1195 1932 1372 1989 vigebat
1403 1947 1635 1976 armorum.

154 2064 176 2095 4
201 2060 340 2107 ausim]
373 2071 499 2107 georg.
526 2062 560 2097 II
586 2065 654 2097 289
692 2063 704 2107 ΙΙ
743 2066 762 2098 7
789 2063 828 2098 et
852 2061 1044 2097 sciendum
1070 2072 1101 2097 e.
1128 2073 1162 2106 q.
1190 2067 1236 2108 s.J
1268 2062 1314 2098 cf.
1343 2061 1444 2098 Serv.
1471 2062 1521 2098 ad
1545 2061 1637 2099 Aen.
1665 2062 1682 2097 Ι
1708 2066 1729 2099 ὅ
1760 2062 1774 2111 ΙΙ

61 2112 107 2144 20
131 2119 220 2144 nam
244 2109 330 2154 post
354 2136 362 2144 .
382 2136 390 2145 .
412 2135 420 2143 .
446 2109 625 2156 agebant]
654 2120 769 2146 exscr.
797 2108 883 2145 Isid.
911 2119 963 2144 or.
989 2109 1040 2144 IX
1066 2113 1098 2155 3,
1125 2113 1171 2145 37

158 2231 175 2263 1
202 2228 360 2273 pompili
373 2228 418 2263 H
431 2229 443 2275 ΙΙ
462 2211 576 2264 &um
591 2229 641 2273 A,
667 2228 806 2265 atrium
824 2239 925 2274 supr.
945 2239 1033 2265 vers.
1054 2229 1143 2274 ipse,
1163 2232 1205 2265 ut
1223 2230 1381 2274 videtur,
1401 2230 1580 2266 librarius
1597 2231 1610 2276 ΙΙ
1629 2230 1771 2277 autem]

60 2285 149 2311 sane
169 2274 209 2310 F
225 2277 236 2322 ΙΙ
256 2279 277 2311 2
303 2276 551 2312 conveniebat
570 2306 577 2313 .
601 2303 608 2311 .
631 2305 639 2312 .
664 2277 803 2323 fuerat]
831 2287 962 2312 seneca
988 2276 1237 2313 conueniebat
1261 2278 1360 2322 quod
1387 2289 1410 2313 a
1434 2278 1603 2323 tempore
1629 2279 1773 2314 motum

61 2322 184 2358 fuerat
207 2323 281 2359 AS
306 2324 310 2369 Ι
339 2324 631 2360 conveniebatur
656 2324 863 2369 Stephanus
881 2325 894 2371 ΙΙ
919 2324 1020 2370 quod
1046 2353 1054 2360 .
1076 2352 1084 2360 .
1106 2352 1114 2361 .
1140 2325 1279 2371 fuerat]
1307 2325 1407 2370 quod
1432 2325 1556 2361 fuerat
1581 2337 1604 2361 a
1628 2326 1772 2371 templo

61 2371 245 2406 remotum
333 2372 344 2417 ΙΙ
375 2372 503 2417 tempo
528 2372 565 2408 R
591 2372 697 2417 (corr.
723 2374 756 2416 r)
782 2373 794 2419 ΙΙ
824 2373 979 2416 fortasse
1002 2383 1089 2408 nam
1116 2401 1123 2408 .
1146 2401 1154 2408 .
1175 2400 1184 2408 .
1210 2372 1388 2418 Pompilii
1409 2377 1494 2418 post
1518 2373 1642 2409 fuerat
1667 2374 1772 2410 collo-

63 2418 184 2453 canda
207 2421 294 2453 sunt
311 2419 324 2464 ΙΙ
352 2423 372 2453 3
398 2430 486 2454 nam
513 2447 520 2454 .
544 2449 550 2455 .
574 2448 581 2455 .
608 2420 709 2455 fossa
734 2431 799 2455 om.
826 2419 956 2455 ΕΒΗ
963 2421 1012 2455 Μ
1034 2421 1090 2465 (in
1114 2431 1229 2465 mary.
1255 2421 1374 2466 suppl.
1402 2422 1427 2466 l)
1453 2422 1465 2467 ΙΙ
1493 2424 1516 2455 4
1542 2421 1645 2456 sulco
1672 2432 1771 2457 com-

61 2464 212 2500 mittere
236 2465 354 2501 uitem
377 2466 499 2502 ASF
525 2468 537 2513 ΙΙ
567 2467 607 2502 id.
633 2468 691 2503 est
715 2467 817 2503 fossa
843 2479 908 2503 om.
936 2467 1024 2503 LH
1052 2470 1166 2512 (supr.
1192 2479 1280 2503 vers.
1308 2468 1391 2505 add.
1418 2469 1457 2514 I).
1495 2471 1707 2513 expectatur
1731 2468 1771 2503 id

62 2513 120 2547 est
143 2512 266 2549 fossae
284 2514 296 2559 ΙΙ
316 2517 337 2549 6
361 2515 579 2561 praeparat]
606 2515 717 2560 parat
741 2514 829 2549 LH
849 2516 955 2560 (corr.
981 2516 1020 2555 l).
1057 2514 1152 2551 alias
1178 2514 1356 2559 fabricat,
1383 2517 1426 2551 ut
1452 2516 1558 2558 (Aen.
1581 2516 1633 2551 III
1654 2517 1690 2561 6)
1718 2516 1773 2551 ‘et

61 2559 245 2605 phrygiae
270 2560 445 2597 molimur
462 2563 652 2598 montibus
678 2561 777 2597 idae’
807 2563 892 2599 add.
907 2562 946 2597 D
965 2563 976 2609 fl
997 2565 1017 2598 7
1042 2562 1126 2599 ideo
1152 2562 1292 2608 primas
1318 2574 1385 2599 om.
1400 2563 1533 2598 RLH
1548 2566 1661 2609 (supr.
1681 2574 1771 2599 vers.

64 2607 149 2642 add.
164 2608 190 2652 l)
211 2609 223 2654 ΙΙ
241 2607 486 2644 translaturus
513 2612 571 2646 est
595 2609 777 2645 lauinium
802 2609 877 2646 AS
892 2611 904 2656 ΙΙ
924 2613 945 2645 8
970 2610 1133 2658 Aeneas]
1162 2621 1228 2646 om.
1242 2610 1383 2646 RLM
1399 2611 1512 2656 (supr.
1534 2622 1623 2648 vers.
1644 2611 1729 2647 add.
1744 2611 1769 2656 l)

64 2664 96 2689 e.
122 2654 167 2689 H
182 2656 194 2701 ΙΙ
212 2653 310 2691 troia
334 2656 367 2690 L
386 2657 398 2702 H
417 2661 438 2692 9
465 2658 504 2692 et
529 2660 613 2693 ante
637 2657 717 2703 ipse
743 2668 810 2693 om.
830 2657 1015 2692 RLHM
1030 2658 1043 2703 ΙΙ
1064 2661 1105 2693 11
1132 2670 1335 2694 cAsrnonvu
1354 2686 1362 2694 .
1384 2686 1392 2694 .
1414 2687 1422 2695 .
1449 2657 1594 2694 scilicet
1617 2669 1683 2694 om.
1704 2658 1741 2694 R
1761 2659 1770 2704 ΙΙ

62 2701 214 2738 brevem
239 2702 397 2750 scilicet]
424 2704 496 2740 hoc
522 2705 580 2740 est
604 2705 757 2740 breuem
782 2704 870 2739 LH
901 2704 1057 2740 hocvest
1080 2705 1232 2741 breuem
1259 2705 1404 2742 scilieet
1429 2707 1487 2742 M.
1526 2707 1611 2748 fort.
1637 2706 1770 2742 breves

65 2749 102 2792 (i.
128 2760 156 2785 e.
182 2751 292 2796 sedes)
318 2750 463 2786 scilicet
481 2752 492 2797 ΙΙ
514 2756 556 2787 13
582 2754 707 2787 autem
732 2763 798 2789 om.
819 2751 952 2788 ΕΒΗ
974 2753 1072 2797 (add.
1100 2753 1126 2798 l)
1147 2754 1158 2799 ΙΙ
1177 2753 1294 2800 fossa]
1321 2765 1365 2789 ex
1390 2753 1492 2789 fossa
1515 2753 1770 2789 Burmannus.

62 2797 149 2840 fort.
177 2797 324 2843 ‘agger'
352 2799 450 2834 enim
476 2802 577 2835 terra
602 2799 747 2835 effossa.
783 2800 828 2843 cf.
855 2800 954 2836 Serv.
981 2801 1031 2836 ad
1056 2801 1148 2836 Aen.
1175 2800 1209 2835 X
1229 2804 1285 2836 24.
1317 2801 1439 2846 possis
1463 2804 1496 2836 et
1521 2802 1648 2837 autem
1672 2801 1773 2836 fossa

62 2845 211 2880 seclusis
247 2845 286 2880 et
319 2846 378 2881 est
407 2847 638 2891 synecdoche
673 2847 867 2892 ‘aggere'.
905 2848 917 2893 ΙΙ
962 2851 1005 2882 14
1034 2850 1267 2893 ypermetros
1299 2848 1374 2884 AS
1411 2848 1660 2894 (ypermetrus
1692 2850 1729 2894 a)
1760 2847 1773 2895 ΙΙ

0 2907 14 2939 3>
66 2894 108 2926 16
134 2891 235 2928 subit
258 2892 427 2928 ASRH
433 2894 482 2928 M
505 2895 611 2939 (corr.
638 2895 675 2937 a)
701 2895 712 2940 Ι]
742 2895 921 2931 morando
954 2895 1137 2941 Veryilius
1161 2896 1173 2941 ΙΙ
1206 2899 1250 2931 17
1274 2895 1321 2942 it]
1349 2907 1416 2931 om.
1442 2896 1515 2931 AS
1541 2897 1654 2949 (supr.
1681 2907 1770 2932 vers.

66 2939 149 2974 add.
170 2941 222 2985 a),
246 2938 287 2974 id
311 2939 352 2975 H
370 2941 381 2986 ΙΙ
399 2952 613 2977 mucromen
636 2942 670 2976 L
689 2942 701 2988 ss
720 2953 806 2978 nam
831 2953 897 2987 per
922 2942 1091 2978 datiuum
1116 2942 1201 2978 LF
1233 2954 1319 2979 nam
1346 2954 1412 2988 per
1437 2943 1583 2979 damtin
1607 2943 1654 2978 H
1684 2955 1770 2979 nam

63 2995 130 3029 per
154 2985 322 3022 datiuum
348 2988 448 3023 enim
474 2989 525 3023 M
558 2987 672 3034 (enim
698 2990 764 3025 del.
790 2990 838 3034 m)
871 2991 883 3036 ss
916 2994 958 3026 18
989 2990 1109 3036 figura
1134 2991 1191 3025 est
1215 2990 1251 3025 L
1287 2991 1503 3036 fuguratum
1530 2991 1587 3026 est
1611 2991 1657 3025 H
1682 2992 1694 3036 ΙΙ
1725 2994 1770 3025 20

66 3032 333 3087 exercebantur
356 3035 469 3071 armis
490 3036 562 3071 AS
579 3037 591 3082 ΙΙ
611 3037 835 3072 excebantur
853 3037 898 3072 H
912 3039 925 3083 ΙΙ
950 3042 992 3072 21
1021 3049 1093 3083 quo
1120 3067 1126 3073 .
1150 3066 1158 3073 .
1179 3065 1186 3073 .
1214 3037 1379 3083 agebant
1402 3049 1467 3073 om.
1489 3038 1525 3073 R
1544 3039 1555 3085 ΙΙ
1575 3038 1673 3083 quod
1695 3038 1741 3072 M
1759 3036 1771 3082 ΙΙ

68 3090 142 3123 quo
167 3082 281 3116 etiam
300 3082 396 3128 solo]
423 3094 615 3128 quousque
635 3083 887 3121 Burmannus.
913 3086 975 3121 sed
994 3086 1045 3129 cf:
1062 3085 1161 3121 Serv.
1182 3086 1231 3120 ad
1249 3085 1341 3120 Aen.
1360 3085 1394 3120 V
1414 3089 1483 3121 546
1502 3086 1514 3131 ΙΙ
1533 3085 1722 3130 degebant
1734 3083 1770 3118 Α

68 3126 246 3171 (agebant
269 3130 306 3173 a)
327 3129 507 3165 dicebant
532 3130 560 3166 S
578 3132 590 3176 ΙΙ
616 3135 660 3166 22
686 3131 860 3178 populos]
887 3132 1056 3178 placidas
1089 3132 1272 3176 Veryilius
1290 3133 1302 3178 ΙΙ
1320 3133 1502 3178 regebant
1527 3132 1639 3168 ASL
1663 3132 1768 3174 (corr.

68 3174 127 3225 aJ)
153 3175 165 3219 11
189 3178 233 3209 23
261 3177 382 3211 essent
404 3176 459 3212 F:
486 3178 585 3213 esset
607 3179 740 3223 reliqui
762 3181 775 3226 ss
801 3179 979 3215 exercitio
1003 3179 1084 3215 RL
1109 3178 1341 3225 (exercitium
1367 3181 1392 3226 l)
1424 3178 1642 3217 exercitatio
1668 3187 1770 3214 exer-

69 3219 198 3255 citium
225 3221 274 3256 M
303 3222 534 3268 (exercitatio
560 3226 627 3262 del.
651 3227 701 3270 m)
