2092 3614
321 259 408 302 502
1096 260 1256 298 SERVII

319 371 443 412 tum:
474 384 576 411 nam
609 368 783 412 ‘eastra’
811 370 1080 413 accusativus
1106 371 1287 426 pluralis
1314 373 1391 427 est,
1424 371 1498 427 qui
1524 372 1672 414 multis
1699 387 1887 415 errorem
1912 372 2030 428 facit,

319 444 369 483 ut
406 441 603 483 videatur
640 455 733 483 esse
770 441 1083 498 nominativus,
1122 443 1222 497 quia
1259 445 1414 485 neutra
1454 443 1639 499 triptota
1669 446 1769 486 sunt
1800 447 1843 486 et
1875 443 2028 487 similis

320 514 386 555 est
417 512 710 554 nominativus
744 513 1001 556 accusativo.

436 584 534 626 231.
585 596 679 626 REX
718 596 816 627 IPSE
849 595 1052 628 LATINVS
1091 586 1165 641 qui
1203 588 1278 628 aut
1317 586 1532 629 consolari
1570 586 1734 642 debuit,
1774 589 1850 629 aut
1885 587 2027 629 defen-

270 662 292 693 5
317 654 481 697 dendae
511 655 776 711 reipublicae
809 656 925 698 aliud
958 657 1067 699 inire
1100 657 1339 700 consilium.

243 1020 287 1052 10

242 1378 284 1410 15

238 1736 284 1768 20

435 727 534 770 232.
584 739 804 770 FATALEM
835 739 1023 770 AENEAN
1053 740 1321 772 MANIFEs'ro
1352 741 1532 772 NVMINE
1565 741 1704 772 FERRI
1736 729 1865 772 modo
1905 729 2026 783 ‘fata-

316 797 408 840 lem'
440 798 731 854 perniciosum
763 798 964 841 omnibus
991 798 1181 856 Aenean,
1212 800 1273 843 vel
1303 801 1428 843 exitio
1456 801 1648 854 futurum
1673 802 1871 844 omnibns.
1921 800 2026 844 ma-

313 869 475 912 nifesto
508 869 699 913 numine'
731 874 886 922 antem,
918 871 961 913 id
994 873 1061 914 est
1092 871 1323 915 manifesto
1355 872 1533 915 deorum
1564 872 1740 929 iudicio,
1773 872 1826 915 ad
1850 871 2026 915 Italiam

313 941 501 998 venisse,
538 942 764 984 numinum
802 942 868 984 ira
905 944 1110 999 testatur,
1149 958 1278 999 quam
1311 944 1611 1000 cognoscimus
1643 946 1864 986 tantorum
1897 943 2024 987 caede

314 1013 541 1056 sociorum.
603 1017 642 1056 et
678 1016 737 1056 est
777 1014 897 1056 ordo:
934 1014 1108 1067 fatalem
1144 1014 1318 1058 Aenean
1352 1015 1460 1068 ferri
1495 1015 1713 1068 manifesto
1749 1016 1919 1058 numine
1954 1016 2024 1058 ad-

312 1088 448 1127 monet
475 1086 545 1127 ira
574 1086 706 1128 deum.

431 1156 530 1199 235.
581 1168 703 1199 AL'rA
735 1167 878 1198 INTRA
910 1168 1078 1198 LIMINA
1110 1168 1250 1199 COGIT
1283 1157 1505 1212 quaeritur
1531 1172 1605 1200 cur
1631 1157 1686 1200 ad
1711 1159 1926 1214 privatam
1953 1159 2024 1202 do-

313 1242 431 1270 mum
467 1231 726 1271 convocetur
758 1230 944 1283 senatus,
980 1227 1054 1283 qui
1086 1242 1174 1270 non
1204 1227 1289 1270 nisi
1321 1228 1375 1270 ad
1406 1229 1578 1284 publica
1608 1230 1652 1271 et
1683 1232 1894 1286 augurato
1927 1245 2023 1273 con-

312 1298 402 1341 dita
439 1299 537 1342 loca
568 1300 794 1343 convenire
826 1298 1064 1342 consuevit.
1127 1299 1199 1341 sed
1233 1299 1392 1342 scimus
1425 1299 1602 1342 domum
1633 1299 1778 1342 Latini
1810 1302 2022 1357 augurato

311 1370 529 1413 conditam
562 1373 605 1413 et
636 1370 815 1413 eandem
847 1373 939 1412 tam
970 1370 1183 1425 templum
1214 1369 1361 1426 fuisse,
1394 1386 1524 1427 quam
1553 1371 1734 1414 curiam:
1766 1387 1950 1428 namque
1975 1372 2022 1414 111

311 1442 606 1497 superioribus
636 1442 821 1498 legimus
848 1440 963 1497 <VII
986 1442 1097 1497 170>
1122 1443 1315 1484 tectum
1348 1444 1645 1498 augustum,
1677 1442 1721 1484 id
1746 1446 1813 1485 est
1839 1443 2021 1500 augurio

311 1513 543 1566 conditum,
574 1514 679 1556 item
710 1514 840 1569 paulo
872 1514 972 1569 post
1004 1513 1149 1568 (173)
1182 1512 1302 1555 111110
1335 1515 1541 1568 sceptra
1572 1514 1806 1569 accipere
1840 1516 1890 1556 et
1918 1515 2021 1570 pri-

309 1599 415 1627 mos
460 1585 708 1628 attollere
750 1585 920 1628 fasces
964 1585 1179 1640 regibus
1223 1599 1366 1627 omen
1410 1588 1540 1642 erat,
1586 1586 1680 1629 1100
1724 1585 1834 1628 illis
1879 1587 2021 1630 curia

309 1657 566 1712 templum.
630 1657 787 1700 merito
826 1670 929 1713 ergo
966 1656 1020 1698 ad
1053 1655 1228 1699 domum
1261 1657 1389 1712 regis,
1421 1657 1546 1712 quasi
1578 1656 1632 1699 ad
1663 1657 1807 1700 10011111
1834 1658 2020 1713 yentibus

308 1727 542 1784 publicum,
568 1731 831 1772 convocatur
857 1729 1052 1770 senatus:
1083 1742 1185 1769 nam
1212 1727 1275 1769 ait
1299 1727 1343 1769 in
1370 1728 1554 1783 septimo
1579 1727 1725 1783 <192>
1751 1729 1849 1771 tali
1879 1729 2019 1772 intus

307 1799 501 1855 templo
543 1799 712 1842 divum
742 1800 1018 1856 patriaque
1050 1798 1268 1841 Latinus
1302 1799 1418 1842 sede
1451 1799 1645 1842 sedens.
1694 1798 1853 1842 idcirco
1887 1800 2018 1843 etiam

308 1869 354 1912 in
384 1870 542 1913 Palatii
574 1872 697 1927 atrio,
730 1871 844 1927 quod
878 1872 1090 1927 augurato
1117 1871 1339 1914 conditum
1365 1872 1443 1927 est,
1475 1870 1589 1927 apud
1615 1870 1800 1913 maiores
1826 1871 2018 1914 consule-

307 1942 435 1984 batur
473 1945 667 1985 senatus:
705 1943 780 1985 ubi
818 1942 952 1985 etiam
991 1942 1102 1984 aries
1145 1942 1472 1998 immolabatur,
1499 1941 1640 1998 quod,
1675 1943 1725 1983 ut
1756 1941 1802 1984 in
1833 1942 2018 1997 septimo

275 2054 278 2056 ,
307 2012 456 2068 <175>
489 2013 689 2069 diximus,
721 2013 940 2070 Vergilius
972 2013 1024 2056 ad
1051 2013 1198 2056 Latini
1229 2013 1454 2056 transtulit
1485 2012 1672 2055 domum.
1721 2013 1847 2055 multi
1871 2013 2019 2056 dicunt

236 2094 281 2125 25

235 2451 281 2483 30

307 2084 448 2140 perite
481 2084 724 2141 Vergilium
755 2099 834 2128 nec
864 2085 1020 2141 templi
1052 2099 1129 2127 nec
1161 2084 1304 2128 curiae
1334 2085 1417 2127 1100
1447 2085 1542 2127 1000
1574 2083 1728 2127 fecisse
1759 2098 2013 2127 commemo-

305 2155 539 2210 rationem,
573 2157 648 2199 sed
678 2159 850 2199 tantum
883 2156 1043 2199 dixisse
1076 2155 1207 2199 ‘tecta
1236 2154 1386 2212 regia',
1419 2159 1468 2198 ut
1499 2155 1755 2208 ostenderet,
1789 2156 2014 2198 consilium

306 2226 420 2283 Quod
458 2229 610 2284 initur,
646 2244 737 2272 non
775 2243 869 2272 esse
907 2228 1228 2284 complendum,
1272 2227 1373 2284 quia
1411 2241 1490 2271 nec
1526 2227 1609 2270 rite
1647 2229 1715 2270 est
1744 2226 2016 2270 inchoatum:

306 2314 356 2341 ea
388 2299 503 2342 enim
535 2314 644 2355 quae
676 2300 782 2343 dicit
810 2299 1007 2352 Latinus,
1040 2299 1193 2342 effectu
1225 2299 1445 2342 carebunt.

425 2371 525 2413 236.
575 2382 684 2413 OLLI
725 2370 821 2413 ‘illi'
865 2371 1098 2413 secundum
1134 2369 1339 2413 Ennium.
1399 2373 1438 2412 et
1472 2369 1782 2424 intelleyendum
1817 2365 1927 2411 κατὰ
1964 2365 2014 2412 τὸ

307 2438 610 2497 σιωπώμενον,
643 2442 835 2485 ,Turnum
863 2455 1020 2496 quoqne
1049 2442 1220 2497 venisse,
1249 2442 1322 2495 qni
1352 2442 1397 2483 in
1427 2441 1633 2496 superiore
1665 2441 1767 2483 libro
1797 2454 1825 2500 ις
1854 2440 2016 2483 Iunone

305 2512 534 2555 subtractus
556 2526 724 2567 pnynae
741 2513 928 2555 Ardeam
951 2515 1202 2567 pervenerat.
1293 2523 1480 2555 FLVVNT
1513 2511 1772 2554 festinanter
1797 2511 2013 2555 incedunt.

425 2583 524 2625 238.
573 2595 633 2625 ΕΤ
670 2595 838 2626 PRIMVS
871 2594 1089 2627 SCEPTRIS
1127 2583 1291 2638 primus
1329 2583 1442 2625 inter
1482 2582 1767 2638 sceptriferos.
1827 2597 2011 2639 namque

306 2654 421 2710 apud
469 2654 654 2697 maiores
698 2669 848 2697 omnes
893 2654 1020 2697 duces
1065 2669 1162 2697 cum
1203 2654 1386 2709 sceptris
1429 2654 1786 2710 ingrediebantur
1830 2654 2013 2719 curiam3

401 2764 424 2795 4
449 2761 515 2795 aut
538 2770 606 2795 om.
627 2759 667 2795 F
682 2761 695 2806 ΙΙ
722 2759 907 2795 consulari
933 2759 1001 2805 Fu
988 2760 1111 2807 naut]
1138 2761 1176 2795 et
1200 2759 1236 2795 R
1274 2760 1313 2795 et
1338 2761 1405 2795 aut
1429 2760 1474 2794 H
1487 2761 1500 2805 ΙΙ
1524 2758 1779 2795 defendendae
1803 2758 1858 2794 rei
1881 2771 1917 2804 p.
1945 2758 2009 2794 M:

305 2807 502 2843 defendere
526 2807 576 2852 ip.
603 2807 675 2843 AS
717 2806 915 2843 defendere
940 2807 978 2842 R
1021 2808 1179 2843 defende
1204 2807 1308 2853 reip
1309 2807 1389 2842 H
1391 2807 1432 2841 F
1471 2807 1538 2843 aut
1562 2806 1762 2842 defendere
1786 2815 1866 2841 rem
1888 2805 2010 2858 publi—

306 2865 388 2890 cam
414 2856 481 2890 aut
505 2855 608 2890 aliud
632 2854 726 2890 inire
753 2854 946 2890 consilium
972 2855 1071 2891 Lion
1095 2856 1107 2902 ΙΙ
1139 2859 1158 2890 ’7
1186 2856 1236 2891 ad
1260 2820 1423 2890 mium
1446 2865 1474 2891 s.
1500 2865 1530 2889 v.
1558 2853 1806 2907 perniciosum
1832 2853 1871 2888 et
1894 2851 2010 2888 exitio

304 2902 470 2937 futurum
495 2902 666 2937 omnibus
694 2902 728 2937 T
744 2903 756 2949 ΙΙ
784 2906 805 2938 9
830 2902 926 2938 iram
952 2902 1020 2949 Ru
1045 2903 1281 2956 agnoscimus
1306 2902 1351 2937 H
1365 2903 1377 2948 ss
1408 2906 1451 2937 10
1475 2902 1589 2937 falem
1616 2900 1657 2936 F
1672 2902 1684 2947 ΙΙ
1701 2900 1849 2936 nomine
1874 2900 1915 2941 F
1929 2901 2011 2945 uad

304 2961 396 2985 1111111
423 2960 492 2984 om
516 2962 548 2986 11.
577 2950 622 2996 (v.
644 2952 728 2995 233)
754 2950 842 2986 ante
867 2948 1000 2985 faciem
1029 2949 1338 2995 prospicientium
1364 2948 1509 2984 scilicet
1532 2948 1736 2984 admonent
1763 2947 1823 2993 ΤΙΙ
1855 2951 1897 2983 13
1924 2958 2008 2983 0011-

305 2996 386 3032 dita
411 3023 419 3031 .
447 3025 454 3032 .
482 3023 490 3031 .
516 2998 699 3042 augurato
731 3008 798 3033 om.
824 2997 861 3032 R
897 2998 909 3044 ΙΙ
948 3001 992 3032 14
1025 2997 1258 3033 consueuerit
1288 2997 1361 3032 AS
1404 2996 1592 3032 consuerit
1617 2995 1667 3030 M
1700 2997 1713 3040 ΙΙ
1749 2998 1795 3029 20
1830 3006 1918 3030 nam
1955 2995 2011 3031 ait

336 3073 344 3080 .
366 3072 373 3079 .
401 3044 664 3079 consulebatur
689 3046 840 3080 senatus
864 3055 930 3080 om.
936 3045 989 3080 ‚R
1013 3045 1024 3091 ΙΙ
1056 3049 1100 3080 22
1128 3044 1241 3091 atrio]
1268 3044 1367 3080 traio
1392 3043 1438 3079 H
1451 3044 1463 3090 ΙΙ
1494 3042 1613 3078 ditum
1639 3043 1697 3088 (de
1722 3042 1925 3087 conditum)
1952 3044 2009 3078 est

365 3091 600 3128 ,Cumarum
626 3091 817 3128 adlabitur
841 3092 913 3128 oris
933 3093 979 3136 (v.
999 3093 1083 3137 239)
1105 3103 1170 3127 om.
1186 3093 1230 3127 H
1245 3092 1257 3139 ΙΙ
1276 3096 1321 3127 26
1341 3091 1476 3126 dixisse
1495 3091 1595 3125 intra
1613 3091 1715 3125 tecta
1733 3088 1807 3125 AS
1822 3091 1835 3135 ΙΙ
1853 3093 1898 3125 27
1918 3089 2007 3143 rite]

304 3119 448 3176 rectum
473 3138 514 3175 F
534 3140 548 3185 ΙΙ
575 3140 633 3175 est
657 3150 723 3175 om.
744 3139 847 3185 ΑΒΗ
877 3144 923 3176 28
948 3150 993 3175 ea
1018 3139 1131 3185 enim]
1160 3140 1199 3174 01
1224 3150 1268 3175 ea
1292 3139 1332 3174 F
1348 3140 1359 3185 ΙΙ
1390 3142 1434 3174 29
1460 3138 1510 3173 ad
1534 3148 1565 3172 v.
1593 3141 1663 3172 236
1689 3137 1748 3171 hic
1773 3136 2009 3183 intellegitur

306 3187 391 3223 cata
420 3190 460 3223 to
492 3187 735 3233 siopumenon
769 3186 885 3224 etiam
914 3187 1066 3222 turnum
1096 3185 1244 3222 uenisse
1276 3186 1340 3231 qui
1370 3186 1410 3220 in
1440 3184 1691 3231 superioribus
1722 3195 1744 3220 a
1775 3184 1911 3221 iunone
1937 3211 1946 3220 .
1968 3212 1976 3220 .
1997 3211 2005 3219 .

302 3234 527 3280 peruenerat
554 3235 588 3269 T
609 3236 621 3281 ΙΙ
646 3238 690 3270 31
716 3234 822 3271 schol.
849 3236 899 3271 ad
922 3247 1060 3271 anvm·
1085 3245 1151 3269 om.
1172 3234 1213 3269 F
1233 3236 1246 3280 ΙΙ
1269 3246 1384 3270 nvvsr
1407 3232 1480 3268 AS
