2124 3600
258 1023 301 1054 10

259 1377 308 1411 15

259 1737 304 1769 20

261 2094 306 2126 25

286 2743 292 2746 .
337 2725 402 2749 om.
424 2713 579 2749 ASFO
593 2715 606 2760 ΙΙ
625 2718 645 2750 8
672 2713 780 2761 item]
808 2714 865 2750 est
891 2724 980 2758 ergo
1000 2713 1048 2756 F,
1074 2723 1139 2748 om.
1163 2711 1194 2747 Ο
1209 2713 1220 2758 ΙΙ
1242 2715 1285 2746 10
1304 2711 1394 2747 uiris
1416 2710 1447 2746 G
1461 2711 1473 2756 ss

325 262 380 304 72
1094 261 1255 299 SERVII

323 371 584 414 iniunctum?
705 383 829 414 ARVA
866 382 1118 413 TENEBANT
1157 382 1333 414 VLTIMA
1375 353 1496 426 atqui
1533 372 1670 414 multa
1708 372 1846 414 adhuc
1884 387 2029 428 super-

325 445 437 485 sunt.
499 441 573 484 sed
605 442 712 485 dixit
743 444 953 498 quantum
985 442 1038 484 ad
1071 458 1099 497 y
1131 443 1318 497 pertinet
1349 442 1560 485 litteram:
1598 442 1643 485 in
1674 442 1742 485 his
1777 443 1890 485 enim
1921 458 2030 499 quae

324 514 433 556 dixit
470 514 606 557 mixta
643 516 744 557 sunt
781 514 1014 557 virtutibus
1054 513 1177 569 vitia,
1218 513 1263 555 in
1304 513 1371 555 his
1410 515 1553 556 autem
1592 529 1698 569 quae
1737 514 1929 557 dicturus
1968 517 2034 557 est

324 587 557 627 nocentum
581 599 745 640 poenas
774 600 798 627 a
824 585 993 640 piorum
1021 587 1224 640 segregat
1249 585 1428 628 meritis.
1475 600 1577 627 nam
1601 585 1747 641 inferi,
1774 587 1821 628 ut
1846 585 2031 627 diximus

325 671 456 712 supra
488 656 653 712 (127),
690 657 927 699 humanam
965 656 1189 698 continent
1227 657 1380 711 vitam,
1419 656 1502 699 hoc
1541 658 1606 699 est
1644 656 1833 699 animam
1864 657 1910 698 in
1942 671 2034 699 cor-

324 743 428 783 pore
467 728 763 771 constitutam.
824 728 932 770 haec
971 729 1114 769 autem
1154 742 1262 783 quae
1301 727 1411 770 dixit
1454 728 1588 770 mixta
1626 743 1718 771 esse
1756 728 2034 770 manifestum

325 801 411 842 est:
449 800 552 842 licet
590 800 702 842 enim
734 800 780 841 in
812 799 916 842 viris
950 798 1136 841 fortibus
1169 798 1368 842 laudetur
1398 799 1554 855 virtus,
1592 802 1659 842 est
1689 801 1836 841 tamen
1867 799 2035 855 vitupe-

325 871 460 913 rabile
493 870 681 913 alienum
713 870 945 926 imperium
977 870 1178 912 caedibus
1212 884 1438 926 occupare3
1470 871 1576 913 item
1607 885 1750 913 amare
1782 870 2035 927 privignum

326 943 487 986 crimen
519 945 601 998 est,
642 942 780 985 virtus
812 943 1028 985 maritum.
1092 943 1167 984 alii
1199 942 1476 984 distinctione
1509 944 1679 984 mutata
1710 941 1875 984 dicunt:
1921 945 2036 984 tene-

326 1014 433 1057 bant
471 1029 592 1069 arva,
629 1028 737 1069 quae
776 1014 930 1056 ultima
962 1014 1044 1057 viri
1081 1013 1214 1057 fortes
1247 1014 1543 1069 frequentant,
1583 1013 1628 1055 id
1660 1015 1726 1055 est
1758 1028 1865 1069 quae
1898 1013 2037 1068 possi-

327 1086 429 1128 dent
459 1085 623 1127 ultima.

445 1157 545 1200 479.
595 1168 673 1199 mc
693 1168 791 1198 ILLI
812 1167 1044 1199 oocvnmr
1065 1167 1247 1198 TYDEvs
1277 1155 1488 1198 Althaeae
1515 1158 1558 1198 et
1583 1155 1717 1198 Oenei
1742 1156 1875 1211 filius,
1908 1170 2035 1211 quem

328 1229 372 1270 in
404 1228 519 1270 bello
553 1227 759 1270 Thebano
791 1226 1064 1282 Melanippus
1097 1226 1292 1269 extinxit.

447 1300 548 1343 480.
596 1309 998 1341 PARTHENOPAEVS
1034 1297 1307 1353 Melanippae
1353 1300 1396 1339 et
1434 1297 1605 1350 Martis,
1651 1298 1738 1341 sive
1776 1298 2037 1341 Melanionis

328 1371 462 1427 filius,
493 1386 567 1413 rex
588 1370 798 1413 Arcadiae
823 1370 924 1425 fuit,
957 1370 1029 1425 qui
1055 1369 1263 1411 Thebana
1294 1369 1408 1412 bella
1440 1384 1546 1424 puer
1579 1369 1808 1412 admodum
1840 1370 1978 1426 petiit.

328 1454 529 1485 ADRASTI
562 1452 820 1484 PALLENTIS
852 1452 1000 1483 IMAGO
1038 1455 1114 1483 rex
1147 1438 1342 1495 Sicyonis
1376 1439 1588 1483 Adrastus
1628 1441 1767 1496 primo
1799 1441 1900 1497 fuit,
1937 1442 2039 1496 post

330 1514 612 1571 Argivorum,
645 1527 783 1568 socer,
814 1514 921 1555 sicut
943 1513 1099 1555 dictum
1124 1514 1198 1567 est,
1232 1511 1369 1566 Tydei
1402 1514 1445 1553 et
1470 1512 1702 1567 Polynicis.
1748 1512 1860 1568 quod
1893 1514 2038 1555 autem

330 1586 392 1628 ait
431 1584 677 1641 ‘pallentis'
717 1586 795 1627 aut
832 1584 1058 1640 epitheton
1096 1585 1162 1625 est
1198 1583 1395 1638 umbrae,
1434 1585 1509 1625 aut
1547 1583 1653 1626 illud
1691 1584 1896 1639 respexit,
1938 1583 2040 1640 quia

330 1657 374 1699 in
426 1656 539 1699 bello
583 1656 790 1699 Thebano
835 1655 1101 1714 consumptis
1147 1669 1219 1697 sex
1270 1655 1448 1697 ducibus
1499 1655 1616 1698 solus
1668 1655 1849 1711 aufugit.
1909 1656 2039 1712 fugae

331 1731 475 1772 autem
507 1742 649 1771 comes
683 1742 852 1782 semper
884 1729 949 1769 est
981 1726 1134 1782 pallor.

450 1800 549 1842 481.
598 1811 792 1842 MVLTVM
831 1810 967 1841 FLETI
1010 1798 1051 1840 id
1092 1800 1158 1840 est
1198 1797 1386 1850 nobiles,
1431 1812 1613 1853 quorum
1657 1800 1842 1841 mortem
1879 1812 2040 1855 magna

331 1871 525 1927 sequitur
556 1870 823 1913 lamentatio.
922 1882 984 1912 AD
1017 1885 1095 1925 pro
1123 1868 1279 1925 ‘apud’.
1378 1881 1549 1912 CADVCI
1580 1870 1652 1923 qui
1677 1870 1776 1912 bello
1801 1871 2039 1926 ceciderunt,

330 1943 378 1986 id
405 1945 464 1985 est
495 1942 671 1997 mortui,
705 1956 730 1984 a
762 1942 967 1984 cadendo:
1000 1941 1111 1983 unde
1143 1943 1187 1983 et
1218 1941 1427 1984 cadavera
1458 1940 1584 1984 dicta.

450 2014 550 2056 482.
600 2024 759 2056 LONGO
799 2025 973 2056 ORDINE
1011 2012 1179 2068 ingenti
1216 2011 1511 2067 multitudine,
1554 2014 1602 2054 ut
1640 2011 1710 2066 <II
1744 2012 1858 2068 766>
1895 2014 2041 2069 pueri

333 2087 384 2127 et
415 2085 634 2141 pavidae
668 2086 824 2141 longo
858 2084 1036 2127 ordine
1063 2086 1271 2140 matres,
1301 2099 1391 2126 non
1417 2084 1470 2126 ad
1497 2084 1689 2126 ordinem
1717 2086 1893 2127 stantes.
1937 2100 2040 2128 sane

333 2156 421 2199 ‘in'
454 2156 597 2199 minus
631 2158 712 2198 est:
751 2156 795 2198 in
829 2157 961 2212 longo
994 2155 1163 2207 ordine,
1194 2155 1238 2197 in
1269 2155 1437 2211 ingenti
1469 2155 1755 2197 multitudine.

452 2228 552 2271 484.
602 2239 706 2271 TRIS
748 2237 1079 2270 ANTENORIDAS
1124 2225 1248 2268 multi
1293 2241 1425 2281 supra
1468 2226 1606 2268 dictos
1652 2226 1882 2281 accipiunt:
1928 2227 2041 2283 quod

431 2408 473 2440 17
501 2403 601 2449 Quod
626 2405 750 2441 autem
775 2432 782 2439 .
806 2433 814 2441 .
836 2431 842 2438 .
871 2403 1009 2451 pallor]
1039 2403 1083 2439 cf.
1110 2403 1216 2439 Luct.
1237 2403 1337 2439 Plae.
1364 2401 1413 2437 ad
1438 2401 1531 2439 Stat.
1550 2399 1665 2438 Theb.
1686 2402 1720 2437 II
1740 2405 1808 2438 421
1836 2403 1874 2438 et
1899 2402 1950 2438 III
1970 2406 2038 2439 542

1055 2542 1074 2561 a

432 2575 450 2605 1
478 2570 600 2618 atqui]
627 2573 692 2614 aut
717 2570 807 2617 quia
831 2570 866 2606 A
904 2571 971 2605 aut
995 2570 1059 2615 qui
1085 2568 1115 2606 S
1149 2570 1261 2614 atque
1288 2569 1328 2603 H
1355 2570 1367 2614 ΙΙ
1395 2572 1416 2603 2
1442 2568 1506 2604 sed
1531 2567 1666 2604 ultima
1692 2567 1787 2604 dixit
1811 2569 1862 2603 M
1895 2570 1957 2605 sed
1984 2569 2041 2605 ul-

335 2618 430 2654 tima
464 2629 543 2654 esse
579 2618 674 2654 dixit
705 2619 922 2655 Masvicius.
968 2618 1013 2662 cf.
1042 2618 1090 2653 ad
1114 2628 1202 2653 vers.
1232 2621 1298 2652 136
1335 2618 1348 2663 ΙΙ
1383 2615 1550 2651 litteram
1582 2645 1589 2652 .
1619 2643 1625 2650 .
1655 2644 1661 2651 .
1695 2627 1835 2661 poenas
1867 2628 1933 2653 om.
1960 2617 2001 2651 H
2031 2616 2044 2664 Η

337 2671 357 2701 3
385 2666 527 2712 autem]
555 2666 652 2701 enim
678 2666 752 2702 AS
769 2669 781 2712 ΙΙ
810 2669 865 2702 est
890 2676 956 2700 om.
983 2664 1058 2700 AS
1080 2666 1193 2710 (supr.
1219 2675 1306 2701 vers.
1334 2664 1417 2700 add.
1445 2664 1482 2708 a)
1493 2665 1514 2745 f[l
1541 2663 1863 2756 ἳο06111311111ῗ1ῗ1111
1884 2668 2044 2758 blsspprtff

1509 2722 1549 2746 or
1569 2722 1607 2746 es
1635 2721 1700 2746 om.
1891 2723 1915 2746 u
1949 2722 2025 2747 ima

336 2761 407 2796 hoe
433 2762 489 2796 est
521 2762 607 2806 post
637 2762 797 2797 mortem
822 2762 906 2797 add.
933 2760 972 2795 D
1002 2761 1015 2805 ΙΙ
1053 2764 1094 2795 12
1121 2772 1183 2795 1110
1208 2771 1301 2795 mmo
1326 2759 1380 2795 vel
1403 2771 1464 2793 mc
1489 2758 1568 2794 illic
1593 2759 1700 2804 vulyo
1731 2759 1742 2805 ΙΙ
1780 2759 1900 2794 alteae
1926 2758 2009 2793 AF
2031 2758 2044 2806 ΙΙ

338 2808 422 2843 01161
448 2808 537 2844 RH
542 2810 590 2843 M
617 2810 628 2855 ΙΙ
659 2813 700 2844 13
727 2808 963 2854 melanippus
989 2808 1042 2842 R:
1067 2806 1310 2853 melitnippus
1335 2805 1409 2842 AS
1443 2806 1705 2851 menlapippus
1733 2805 1777 2840 H
1809 2806 2044 2851 112enalippus

337 2854 469 2891 FOM
489 2857 534 2899 cf.
555 2856 664 2893 Luct.
690 2857 793 2892 Plac.
820 2858 870 2892 ad
895 2856 988 2891 Stat.
1019 2855 1126 2890 Theb.
1152 2854 1204 2889 IV
1224 2858 1291 2890 639
1317 2854 1423 2890 schol.
1450 2854 1499 2889 ad
1524 2853 1606 2889 Iuv.
1633 2852 1719 2888 VIII
1739 2855 1808 2888 229
1827 2854 1840 2899 ΙΙ
1861 2857 1904 2888 14
1929 2853 2042 2889 1116183·-

337 2902 475 2948 nippae
500 2903 685 2939 ASRH:
718 2903 931 2949 menalippe
959 2902 990 2937 Ο
1029 2902 1275 2947 menalyppae
1304 2902 1353 2936 M
1392 2901 1456 2936 hic
1479 2900 1681 2936 athalantis
1707 2899 1748 2935 F
1788 2900 1848 2935 hic
1876 2900 2040 2936 Atlantis

337 2950 488 2994 Daniel,
512 2951 576 2995 qui
600 2951 660 2986 hic
680 2951 877 2986 Atalantes
903 2950 1002 2985 edere
1021 2950 1144 2985 debuit
1162 2950 1174 2994 ΙΙ
1194 2950 1231 2984 et
1257 2960 1321 2984 om.
1339 2948 1370 2983 0
1384 2949 1396 2994 ΙΙ
1419 2951 1460 2983 15
1486 2948 1559 2983 fuit
1577 2959 1643 2983 om.
1659 2947 1739 2982 SH
1741 2950 1790 2982 M
1802 2949 1814 2994 ΙΙ
1833 2947 1897 2992 qui
1916 2958 1982 2983 om.
2003 2948 2038 2982 A

337 2998 350 3046 Η
373 2997 474 3034 bello
502 2997 532 3033 G
552 2998 565 3043 ΙΙ
592 2998 688 3043 petit
712 2998 788 3034 AO
820 2997 926 3044 penit
951 2997 996 3031 H
1033 2996 1132 3041 perit
1155 2996 1235 3045 Fe}
1259 2998 1271 3042 ΙΙ
1307 3000 1348 3031 16
1376 2995 1534 3041 sycionis
1560 2995 1649 3030 ΑΗ
1655 2995 1703 3029 Μ
1741 2994 1885 3030 sitionis
1910 2995 1947 3029 R
1984 3006 2041 3040 sy·
2080 3000 2081 3003 ’

339 3044 483 3081 chionis
510 3044 541 3080 Ο
556 3046 568 3089 ΙΙ
588 3045 768 3081 Adrastus
794 3049 826 3082 et
849 3044 924 3081 fuit
949 3055 1014 3080 om.
1032 3044 1082 3079 M
1095 3044 1106 3090 ΙΙ
1128 3047 1169 3079 17
1195 3043 1370 3088 polinicis
1389 3043 1468 3078 AR
1505 3042 1691 3089 pollinicis
1717 3041 1764 3076 Η
1795 3041 1977 3087 polinycis
1998 3041 2049 3076 M

338 3092 529 3141 polynices
550 3091 591 3126 F
625 3092 820 3137 pollinices
848 3093 878 3129 Ο
893 3093 906 3138 ΙΙ
927 3095 969 3128 18
995 3090 1157 3138 palentis
1179 3090 1210 3126 G
1224 3091 1236 3135 ΙΙ
1255 3094 1301 3125 20
1327 3090 1441 3126 comis
1463 3088 1541 3124 FC'
1554 3091 1567 3135 ΙΙ
1585 3090 1643 3125 est
1668 3091 1813 3133 semper
1842 3089 1889 3123 M
1905 3090 1918 3134 ΙΙ
1937 3088 2043 3134 palor

340 3140 380 3175 F
395 3142 408 3186 ΙΙ
425 3144 470 3176 22
497 3139 677 3175 lamentio
697 3140 737 3174 F
745 3140 779 3175 G
797 3142 809 3186 ΙΙ
829 3139 1032 3176 ceciderint
1056 3138 1106 3182 F,
1130 3138 1272 3174 coro-exi
1290 3138 1303 3182 ΙΙ
1322 3141 1366 3172 23
1393 3137 1490 3171 unde
1516 3146 1581 3171 om.
1601 3134 1727 3170 ΓΘΗ
1740 3136 1752 3180 ΙΙ
1772 3135 1944 3171 dicuntur
1965 3135 2014 3171 M
2030 3135 2043 3183 Η

340 3191 387 3223 24
411 3186 556 3233 ingenti
583 3215 590 3222 .
613 3216 620 3223 .
643 3215 651 3222 .
677 3188 815 3223 matres
842 3199 906 3223 om.
929 3186 1030 3233 AS'll
1048 3185 1177 3221 tudine
1204 3213 1211 3220 .
1234 3214 1240 3221 .
1262 3216 1270 3222 .
1297 3183 1536 3220 multitudine
1563 3194 1628 3218 om.
1644 3182 1685 3218 F
1691 3182 1726 3217 G
1743 3183 1756 3227 ΙΙ
1775 3184 1816 3218 ut
1840 3183 1946 3228 pueri
1972 3212 1979 3219 .
2003 3213 2008 3219 .
2031 3211 2039 3220 .

341 3234 582 3270 multitudine
607 3245 672 3270 om.
702 3234 732 3270 O
760 3236 772 3280 Ι]
803 3239 847 3270 26
873 3246 939 3280 pro
965 3234 1004 3270 in
1028 3234 1142 3280 longo
1168 3231 1296 3269 ordine
1322 3232 1523 3268 Masvicius
1547 3232 1559 3278 ss
1587 3228 1632 3266 27
1658 3233 1742 3265 rans
1769 3230 1858 3265 AH
