2092 3614
497 255 647 292 COMM.
673 256 727 292 IN
751 255 894 292 VERG.
921 255 1033 291 AEN.
1062 255 1130 291 VII
1156 259 1354 292 751-776,
1691 255 1778 297 193

67 367 182 420 apud
215 365 497 420 Amphrysum
535 368 732 408 armenta
768 379 943 421 pascere
985 365 1213 407 divinitate
1254 365 1464 421 deposita.
1526 357 1599 407 sed
1638 363 1779 407 Diana

67 437 373 493 Hippolytum,
404 439 653 480 revocatum
685 438 739 479 ab
771 437 940 492 inferis,
971 437 1016 479 in
1042 435 1191 479 Aricia
1214 437 1435 492 nymphae
1461 436 1780 480 commendavit

67 507 253 565 Egeriae
280 511 324 552 et
351 524 448 552 eum
468 509 688 565 Virbium,
720 509 845 565 quasi
869 508 937 551 bis
965 508 1125 564 virum,
1159 508 1286 551 iussit
1311 509 1470 552 vocari.
1520 510 1640 552 cuius
1666 523 1779 551 nunc

68 580 206 623 filium
238 581 542 638 cognominem
568 581 672 624 dicit
704 581 750 623 in
780 580 943 623 bellum
967 580 1130 623 venire:
1163 579 1269 622 adeo
1296 580 1442 623 omnia
1467 580 1555 623 ista
1580 581 1781 623 fabulosa

68 651 182 695 sunt2
242 668 345 696 nam
383 668 481 696 cum
524 655 668 696 castus
712 652 873 707 ubique
916 651 1119 694 inductus
1164 651 1222 693 sit
1261 653 1304 694 et
1342 652 1416 707 qui
1454 666 1624 707 semper
1663 653 1779 695 solus

67 724 352 780 habitaverit,
387 724 592 767 habuisse
631 726 779 767 tamen
815 723 994 779 fingitur
1034 723 1182 766 filium.
1245 739 1292 766 re
1323 738 1427 766 vera
1459 725 1621 779 autem,
1658 726 1708 766 ut
1738 725 1782 765 et

70 811 199 852 supra
238 796 352 851 (84)
392 797 600 852 diximus,
638 795 817 839 Virbius
863 797 930 837 est
972 809 1132 838 numen
1176 795 1457 838 coniunctum
1500 794 1689 851 Dianae,
1732 797 1782 837 ut

69 868 201 909 matri
232 867 358 910 deum
390 867 528 924 Attis,
560 867 780 911 Minervae
812 866 1144 922 Erichthonius,
1175 866 1335 909 Veneri
1366 866 1549 911 Adonis.

190 940 286 982 762.
337 952 467 991 QVEM
497 951 658 982 MATER
687 949 847 981 ARICIA
877 949 1004 981 MISIT
1040 938 1193 981 civitas
1224 939 1347 981 iuxta
1372 938 1546 982 Albam.
1597 938 1780 982 ‘mater'

70 1012 212 1053 autem
250 1013 430 1068 propter
461 1011 707 1067 Augustum
748 1010 871 1066 dicit,
912 1010 987 1065 qui
1027 1009 1172 1052 fuerat
1208 1025 1260 1053 ex
1290 1010 1470 1053 Aricina
1507 1012 1646 1054 matre
1683 1025 1782 1066 pro-

69 1083 260 1138 genitus:
294 1098 344 1125 30
376 1083 414 1125 si
446 1083 622 1137 diceret,
656 1096 765 1138 quae
798 1081 910 1124 tanti
942 1082 1092 1124 auctor
1124 1084 1191 1124 est
1223 1082 1417 1138 generis..

191 1155 289 1197 763.
339 1166 545 1197 EGERIAE
583 1165 717 1197 LVOIS
755 1153 948 1210 nympha
984 1153 1031 1196 in
1061 1152 1240 1197 Aricino
1278 1169 1474 1210 nemore,
1513 1170 1643 1211 quam
1676 1154 1783 1196 ami-

70 1241 164 1269 cam
197 1241 319 1269 suam
347 1225 493 1269 Numa
524 1241 619 1269 esse
651 1226 846 1282 fingebat
877 1225 931 1268 ad
962 1225 1218 1269 firmandam
1249 1227 1397 1282 legum
1430 1241 1606 1269 suarum
1639 1228 1783 1270 aucto-

69 1298 255 1341 ritatem.

191 1370 287 1413 764.
336 1382 523 1414 PINGVIS
562 1382 641 1413 vm
678 1383 739 1429 Egr
779 1377 1053 1415 PLAoABILIS
1093 1382 1186 1414 ARA
1223 1382 1402 1414 DIANAE
1442 1370 1660 1428 ‘pinguis'
1698 1359 1784 1412 'fre—

71 1442 218 1498 quenti
257 1442 484 1498 sacrificio,
523 1438 794 1498 ‘placabilis'
829 1445 973 1484 autem
1013 1457 1063 1485 ac
1093 1442 1131 1484 si
1163 1442 1341 1498 diceret,
1378 1457 1464 1485 non
1504 1443 1644 1499 qualis
1684 1445 1784 1485 ante

71 1513 171 1569 fuit,
197 1514 265 1557 vel
291 1514 380 1556 illic
407 1514 475 1556 vel
501 1514 615 1569 apud
641 1513 826 1570 Tauros,
857 1514 1048 1560 humano
1075 1514 1267 1570 gaudens
1293 1529 1462 1558 cruore:
1495 1529 1626 1571 quam
1650 1513 1784 1556 histo-

70 1585 181 1627 riam
213 1586 340 1641 plene
372 1586 418 1627 in
451 1586 635 1628 secundo
662 1586 807 1641 <116>
842 1586 1044 1642 diximus,
1077 1601 1174 1628 cum
1199 1586 1456 1642 Iphigeniae
1487 1586 1642 1629 incidit
1673 1600 1785 1629 com-

71 1657 341 1701 memoratio.

193 1727 312 1772 765.>
339 1740 462 1772 ARTE
500 1740 749 1773 NOVERCAE
790 1741 1046 1772 OCCIDERIT
1085 1731 1191 1773 bene
1230 1731 1320 1773 vim
1359 1731 1533 1774 sceleris
1571 1731 1786 1787 expressit

72 1801 166 1844 sola
196 1816 404 1845 novercae
436 1801 856 1844 commemoratione.

194 1873 290 1915 769.
341 1879 559 1915 PAEoan
585 1884 872 1916 REVOOATVM
898 1884 1067 1916 HERBIS
1095 1876 1170 1916 aut
1195 1874 1534 1931 medicinalibus,
1566 1891 1591 1918 a
1616 1875 1785 1919 Paeone

73 1944 239 1986 medico
284 1943 479 2000 deorum,
525 1945 598 2000 qui
641 1945 787 1987 Paean
831 1945 1063 1987 secundum
1105 1945 1288 1988 Doricos
1331 1946 1508 2003 dicitur,
1553 1948 1785 1991 secundum

73 2016 286 2058 rationem
318 2014 482 2058 Paeon:
526 2018 601 2058 aut
637 2031 683 2058 re
720 2031 823 2059 vera
853 2016 1033 2059 herbam
1064 2015 1300 2059 Paeoniam
1340 2018 1463 2074 dicit,
1500 2020 1622 2061 cuius
1655 2018 1787 2061 Creta

72 2087 194 2129 ferax
227 2089 304 2130 est.
424 2099 484 2128 ET
516 2099 676 2131 AMORE
709 2099 884 2130 DIANAE
918 2087 1126 2143 ‘amore'‚·
1147 2088 1190 2130 id
1222 2092 1289 2131 est
1319 2104 1432 2133 cura.

194 2159 291 2201 772.
340 2170 602 2202 MEDICINAE
635 2171 770 2202 TAL1s
802 2171 862 2201 ET
894 2171 1032 2202 ART1s
1071 2174 1180 2215 quae
1220 2161 1351 2203 etiam
1391 2161 1482 2204 fata
1519 2162 1787 2206 dissolveret.

195 2231 291 2273 773.
341 2242 650 2274 POENIGENAM
689 2231 842 2274 matris
880 2245 1022 2286 poena
1060 2231 1274 2287 genitum:
1312 2232 1387 2275 alii
1420 2232 1785 2290 ‘Phoebigenam'

73 2303 242 2358 legunt,
273 2304 323 2344 ut
352 2302 532 2346 Probus.

195 2374 292 2416 775.
342 2386 561 2417 RELEGAT
594 2375 866 2417 commendat
897 2375 950 2417 ab
984 2375 1082 2418 aliis
1115 2378 1405 2432 segregatum.

197 2445 294 2487 776.
344 2456 486 2488 SOLVS
519 2447 563 2488 in
596 2446 699 2489 solis
732 2439 856 2489 locis:
888 2462 990 2490 nam
1018 2447 1179 2489 ‘solus'
1207 2449 1422 2504 quomodo
1449 2450 1521 2504 qui
1553 2450 1690 2493 filium
1723 2451 1786 2493 di-

77 2517 189 2560 citur
227 2516 495 2572 suscepisse?
616 2529 854 2561 IGNOBILIS
891 2533 979 2562 non
1016 2519 1133 2575 vilis,
1174 2519 1248 2562 sed
1285 2521 1479 2577 ignotus:
1524 2537 1786 2578 quamquam

194 2723 210 2754 1
238 2718 392 2765 afrisum
412 2717 452 2753 F
468 2720 480 2765 ΙΙ
499 2723 519 2754 3
540 2719 711 2765 aegeriae
731 2720 820 2756 libri
837 2723 985 2765 praeter
1005 2720 1055 2755 M
1071 2721 1083 2767 ΙΙ
1102 2722 1140 2756 et
1159 2732 1244 2757 eum
1265 2748 1273 2757 .
1288 2750 1297 2758 .
1314 2749 1322 2758 .
1342 2722 1461 2758 filium
1480 2734 1546 2759 om.
1562 2723 1597 2759 L
1617 2724 1716 2768 (add.
1731 2725 1757 2769 l)

77 2766 239 2802 uiruium
259 2765 299 2801 F
314 2767 327 2813 ΙΙ
345 2766 402 2801 uis
421 2766 543 2802 uirum
563 2766 603 2801 F
618 2767 631 2812 ΙΙ
649 2771 672 2802 4
698 2768 918 2813 cognomine
937 2767 1024 2802 LH
1038 2769 1050 2815 ΙΙ
1068 2769 1214 2805 uenisse
1234 2769 1276 2805 F
1291 2771 1302 2816 ΙΙ
1323 2774 1343 2806 6
1368 2770 1537 2818 fingitur]
1565 2770 1703 2807 dicitur
1721 2771 1758 2807 R
1785 2788 1786 2791 ¹

78 2814 220 2861 autem]
247 2813 376 2859 itaque
395 2813 432 2849 R
451 2815 462 2860 ΙΙ
495 2818 514 2849 7
541 2813 690 2850 uerbius
709 2815 749 2850 F
765 2816 777 2861 ΙΙ
802 2826 936 2850 nomen
962 2817 1019 2851 est
1044 2815 1073 2851 S
1110 2819 1168 2852 est
1191 2828 1327 2853 nomen
1353 2818 1418 2853 Hs
1441 2819 1454 2864 ss
1484 2822 1505 2853 8
1532 2819 1621 2855 attis
1647 2819 1786 2855 RLF:

79 2862 151 2898 atis
178 2861 206 2897 S
214 2862 282 2896 Ml
317 2862 394 2897 acis
420 2861 460 2896 Η
479 2863 491 2907 ΙΙ
521 2861 748 2898 ericthonius
773 2863 861 2897 LH
865 2863 915 2897 M
951 2862 1149 2899 erictonius
1175 2864 1211 2899 R
1231 2866 1242 2911 ΙΙ
1271 2866 1557 2912 ueneradonque
1583 2866 1624 2903 F
1646 2867 1787 2912 (ueneri

79 2908 210 2945 adonis
233 2910 270 2954 f)
290 2910 302 2955 ΙΙ
330 2913 372 2944 10
399 2909 494 2944 dixit
519 2909 548 2944 δ’
556 2910 606 2944 Μ
622 2910 633 2955 ΙΙ
652 2910 788 2957 matre]
815 2910 903 2945 Atia
927 2911 1011 2947 add.
1038 2911 1077 2946 D
1095 2912 1108 2957 ΙΙ
1130 2916 1169 2947 11
1198 2923 1237 2947 es
1263 2912 1355 2948 SRZ
1373 2915 1386 2958 ΙΙ
1412 2917 1455 2948 12
1482 2927 1581 2950 chls
1610 2915 1673 2950 M:
1699 2928 1787 2951 cho

79 2957 210 3002 reliqui
228 2958 241 3003 ss
273 2960 316 2991 17
342 2958 469 2991 tauros
496 2956 660 2992 SRMZ:
687 2959 884 2993 centauros
909 2957 997 2993 LH
1028 2959 1214 2995 tauricum
1239 2959 1280 2995 F
1301 2961 1313 3007 ΙΙ
1346 2964 1389 2996 18
1416 2961 1592 3008 diximus]
1619 2961 1788 2997 inuenies

79 3004 119 3039 F
135 3005 147 3050 ss
173 3009 218 3040 20
244 3003 336 3049 vim]
362 3004 444 3039 iura
468 3005 513 3039 H
527 3005 539 3051 u
567 3008 609 3039 21
639 3004 944 3041 commemoratio
969 3005 1006 3040 R
1024 3007 1036 3053 ΙΙ
1064 3010 1110 3042 23
1135 3006 1276 3054 Paean]
1302 3006 1431 3044 Παιάν
1456 3009 1660 3045 Fabricius
1684 3013 1786 3052 recte,

80 3054 120 3086 ut
145 3052 288 3087 videtur
314 3052 327 3097 ss
358 3051 504 3088 doricus
532 3052 560 3087 S
585 3052 744 3098 (doricos
770 3053 801 3095 s)
832 3054 844 3099 ΙΙ
881 3056 927 3088 24
951 3052 1076 3089 Paeon
1101 3054 1232 3090 SFm:
1258 3065 1434 3100 peoneon·
1453 3056 1490 3091 R
1526 3068 1672 3102 peneon
1697 3057 1790 3090 LM

81 3108 247 3142 paeneon
267 3099 318 3134 H.
345 3099 390 3143 ef.
406 3100 455 3135 ad
473 3099 542 3134 XII
555 3103 624 3135 401
644 3101 656 3146 ΙΙ
676 3111 761 3135 crea
779 3100 816 3135 R
852 3100 935 3136 reta
957 3100 998 3135 F
1013 3103 1026 3147 ΙΙ
1051 3104 1097 3137 25
1122 3102 1220 3138 ferat
1238 3101 1279 3137 F
1294 3103 1306 3149 ΙΙ
1331 3104 1376 3138 27
1401 3116 1603 3139 PENIGENAM
1628 3105 1665 3139 R
1701 3115 1785 3137 Ano-

82 3157 239 3181 NIGENAM
263 3146 309 3181 H
327 3147 451 3183 relicto
476 3148 636 3183 initialis
662 3148 804 3184 litterae
827 3149 949 3194 spatio
986 3161 1211 3184 Pnomssnm
1238 3150 1288 3184 M
1310 3151 1323 3196 ΙΙ
1350 3150 1416 3186 alii
1442 3162 1509 3187 om.
1537 3153 1587 3187 M
1608 3153 1621 3197 ΙΙ
1648 3150 1788 3195 febige-

81 3203 173 3273 3,ἒέ
194 3192 235 3273 isi]
260 3191 500 3276 Isggssigssnam
525 3195 571 3230 H
601 3195 851 3241 poebigenam
877 3195 918 3231 F
945 3197 957 3242 ΙΙ
989 3200 1034 3232 28
1060 3197 1103 3231 ut
1126 3195 1267 3232 Probus
1292 3207 1359 3234 om.
1389 3198 1427 3233 F
1454 3200 1466 3246 ΙΙ
1497 3203 1543 3235 30
1569 3199 1607 3233 in
1632 3208 1697 3233 om.
1724 3198 1754 3234 S
1777 3197 1790 3245 Η

156 3305 254 3331 Servii
274 3314 379 3332 comm.
398 3307 467 3333 Vol.
486 3307 528 3333 11.
548 3308 635 3334 Fuso.
654 3308 678 3333 Ι.
1461 3308 1503 3339 13

1811 1020 1854 1052 10

1811 1381 1855 1412 15

1811 1741 1856 1772 20

1813 2460 1858 2491 30
