2124 3600
525 254 676 291 COMM.
703 253 756 289 IN
781 253 926 290 VERG.
952 253 1065 289 AEN.
1092 252 1144 288 VI
1172 255 1351 289 84—104.
1744 250 1798 292 21

87 369 153 410 est
201 368 344 409 autem
393 365 574 408 verbum
616 362 772 406 Lucilii
822 364 866 405 et
915 362 1216 417 antiquorum,
1266 363 1325 403 utv
1358 361 1541 403 Plautus
1593 360 1800 403 additus

86 439 203 481 Ioni
234 437 420 494 Argus.

206 509 276 552 91.
325 521 375 551 IN
405 519 556 550 REBvs
587 518 758 549 EGENIS
800 519 878 561 per
914 504 1148 547 transitum
1187 503 1376 546 ostendit
1406 503 1566 545 famem
1597 503 1802 545 futuram.

207 581 276 623 93.
328 591 537 623 oomvnx
567 589 744 621 ITERVM
775 588 974 621 HOSPITA
1012 590 1114 618 nam
1146 577 1189 617 et
1219 575 1344 617 Paris
1377 575 1431 617 ab
1465 569 1632 617 Helena
1661 574 1803 616 fuerat

89 654 312 707 susceptus
350 650 555 706 hospitio.
618 648 837 704 ‘hospita'
877 650 1020 690 autem
1058 661 1177 690 more
1216 661 1293 689 suo
1334 646 1453 688 dixit.
1515 647 1559 687 et
1599 645 1708 687 bene
1748 660 1802 688 ne
1828 653 1849 685 5

89 723 254 779 aliquid
286 723 510 778 inputetur
541 720 730 776 Aeneae,
762 719 886 776 quasi
917 719 1107 761 fatorum
1138 718 1220 760 hoc
1253 732 1346 760 esse
1378 717 1599 773 praedicit.

207 793 277 837 95.
325 805 385 836 NE
411 804 533 836 CEDE
567 806 621 834 ne
654 791 797 847 cedas,
830 791 904 834 sed
930 792 1023 832 esto
1051 789 1277 832 audentior
1305 804 1433 845 quam
1459 791 1536 831 tua
1561 790 1604 830 te
1629 787 1806 831 fortuna
1856 830 1858 832 .

86 864 313 922 permittit.
377 866 420 905 et
455 863 565 905 bene
605 862 787 906 adversa
823 862 1024 905 fortunae
1065 861 1191 904 docet
1228 860 1390 904 virtute
1437 862 1512 903 aut
1555 859 1685 903 vitari
1730 861 1806 902 aut

87 936 269 979 inminui
302 937 378 978 aut
405 935 626 990 patienter
658 934 872 976 sustineri.

209 1008 278 1050 96.
328 1018 417 1049 VIA·
441 1006 571 1062 ratio,
604 1006 922 1061 opportunitas.
984 996 986 998 ¹
1831 1010 1875 1042 10

208 1080 277 1121 97.
327 1089 471 1121 GRAIA
499 1089 754 1121 PANDETVR
779 1090 839 1120 AB
865 1089 986 1120 VRBE
1018 1079 1195 1132 propter
1221 1074 1492 1129 Euandrum,
1525 1074 1598 1129 qui
1631 1089 1727 1117 eum
1759 1074 1805 1116 in

89 1151 290 1194 Tusciam
320 1149 530 1192 missurus
563 1150 615 1192 ad
648 1150 937 1192 Tarchontem
969 1150 1047 1191 est.
1504 1146 1513 1152 ’

209 1223 278 1265 98.
327 1233 391 1263 Ex
411 1220 568 1264 ADYTo
594 1222 735 1264 locum
755 1220 1081 1264 vaticinationis
1102 1218 1304 1262 ostendit.
1397 1228 1586 1260 GVMAEA
1608 1229 1805 1261 SIBYLLA

89 1294 198 1337 bene
231 1293 396 1336 addidit
426 1295 606 1348 propter
636 1293 952 1335 discretionem.

208 1365 279 1407 99.
328 1375 581 1414 ANTROQVE
614 1375 825 1407 REMvcrr
864 1363 963 1419 quia
1000 1362 1044 1404 in
1078 1363 1202 1404 antro
1242 1363 1324 1416 est,
1362 1362 1410 1403 ut
1443 1359 1512 1415 <V
1538 1359 1659 1415 150>
1691 1360 1804 1416 pul·
1832 1367 1875 1399 15

90 1436 190 1479 sati
221 1435 382 1478 colles
415 1435 640 1478 clamore
672 1434 945 1476 resultant.

211 1507 306 1549 100.
357 1517 579 1549 OBsovms
617 1517 742 1549 VERA
780 1517 1046 1548 INVOLVENS
1084 1519 1186 1547 vera
1223 1506 1267 1546 et
1305 1503 1489 1546 obscura
1527 1502 1802 1546 confundens.

90 1581 156 1621 est
188 1569 333 1621 autem
364 1577 617 1634 hypallage,
649 1577 763 1621 veris
796 1577 980 1620 obscura
1010 1576 1216 1618 inserens.

210 1649 306 1692 102.
358 1659 514 1691 CESSIT
546 1660 703 1692 EVROR
740 1663 828 1691 non
864 1648 1038 1704 penitus
1076 1646 1272 1702 recessit,
1312 1646 1386 1689 sed
1417 1645 1630 1702 paulatim
1663 1645 1804 1701 coepit

89 1720 290 1763 inminui:
328 1735 428 1762 nam
467 1722 534 1762 est
570 1720 701 1776 paulo
734 1722 834 1775 post
871 1719 922 1761 de
954 1718 1112 1762 Miseni
1149 1720 1288 1762 morte
1329 1717 1516 1772 dictura,
1561 1715 1674 1772 quod
1715 1731 1802 1760 non
1829 1725 1875 1757 20

90 1791 303 1847 procedit,
336 1791 373 1833 si
403 1807 517 1834 nunc
547 1806 706 1834 numen
736 1791 927 1834 recessit.

213 1863 309 1906 103.
359 1880 439 1906 NON
472 1880 568 1906 νιιᾼ
597 1879 784 1906 LABORVM
807 1876 887 1916 pro
918 1861 1055 1914 nulla,
1085 1864 1133 1904 ut
1162 1875 1258 1904 non
1287 1860 1425 1903 ullus
1456 1862 1628 1902 aratro
1658 1860 1806 1903 cessit

89 1934 251 1978 honos
1811 1937 1813 1939 ’

213 2006 308 2048 104.
358 2016 457 2048 NON
500 2016 622 2047 VLLA
666 2015 890 2047 LABORVM
932 2016 960 2047 o
1000 2015 1145 2047 vmco
1192 2002 1261 2046 ‘o'
1306 2003 1406 2045 licet
1448 2002 1506 2044 sit
1547 2003 1803 2045 naturaliter

90 2077 233 2120 brevis
279 2077 323 2120 in
368 2076 536 2119 Latinis
582 2075 874 2131 sermonibus,
917 2075 1031 2131 apud
1074 2074 1316 2130 Vergilium
1358 2076 1503 2115 tamen
1549 2088 1627 2128 pro
1670 2074 1803 2129 longa
1828 2082 1874 2115 25

90 2149 292 2205 habetur,
335 2150 385 2191 ut
420 2148 503 2191 hoc
541 2147 637 2190 loco
677 2147 857 2204 ‘virgo',
900 2148 1005 2190 item
1043 2146 1148 2189 alibi
1187 2145 1332 2201 <841>
1372 2145 1487 2200 quis
1528 2146 1578 2187 te
1622 2158 1801 2200 magne

92 2219 217 2263 Cato
249 2220 484 2275 tacitum,
523 2219 714 2275 exceptis
748 2218 885 2276 ‘ego',
923 2221 972 2260 ut
1004 2218 1052 2272 <1
1081 2217 1168 2272 46>
1202 2218 1283 2259 ast
1320 2230 1412 2272 ego
1453 2231 1581 2271 quae
1614 2216 1800 2271 divum,
1856 2213 1859 2214 ⁷

188 2376 207 2407 1
248 2372 398 2419 Lucilii]
436 2372 501 2407 lib.
527 2372 613 2407 XIV
647 2371 779 2418 fragm.
813 2372 899 2407 XVI
932 2383 990 2416 ap.
1025 2370 1152 2406 Muell.
1204 2369 1249 2405 cf.
1283 2368 1449 2404 Macrob.
1482 2368 1558 2404 Sat.
1592 2367 1644 2403 VI
1669 2371 1710 2412 4,
1736 2372 1756 2403 2
1789 2367 1801 2414 ΙΙ

91 2419 263 2465 Plautus]
290 2420 415 2456 Aulul.
443 2419 493 2454 III
520 2425 553 2464 6,
582 2423 623 2455 19
645 2431 699 2465 sq.
719 2421 732 2465 ΙΙ
751 2424 795 2455 22
821 2430 897 2455 non
922 2419 1037 2463 ullus]
1063 2429 1190 2464 georg.
1218 2418 1232 2452 l
1259 2417 1425 2462 5061124
1453 2416 1505 2452 ‘o'
1534 2415 1624 2451 licet
1646 2427 1676 2451 e.
1698 2427 1732 2460 q.
1754 2415 1799 2462 s.]

92 2467 138 2503 cf.
168 2467 310 2514 [Prob.]
337 2467 382 2503 de
407 2467 473 2503 ult.
501 2467 584 2513 syll.
611 2479 646 2513 p.
673 2471 754 2510 220,
784 2470 926 2512 lersqq.
953 2466 996 2501 K.

191 2614 208 2644 1
236 2609 407 2656 verbum]
434 2620 561 2645 uersus
581 2609 621 2644 F
636 2610 649 2655 ΙΙ
675 2613 695 2645 2
722 2609 799 2644 ioni
824 2609 932 2644 RM:
959 2608 1021 2643 ino
1048 2607 1089 2642 F
1122 2607 1184 2643 ino
1212 2607 1244 2643 0
1282 2607 1319 2643 io
1344 2606 1419 2642 AS
1453 2605 1531 2642 ioui
1557 2605 1603 2641 H
1615 2607 1628 2651 ΙΙ
1647 2610 1669 2641 4
1694 2605 1801 2641 Paris

93 2669 160 2693 om.
187 2658 232 2692 H
245 2658 258 2702 ΙΙ
289 2661 310 2692 5
335 2668 382 2692 ne
407 2667 473 2692 om.
501 2656 618 2692 FGR
637 2658 648 2703 ΙΙ
680 2661 700 2692 6
727 2658 826 2692 esset
851 2655 924 2691 AS
946 2657 959 2701 ΙΙ
991 2660 1010 2691 7
1035 2653 1247 2691 audientior
1273 2655 1306 2690 G
1324 2655 1337 2700 ΙΙ
1361 2654 1513 2689 fortuna
1539 2680 1547 2689 .
1575 2682 1581 2688 .
1610 2682 1617 2688 .
1644 2653 1802 2688 aduersa.

93 2717 159 2742 om.
176 2704 212 2740 A
231 2706 244 2750 ΙΙ
263 2709 284 2740 8
310 2705 469 2740 aduersa
493 2704 665 2740 fortunae
683 2704 783 2739 RH:
810 2704 968 2739 aduersa
989 2702 1140 2738 fortuna
1159 2702 1188 2737 S
1224 2702 1420 2737 aduersam
1438 2701 1627 2736 fortunam
1646 2700 1687 2735 F
1693 2701 1724 2736 Ο
1730 2701 1779 2735 Μ
1783 2711 1802 2735 s

94 2752 292 2788 aduersam
317 2751 467 2787 fortuna
492 2751 525 2786 G
549 2752 562 2796 ss
587 2751 720 2787 educet
744 2751 773 2787 S
811 2751 945 2786 edocet
972 2751 1020 2785 M
1025 2761 1042 2786 s
1066 2751 1078 2795 ΙΙ
1103 2752 1170 2785 aut
1194 2753 1278 2785 ante
1302 2748 1415 2784 vitari
1441 2760 1507 2783 om.
1535 2747 1567 2784 Ο
1593 2750 1605 2794 ΙΙ
1636 2753 1656 2784 9
1683 2747 1801 2782 minui

94 2799 174 2835 FG
191 2801 204 2845 ΙΙ
224 2803 268 2835 10
294 2797 530 2844 oportunitas
555 2799 741 2834 ARHM
756 2800 769 2844 ΙΙ
789 2803 830 2833 11
858 2799 964 2834 schol.
991 2798 1041 2834 ad
1065 2809 1096 2833 v.
1121 2801 1165 2833 97
1192 2801 1225 2833 et
1250 2800 1294 2832 98
1320 2807 1386 2831 om.
1411 2795 1444 2831 G
1464 2797 1476 2841 ΙΙ
1497 2799 1539 2830 12
1566 2807 1698 2830 onum
1716 2795 1806 2830 RH

95 2849 201 2891 (corr.
227 2847 263 2892 h)
282 2848 295 2892 ΙΙ
316 2851 358 2882 12
385 2845 630 2892 promissurus
656 2846 701 2881 H
715 2848 728 2891 ss
745 2847 955 2881 tarcontem
979 2845 1019 2880 F
1026 2844 1112 2880 OM
1146 2845 1364 2880 tharconem
1389 2844 1461 2878 AS
1498 2843 1734 2878 tharcontem
1760 2842 1805 2876 H

93 2894 105 2939 Η
132 2898 174 2929 13
201 2905 306 2929 Ammo
331 2894 420 2929 RH
425 2895 474 2928 M
489 2895 501 2938 ΙΙ
527 2905 668 2929 cuum
693 2893 729 2928 A
754 2895 765 2939 ΙΙ
792 2897 836 2928 14
862 2893 972 2938 bene]
1002 2892 1165 2928 Cumaea
1189 2892 1284 2927 bene
1309 2891 1348 2926 D
1366 2891 1379 2936 ΙΙ
1403 2890 1681 2936 discretionem]
1709 2888 1799 2934 Ery-

92 2941 246 2978 thraeae
272 2942 357 2978 add.
372 2941 579 2977 Masvicius
596 2942 609 2986 ΙΙ
630 2944 673 2977 15
699 2944 755 2977 est
781 2952 847 2976 om.
866 2940 982 2975 ARS
999 2941 1012 2986 ΙΙ
1033 2943 1075 2975 19
1101 2940 1207 2976 schol.
1229 2939 1278 2975 ad
1297 2950 1328 2974 v.
1352 2942 1418 2973 102
1445 2949 1510 2974 om.
1533 2938 1577 2980 G,
1602 2938 1667 2983 qui
1685 2948 1800 2982 supra

94 2999 182 3025 vers.
206 2993 271 3024 101
298 2990 383 3024 haec
409 2989 549 3024 exhibet
574 2989 640 3024 aut
664 2989 741 3034 (ley.
766 2990 823 3033 ut)
849 2988 927 3024 eius
951 2988 1115 3023 mentem
1143 2985 1305 3022 stimulis
1330 2986 1477 3021 foderet
1502 2985 1602 3030 quod
1627 2985 1671 3019 fit
1695 2983 1799 3028 equis

94 3037 137 3071 ut
162 3036 402 3072 concutifiant
428 3037 526 3080 (fort.
548 3035 685 3071 conciti
708 3036 813 3082 fiant)
840 3037 878 3071 et
902 3035 1083 3070 acriorem
1109 3034 1311 3070 incitentur
1336 3033 1374 3067 in
1400 3044 1556 3068 cursum.
1602 3030 1798 3066 translatio

94 3084 151 3118 est
176 3083 221 3118 de
247 3094 342 3129 equo
368 3083 417 3119 ad
441 3082 632 3119 hominem
658 3084 672 3129 ΙΙ
703 3087 748 3119 20
775 3084 832 3119 est
856 3094 923 3119 om.
951 3082 1105 3118 FGAS
1129 3082 1142 3126 ΙΙ
1174 3080 1276 3127 post]
1303 3083 1388 3125 post
1414 3081 1471 3115 est
1496 3079 1569 3114 AS
1592 3080 1605 3124 ΙΙ
1635 3076 1796 3122 dictura]

96 3129 242 3166 dictura
266 3132 323 3166 est
348 3130 426 3166 FO
449 3132 462 3176 ΙΙ
494 3134 538 3166 21
566 3130 598 3165 si
622 3131 734 3176 nunc]
762 3130 814 3166 sic
840 3142 908 3166 nec
934 3130 974 3164 F
1008 3130 1038 3165 si
1064 3140 1131 3164 nec
1157 3128 1296 3163 Daniel
1323 3129 1335 3173 ΙΙ
1366 3131 1410 3162 22
1438 3138 1511 3162 non
1538 3126 1648 3169 ullus]
1676 3123 1798 3158 nullus

97 3176 176 3213 FG
211 3179 225 3223 ΙΙ
260 3178 386 3223 cessit]
413 3177 549 3223 dignus
583 3177 766 3224 Veryilius
802 3180 815 3223 ΙΙ
851 3182 897 3213 24
921 3190 990 3213 nou
1015 3189 1106 3212 vLLA
1130 3187 1297 3210 LABORVM
1328 3186 1394 3210 om.
1421 3174 1500 3209 FG
1536 3174 1548 3218 11
1586 3184 1606 3207 ο
1633 3183 1699 3206 om.
1726 3170 1762 3204 A
1787 3170 1798 3216 Η

98 3226 142 3257 25
166 3223 279 3260 breue
299 3224 416 3260 FGO
431 3226 445 3270 ΙΙ
469 3229 513 3261 26
539 3225 621 3261 loco
649 3236 692 3269 co
718 3225 825 3271 uirgo
851 3225 923 3260 AS
958 3224 1042 3259 loco
1069 3235 1089 3259 o
1117 3222 1224 3268 uirgo
1248 3222 1295 3256 M
1310 3222 1324 3267 ΙΙ
1342 3226 1386 3257 27
1413 3221 1570 3256 tacitum
1596 3230 1662 3254 om.
1683 3216 1801 3253 FGG
