2092 3614
539 240 689 278 COMM.
716 243 769 278 IN
794 241 939 279 VERG.
964 242 1076 279 AEN.
1104 243 1154 278 IX
1181 247 1380 280 671—683.
1563 290 1566 291 ⁷
1725 243 1807 286 371

221 350 319 394 675.
370 363 546 393 ARMATI
578 363 731 394 FERRO
771 354 846 394 aut
882 352 991 394 bene
1030 353 1231 395 instructi
1269 354 1418 395 armis:
1462 357 1553 410 aut,
1590 356 1639 396 ut
1674 355 1812 409 Asper

103 421 223 476 dicit,
262 422 400 464 ferrea
438 424 568 466 corda
598 423 826 479 habentes,
863 424 907 465 id
940 426 1006 466 est
1037 424 1142 466 dura
1175 427 1218 466 et
1250 428 1431 467 cruenta
1464 426 1724 481 cogitantes:
1763 430 1812 467 ut

102 492 293 535 Ennium
326 494 383 535 sit
416 498 588 537 secutus
621 495 694 549 qui
726 496 789 537 ait
820 495 1071 538 succincti
1106 496 1259 538 corda
1290 497 1590 538 machaeris.

221 565 317 607 676.
368 577 592 617 LIQVETIA
635 577 844 608 FLVMINA
896 566 1017 608 iuxta
1059 566 1222 608 Padum
1269 570 1311 608 et
1355 567 1557 623 Athesin,
1601 568 1810 611 Venetiae

102 635 298 691 flumina,
330 640 398 679 est
429 638 561 679 etiam
587 637 742 679 fluvius
769 636 1008 691 Liquetius,
1042 652 1166 692 quem
1194 653 1307 680 nune
1333 642 1655 682 commemorat.
1706 653 1809 695 ergo
1837 650 1856 681 5

101 705 333 762 ‘Liquetia'
360 708 582 763 proprium
609 710 675 749 est
699 723 873 763 nomen,
897 723 984 750 non
1011 709 1254 765 epitheton,
1279 725 1333 752 ne
1360 710 1617 765 incipiamus
1639 727 1663 753 a
1683 726 1810 767 gene-

99 778 272 820 ralitate
310 779 365 821 ad
404 780 591 835 speciem
630 780 804 821 reverti:
843 780 956 834 quod
994 780 1199 822 vitiosum
1238 783 1321 836 est,
1358 784 1407 823 ut
1445 782 1482 823 si
1520 783 1635 824 dicas
1675 782 1811 826 ‘circa

99 849 279 891 flumina
298 849 535 892 nascuntur
561 850 751 893 arbores'
773 854 815 892 et
842 852 902 893 sic
928 852 1088 894 inferas
1111 852 1242 894 ‘circa
1261 853 1452 895 Tiberim
1474 855 1541 895 vel
1563 853 1810 910 Auienem',

99 920 261 962 sufficit
291 922 407 963 enim
439 922 596 964 dixisse
629 921 757 964 ‘circa
789 922 983 964 flumina'
1016 924 1288 979 generaliter.
1350 925 1463 966 unde
1497 928 1677 980 apparet
1708 927 1809 981 quia

99 990 331 1046 ‘Liquetia'
363 993 592 1048 legendum
625 996 709 1049 est,
739 1008 828 1035 non
855 993 1108 1049 ‘liquentia'.
1213 1013 1423 1043 LJQVENTJA
1450 1013 1627 1040 FLVMINA
1654 997 1809 1049 Padus,
1838 1008 1881 1040 10

97 1062 253 1105 Italiae
281 1064 451 1117 fluvias,
484 1066 643 1120 aliquot
664 1066 903 1120 provincias
932 1067 1078 1108 dextra
1110 1067 1301 1121 laevaque
1325 1069 1538 1122 continyit,
1570 1070 1677 1110 inter
1707 1084 1811 1123 quas

97 1138 135 1176 et
172 1135 360 1178 Venetiae
384 1140 548 1190 partem
570 1137 841 1191 praeterfluit.
892 1137 1059 1180 Athesis
1092 1138 1279 1181 Venetiae
1308 1139 1462 1192 fluvius
1492 1143 1566 1195 est,
1607 1140 1810 1182 Veronam

98 1207 300 1261 civitatem
330 1208 513 1250 ambiens
547 1212 586 1250 et
614 1210 660 1251 in
692 1209 859 1251 Padum
891 1211 1047 1252 cadens.
1109 1211 1303 1264 Liquetia
1342 1211 1530 1253 Venetiae
1565 1211 1718 1265 fluvias
1753 1216 1813 1254 est

98 1278 205 1319 inter
222 1278 417 1321 Altinum
442 1283 480 1321 et
503 1279 792 1335 Concordiam,
823 1295 941 1335 quem
971 1295 1081 1323 nilne
1111 1286 1409 1325 commemorat.
1458 1297 1558 1324 nam
1585 1282 1808 1337 ‘Liquetia'

97 1363 181 1391 nori
210 1353 270 1392 est
298 1350 521 1404 epitheton:
552 1366 669 1393 nemo
700 1353 809 1394 enim
840 1367 868 1393 a
894 1353 1162 1407 yeneralitate
1193 1355 1346 1396 transit
1374 1355 1431 1396 ad
1458 1355 1617 1407 species.
1837 1366 1878 1397 15

217 1420 313 1464 678.
364 1433 660 1473 INTONSAQVE
694 1434 845 1466 CAELO
877 1436 918 1466 A.
952 1435 989 1467 c.
1024 1424 1106 1466 hoc
1139 1425 1190 1467 ad
1224 1440 1355 1480 supra
1387 1426 1525 1467 dictas
1559 1427 1712 1469 cristas
1744 1442 1807 1469 re-

96 1491 244 1535 fertur.
365 1505 576 1536 GEMINAE
609 1507 820 1545 QVERCVS
852 1511 939 1539 non
969 1497 1072 1552 ‘quia
1103 1499 1273 1539 tantum
1307 1497 1415 1538 duae
1446 1500 1702 1554 nascuntur-3
1735 1499 1808 1541 sed

97 1563 152 1605 ad
182 1564 363 1606 istorum
405 1565 732 1609 similitudinem
771 1568 977 1623 respexit,
1015 1568 1058 1610 id
1091 1571 1157 1611 est
1189 1569 1358 1624 quando
1392 1569 1553 1611 similes
1588 1570 1810 1613 elevantur

97 1649 291 1690 quercus.

215 1707 314 1748 681.
363 1719 580 1750 PVLCHER
606 1721 868 1759 AQVICVLVS
893 1722 1034 1754 ARMIS
1060 1714 1110 1753 ut
1136 1711 1331 1767 ‘pulcher
1357 1712 1580 1768 vestibus'‚
1613 1714 1674 1756 sic
1701 1713 1807 1770 ‘pul-
1835 1726 1881 1756 20

96 1777 198 1818 cher
230 1777 391 1833 armis',
423 1778 505 1821 hoc
537 1783 604 1822 est
635 1796 712 1836 per
745 1796 884 1824 arma:
924 1782 1036 1837 quod
1070 1786 1164 1825 erat
1193 1799 1415 1834 ¹armorum
1447 1785 1598 1827 retulit
1630 1786 1684 1828 ad
1714 1801 1806 1842 per-

96 1863 260 1891 sonam.
321 1853 359 1891 et
388 1851 535 1893 melius
563 1852 808 1907 figuratam,
838 1868 963 1907 quam
993 1855 1031 1896 si
1062 1855 1230 1897 dixisset
1261 1854 1458 1910 ‘pulchris
1488 1856 1647 1900 armis'.

216 1921 312 1963 682.
364 1933 593 1965 PRAECEPS
631 1935 765 1965 ANIMI
809 1924 995 1979 figurate
1035 1926 1236 1981 genetivo
1274 1927 1432 1983 iunxit3
1476 1943 1578 1970 nam
1624 1928 1807 1972 dicimus

95 1990 315 2047 ‘praeceps
341 1993 578 2035 iracundia’
612 1993 834 2050 ‘praeceps
861 1994 1032 2046 furore'.
1125 2014 1179 2039 MA
1190 2014 1351 2042 vomws
1379 2017 1544 2043 HAEMON
1571 2014 1655 2042 non
1686 2001 1808 2043 Mar-

95 2063 148 2105 tis
177 2064 310 2118 filias,
341 2065 412 2106 sed
440 2065 661 2108 bellicosas.
1834 2083 1879 2115 25

214 2135 312 2177 683.
363 2146 618 2179 AGMINIBVS
639 2148 772 2180 TOTIS
800 2137 921 2179 deest
941 2137 1048 2180 ‘ab’:
1075 2141 1118 2180 et
1141 2139 1357 2196 significat
1377 2155 1450 2183 eos
1470 2142 1612 2197 primo
1633 2143 1807 2199 fugatos

95 2220 206 2261 esse,
244 2220 344 2248 mox
383 2207 567 2250 occisos:
610 2211 685 2250 aut
716 2211 830 2250 certe
869 2210 1036 2265 aliquos
1073 2211 1268 2267 fugatos,
1307 2213 1475 2269 aliquos
1514 2215 1807 2271 interemptos.

190 2363 210 2393 3
236 2358 414 2405 Ennium]
441 2371 526 2395 ann.
552 2373 586 2397 v.
612 2365 682 2397 392
709 2361 818 2397 Vahl.

190 2505 210 2536 2
232 2501 351 2554 ‘corda
375 2513 440 2538 om.
456 2503 499 2538 H
515 2505 527 2550 ΙΙ
545 2504 638 2540 dura
656 2505 695 2539 et
719 2516 786 2541 om.
804 2505 845 2539 F
860 2507 872 2551 ΙΙ
892 2506 1114 2543 comitantes
1133 2508 1169 2543 L
1195 2509 1418 2554 (cogitantes
1437 2512 1463 2556 l)
1483 2514 1495 2558 ΙΙ
1514 2512 1572 2559 ut]
1600 2514 1638 2547 et
1663 2515 1705 2548 ut
1726 2515 1775 2549 M
1790 2516 1801 2561 Η
1818 2503 1828 2520 Χ

94 2552 115 2583 3
143 2549 321 2583 sucometi
348 2576 356 2584 .
378 2577 385 2584 .
407 2579 415 2586 .
442 2551 667 2598 machaeris]
694 2553 862 2588 suaintus
887 2554 1059 2590 maceriis
1080 2555 1119 2590 F
1135 2558 1147 2602 ss
1167 2557 1326 2593 succinti
1344 2558 1433 2593 LH
1453 2562 1557 2602 (corr.
1578 2561 1603 2605 l)
1623 2562 1635 2607 ΙΙ
1653 2563 1800 2598 mache-

93 2595 144 2630 ris
170 2595 384 2631 ASRLM
418 2599 576 2634 macen-is
601 2600 644 2634 Η
660 2601 672 2647 11
697 2601 746 2635 ad
769 2612 800 2636 v.
823 2605 891 2636 676
918 2614 1051 2642 QvAnEs
1077 2615 1205 2639 Annua
1231 2605 1464 2651 comparatio
1491 2618 1534 2642 ex
1559 2608 1711 2645 homero
1737 2611 1801 2644 ille

94 2643 193 2678 enim
218 2643 272 2678 ait
297 2644 365 2688 (Il.
384 2645 454 2680 XII
475 2648 557 2690 127)
582 2644 711 2691 νήπιοι
738 2645 779 2682 ἐν
806 2646 848 2684 δὲ
874 2646 1011 2695 πύλῃσι
1038 2679 1045 2686 .
1068 2678 1075 2685 .
1097 2677 1105 2686 .
1133 2651 1252 2697 μέγαν
1273 2650 1391 2689 ’Ἀσιον
1417 2651 1507 2690 οὐδὲ
1535 2654 1699 2702 φέβοντο
1724 2657 1764 2691 D
1790 2658 1801 2704 Η

93 2695 116 2725 4
141 2703 329 2731 movssnrm
353 2692 446 2726 LM
452 2692 491 2726 F
514 2694 550 2737 (N
575 2694 640 2729 del.
668 2695 694 2739 l)
714 2696 726 2741 ΙΙ
756 2695 861 2730 iuxta
887 2696 1027 2732 Padum
1055 2726 1062 2733 .
1085 2727 1092 2735 .
1115 2726 1123 2734 .
1148 2710 1222 2735 non
1248 2700 1431 2745 liquentia
1456 2713 1522 2738 om.
1550 2703 1590 2737 F
1612 2705 1624 2750 ΙΙ
1655 2705 1800 2740 athesin

94 2737 155 2772 M:
182 2739 350 2774 aethesin
375 2738 448 2774 AS
473 2741 578 2785 (corr.
605 2743 643 2786 a)
681 2743 824 2778 aetates
849 2743 888 2778 in
913 2743 950 2778 R
987 2745 1105 2780 atesin
1132 2746 1220 2782 LH
1246 2749 1257 2794 ΙΙ
1289 2751 1309 2783 5
1336 2750 1393 2784 est
1417 2760 1483 2785 om.
1510 2750 1582 2786 AS
1591 2751 1641 2786 M
1666 2753 1677 2797 ΙΙ
1709 2757 1729 2787 6
1756 2753 1818 2788 1ἰ-’

93 2786 245 2830 quaetia
273 2787 319 2821 M
344 2788 355 2833 ΙΙ
385 2791 404 2822 7
432 2787 704 2833 specialitatem
731 2790 798 2825 Ml
816 2791 828 2836 ΙΙ
853 2789 884 2825 si
910 2801 975 2826 om.
1002 2791 1092 2827 RH
1111 2795 1123 2841 ΙΙ
1154 2798 1174 2830 8
1200 2797 1403 2831 nascuntur
1430 2825 1438 2832 .
1460 2825 1467 2832 .
1490 2826 1497 2833 .
1524 2798 1623 2834 circa
1647 2799 1801 2836 flumina

94 2844 160 2868 om.
176 2833 225 2868 M
242 2835 254 2880 ΙΙ
273 2845 443 2869 amenem
468 2834 536 2880 Ru
555 2839 575 2870 9
602 2836 701 2870 enim
726 2837 965 2884 om.RLH1}
987 2843 1029 2874 10
1054 2852 1128 2877 non
1153 2841 1362 2888 linquentia
1387 2844 1433 2878 H
1447 2846 1458 2891 ΙΙ
1480 2849 1520 2880 11
1550 2846 1695 2891 aliquot
1720 2859 1798 2892 eqo:

93 2880 234 2925 aliquid
262 2881 303 2916 F
336 2881 481 2927 aliquas
507 2883 646 2918 Daniel
660 2884 676 2936 fl
706 2887 748 2918 12
776 2884 887 2920 atesis
913 2885 953 2920 F
968 2887 980 2932 ΙΙ
998 2897 1163 2925 ueronan
1188 2890 1341 2926 ciuitate
1367 2891 1408 2926 F
1424 2893 1435 2938 ΙΙ
1456 2897 1499 2927 13
1525 2895 1701 2930 ueneciae
1727 2895 1768 2930 F
1789 2896 1800 2942 Η

95 2931 138 2961 15
165 2929 395 2974 epythethon
423 2929 463 2964 F
479 2931 490 2976 ΙΙ
522 2934 563 2965 16
590 2930 744 2966 ohnstas
770 2932 843 2967 AS
880 2932 1000 2978 cripta
1023 2934 1061 2970 R
1098 2937 1229 2973 cristes
1255 2938 1295 2972 F
1311 2939 1322 2984 ΙΙ
1355 2942 1397 2974 17
1423 2941 1597 2976 scholium
1623 2943 1673 2978 ad
1698 2956 1799 2978 omu-

92 2986 160 3008 ΝΔΕ
186 2989 218 3015 Q.
245 2987 311 3011 om.
339 2976 380 3011 F
407 2979 418 3023 ΙΙ
450 2981 495 3012 20
520 2989 707 3018 Avavms
733 2979 768 3013 A
794 2980 901 3023 (corr.
926 2981 965 3026 a)
1003 2993 1190 3023 AQVILICVS
1216 2985 1251 3019 L
1286 2997 1437 3026 AQv1Lvs
1462 2987 1507 3021 H
1533 2989 1545 3034 ss
1576 2990 1618 3023 ut
1643 2990 1800 3034 pulcher

92 3022 205 3056 armis
230 3023 386 3069 pulcher
410 3025 578 3060 uestibus
605 3025 645 3060 F
678 3027 690 3072 fl
727 3029 770 3060 21
802 3026 873 3061 hoc
898 3029 957 3063 est
981 3055 989 3063 .
1013 3058 1020 3065 .
1044 3058 1051 3066 .
1078 3032 1125 3067 ἃᾶ
1149 3043 1345 3077 personam
1371 3044 1437 3070 om.
1465 3034 1506 3069 F
1538 3037 1550 3080 ΙΙ
1587 3047 1653 3081 per
1678 3037 1798 3083 arma]

94 3080 224 3123 parma
248 3070 285 3106 R
315 3073 328 3117 ΙΙ
364 3075 410 3107 24
434 3071 630 3108 iracundia
653 3084 831 3119 praeceps
860 3085 926 3110 om.
953 3075 1042 3111 LH
1045 3079 1095 3114 M
1118 3080 1216 3125 (add.
1244 3081 1270 3124 l)
1302 3081 1314 3126 Η
1351 3082 1401 3116 acl
1424 3093 1625 3119 MAvormvs
1651 3097 1685 3120 Η.
1711 3095 1738 3119 3.
1764 3095 1797 3119 v.

93 3115 294 3153 belhcosus
318 3130 393 3155 non
418 3120 549 3155 martis
574 3121 673 3156 filius
702 3121 735 3155 T
751 3123 763 3166 ΙΙ
783 3125 828 3156 26
854 3122 900 3157 ab
927 3124 981 3170 et]
1006 3124 1124 3162 habet
1147 3127 1234 3162 LH
1254 3128 1360 3173 (corr.
1388 3129 1415 3174 l)
1454 3130 1501 3164 ab
1527 3130 1547 3166 ὅ
1576 3131 1613 3165 et
1639 3131 1680 3165 F
1695 3133 1706 3177 ΙΙ
1726 3131 1796 3176 pri—

93 3173 185 3255 rqnuoos¹3
199 3164 285 3247 Ιᾶῃξῑ
289 3166 339 3247 1114
347 3167 466 3248 ἑσῑοῖνν.
493 3168 520 3213 l)
546 3168 559 3214 ΙΙ
589 3172 633 3203 27
661 3167 756 3203 alios
781 3169 932 3214 fugatos
958 3171 1050 3209 alias
1078 3175 1157 3220 (sic)
1182 3174 1427 3221 interemptos
1452 3177 1493 3211 F
1514 3179 1526 3223 ΙΙ
1558 3178 1705 3223 fugatos
1731 3178 1795 3213 ali-

165 3276 264 3303 Servii
284 3285 391 3305 comm.
411 3279 482 3306 Vol.
501 3280 544 3306 11.
565 3281 653 3307 Fuso.
673 3282 716 3307 11.
1467 3286 1511 3317 25
