2092 3614
1554 7 1557 11 <
1605 3 1617 21 ι,
1796 3 1803 6 -
1818 0 1874 17 ψι,
1899 1 1902 3 ’
1923 0 1979 21 2²31

1897 28 1899 31 .
1986 0 2092 77 ,Ἡ

2051 54 2092 95 ..ιγ’

310 266 397 308 360
1081 265 1243 302 SERVII

310 376 410 429 quia
442 375 536 429 lcyit
566 375 612 416 in
641 374 817 416 historia
843 388 990 428 pueros
1014 375 1062 417 de
1087 375 1201 433 bellis
1227 375 1407 429 yloriam
1438 378 1685 428 reportasse:
1715 375 1851 429 filium
1877 375 2019 418 Marci

311 446 448 488 Drusi
484 459 691 488 annorum
726 446 917 497 sedecim
956 444 1142 500 Crispini
1176 446 1313 500 filium
1352 444 1591 499 Grispinum
1627 447 1674 488 in
1705 445 1890 502 Corsica,
1926 460 2020 488 cum

308 519 465 572 fuycret
488 518 686 560 exercitus
711 516 858 571 Spurii
877 515 1052 560 Carvilii
1076 517 1271 570 consul-is,
1296 517 1444 559 bellum
1468 517 1688 559 restituisse
1695 530 1708 568 ;
1741 518 1854 571 apud
1870 515 2020 560 Soram

312 589 411 631 bello
448 588 598 631 Italico
635 589 687 631 ab
723 588 937 631 Herennio
973 603 1151 643 puerum
1195 589 1243 631 in
1278 588 1407 630 aciem
1443 588 1647 643 eductum,
1686 602 1714 630 a
1750 602 1828 642 quo
1870 580 2030 630 hostem

266 669 287 700 5
313 661 487 702 occisum
511 660 810 714 spoliatumque
817 674 830 710 ,·
857 660 980 702 Lucii
1003 659 1225 713 Tarquinii
1253 659 1408 715 filium,
1438 672 1556 712 quem
1580 659 1627 701 ob
1651 658 1724 701 hoc
1746 662 1869 713 pater
1892 673 2022 702 aurea

313 731 426 774 bulla
455 734 740 785 praetextaque
770 731 949 773 donavit.

433 802 532 845 590.
581 814 801 845 MINOREM
842 813 1102 844 GERMANAM
1146 801 1246 857 quia
1290 801 1428 843 maior
1470 801 1662 857 nympha
1704 802 1864 858 fuerat,
1907 802 2023 846 Iovis

314 875 551 917 voluntate.

433 946 532 988 592.
582 956 732 987 DIGNA
757 956 911 996 ATQVE
936 955 1135 986 INDIGNA
1161 956 1347 987 RELATV
1381 943 1602 1000 ‘indigna',
1633 944 1673 986 id
1707 947 1774 987 est
1804 945 1949 1001 turpia
1981 948 2023 988 et

245 1025 289 1056 10
316 1018 521 1072 obscena,
551 1020 599 1059 ut
628 1017 710 1058 clici
740 1017 840 1058 solet
868 1015 1024 1069 ‘fanda‘
1047 1018 1085 1058 et
1112 1014 1329 1069 ncfanola'.

433 1088 532 1131 593.
581 1099 708 1131 Novo
740 1098 899 1129 REGNO
939 1089 1016 1129 aut
1044 1101 1157 1129 nova
1188 1086 1297 1143 regii
1330 1086 1499 1142 generis
1533 1086 1774 1129 adfinitate:
1818 1089 1893 1129 aut
1923 1089 2025 1143 quia

316 1162 446 1203 etiam
472 1160 556 1215 ipsi
582 1174 659 1215 per
683 1159 799 1215 regis
826 1158 961 1200 filiam
986 1158 1130 1213 portio
1157 1158 1394 1201 debebatur
1419 1157 1608 1214 imperiiz
1635 1161 1709 1201 aut
1727 1162 1892 1213 partem
1909 1160 2049 1219 reqni

315 1246 342 1274 a
370 1232 511 1274 Turno
543 1234 758 1285 acceperat.

436 1302 534 1345 594.
584 1291 833 1344 iNGENTEM
865 1313 974 1344 SESE
1007 1312 1228 1343 CLAMORE
1253 1310 1469 1343 FEREBAT
1501 1316 1589 1344 non
1621 1303 1715 1343 erat
1746 1301 1920 1358 ingens,
1952 1301 2026 1344 sed

248 1382 291 1414 15
317 1388 362 1416 se
395 1388 489 1416 esse
522 1374 776 1416 clamitabat
807 1373 1041 1429 ingentem.

436 1444 535 1488 595.
585 1456 762 1487 ITERVM
800 1444 956 1486 denuo:
1001 1459 1103 1486 nam
1142 1444 1229 1486 iam
1267 1444 1397 1487 tertio
1436 1444 1706 1500 obsidentur,
1744 1446 1787 1486 et
1825 1443 2026 1487 ‘iterum'

318 1531 406 1559 non
436 1517 522 1571 nisi
554 1516 604 1558 de
637 1516 804 1559 duobus
838 1516 1032 1558 dicimus.

437 1588 535 1631 596.
586 1599 659 1630 ms
697 1599 833 1630 CAPTI
870 1599 1080 1630 PHRYGES
1127 1587 1257 1630 semel
1297 1588 1351 1630 ab
1390 1586 1593 1642 Hercule,
1635 1589 1737 1642 post
1775 1601 1800 1629 a
1838 1586 2028 1630 Graecis.

317 1660 395 1702 alii
433 1660 605 1702 tradunt
640 1659 760 1702 semel
790 1673 818 1701 a
850 1658 1088 1702 Graeciset
1116 1673 1226 1701 nunc
1256 1673 1284 1701 a
1314 1659 1502 1702 Latinis:
1539 1658 1612 1700 hoc
1648 1662 1687 1700 et
1715 1659 1848 1713 magyis
1885 1662 2028 1713 aptum

247 1739 292 1770 20
317 1744 400 1773 csse
425 1730 618 1773 Numani
640 1743 857 1784 personae,
889 1734 935 1772 ut
957 1744 999 1772 se
1022 1730 1163 1772 vicisse
1192 1730 1410 1782 existimet,
1441 1730 1513 1783 qiii
1544 1733 1629 1771 tam
1659 1730 1821 1772 iactans
1849 1733 1888 1772 ct
1912 1733 2027 1784 petu-

320 1803 413 1845 lans
443 1803 677 1845 inducatur.
767 1813 918 1845 MORTI
943 1813 1283 1843 PRAETENDERE
1309 1812 1464 1844 mvnos
1498 1801 1714 1856 emphasis
1747 1804 1832 1856 est3
1865 1801 2026 1844 ‘morti'

319 1873 432 1916 enim
465 1889 543 1929 pro
576 1872 723 1916 ‘bello’
755 1873 920 1929 posuit:
963 1873 1023 1915 sic
1056 1887 1188 1928 supra
1220 1873 1366 1928 <141>
1398 1872 1492 1914 leti
1525 1871 1828 1915 discrimina
1858 1888 2027 1929 parva.

390 1962 512 1988 imam
539 1963 570 1988 Ρ.
602 1946 658 1999 μ]
703 1959 796 1987 cum
828 1945 1011 1999 potuerit
1047 1943 1193 1987 ‘hosti'
1232 1944 1382 1987 elicere:
1426 1943 1577 1986 scilicet
1611 1947 1658 1985 ut
1692 1943 1800 1986 nihil
1834 1944 2029 1988 Troianis

319 2016 523 2071 reliquum
552 2017 623 2068 sit,
654 2030 778 2070 quam
801 2016 950 2070 perire.

249 2096 294 2128 25
440 2088 538 2130 597.
588 2099 771 2131 NOSTRA
804 2098 1008 2130 CONVBIA
1040 2089 1117 2129 aut
1147 2087 1271 2142 quasi
1302 2087 1436 2129 Turni
1469 2088 1682 2142 cognatus
1713 2086 1921 2142 loquitur:
1954 2091 2029 2129 aut

320 2159 531 2202 invidiose
569 2160 789 2214 retorquet
822 2157 987 2201 ‘nostra
1024 2157 1231 2213 conubia’,
1275 2160 1318 2200 et
1359 2158 1453 2201 vult
1491 2172 1665 2200 oausam
1704 2158 1896 2201 omnium
1935 2173 2027 2201 esse

321 2245 606 2274 communem.

439 2301 539 2344 598.
588 2318 755 2344 ITALJAM
784 2301 841 2343 ad
869 2300 1055 2343 Italiam.

440 2372 539 2415 599.
589 2384 686 2415 NON
724 2384 804 2415 HIC
843 2384 1050 2415 ATRIDAE
1094 2371 1371 2427 exaggeratio
1412 2371 1759 2426 vituperationis:
1804 2387 1904 2414 nam
1941 2387 2029 2415 non

250 2453 296 2485 30
321 2445 493 2486 tantum
526 2458 571 2485 se
603 2444 824 2499 Troianis,
859 2443 933 2486 sed
964 2443 1096 2485 etiam
1128 2457 1275 2485 eorum
1308 2443 1544 2485 victoribus
1578 2443 1776 2498 praefert.
1830 2446 1965 2497 potest
1992 2447 2029 2486 a

322 2514 533 2556 ‘Atridae'
572 2515 768 2570 intelleyi,
808 2528 982 2569 quorum
1019 2514 1206 2568 coniuyes
1242 2517 1317 2556 aut
1346 2515 1535 2556 deserunt
1570 2515 1759 2570 maritos,
1797 2518 1872 2557 aut
1906 2515 2029 2557 inter-

418 2671 435 2701 1
465 2666 576 2702 marti
601 2666 702 2701 drusi
722 2665 761 2700 F
776 2667 788 2711 ΙΙ
807 2670 827 2700 2
848 2665 888 2700 in
907 2677 972 2701 om.
989 2665 1023 2701 G
1041 2666 1053 2712 ΙΙ
1072 2670 1092 2700 3
1119 2665 1266 2711 fugeret
1291 2667 1329 2702 et
1353 2667 1537 2702 exercitus
1558 2668 1591 2703 G
1610 2668 1621 2713 ΙΙ
1640 2671 1662 2702 4
1688 2667 1734 2703 ad
1761 2667 1939 2703 herennio
1959 2667 1999 2702 F
2016 2666 2029 2714 Η

1405 2735 1425 2752 V

323 2766 343 2797 5
364 2765 449 2807 post
474 2761 751 2807 spoliatumque
777 2762 947 2797 lacunam
971 2761 1152 2796 indicavit
1175 2759 1316 2797 Daniel
1346 2763 1359 2808 ΙΙ
1389 2761 1478 2798 loeii
1504 2762 1668 2806 tarquini
1694 2762 1727 2797 G
1754 2763 1767 2807 ΙΙ
1803 2761 1902 2797 filius
1927 2763 2026 2805 libri,

322 2821 413 2845 corr.
440 2809 578 2844 Daniel
596 2810 608 2851 ΙΙ
637 2813 657 2844 9
683 2809 754 2844 hoc
780 2809 836 2844 est
860 2808 932 2843 AS
950 2809 962 2853 ΙΙ
989 2811 1032 2842 10
1059 2808 1218 2843 obscura
1243 2808 1331 2844 RH
1364 2809 1541 2845 obsoenia
1565 2810 1605 2845 F
1620 2811 1633 2854 ΙΙ
1665 2814 1708 2844 12
1735 2809 1865 2855 etiam]
1892 2811 1930 2844 et
1954 2809 1994 2844 F
2015 2809 2028 2856 ΙΙ

322 2858 403 2903 per]
430 2868 497 2901 pro
526 2857 575 2890 M
604 2858 615 2903 ΙΙ
655 2859 696 2891 15
724 2856 911 2891 clamabat
936 2855 976 2889 F
1004 2856 1015 2901 ΙΙ
1054 2859 1096 2890 16
1124 2855 1244 2891 denuo
1271 2884 1278 2892 .
1301 2885 1308 2893 .
1332 2883 1339 2891 .
1366 2860 1404 2892 et
1428 2858 1562 2893 iterum
1589 2868 1655 2892 om.
1680 2856 1813 2891 RLH
1833 2857 1931 2902 (add.
1958 2857 1984 2901 l)
2015 2857 2027 2903 Η

325 2908 367 2939 19
399 2905 450 2939 acl
480 2916 610 2939 irnnvM
635 2917 668 2940 v.
696 2918 726 2938 T.
753 2914 781 2938 s.
807 2915 838 2939 v.
866 2903 1020 2948 quidam
1052 2902 1187 2938 iterum
1219 2905 1333 2939 semel
1359 2916 1382 2939 a
1405 2904 1525 2950 grecis
1557 2903 1783 2948 intellegunt
1813 2906 1852 2937 et
1881 2914 1978 2939 nunc
2004 2917 2027 2941 a

322 2951 451 2986 latinis
479 2950 512 2985 T
540 2951 552 2995 ΙΙ
584 2951 654 2987 hoo
681 2952 720 2986 et
743 2950 863 2996 magis
888 2961 967 2996 eqo:
999 2950 1070 2985 hoc
1097 2953 1154 2986 est
1179 2951 1299 2996 magis
1325 2951 1365 2986 F
1400 2955 1438 2987 et
1461 2951 1532 2987 hoc
1558 2950 1678 2997 magis
1704 2951 1843 2985 Daniel
1873 2952 1885 2996 ΙΙ
1916 2955 1961 2987 20
1987 2963 2025 2988 se

323 2998 457 3034 vicisse
481 3009 560 3043 eyo:
587 3010 626 3034 se
651 2997 784 3034 uisisse
805 2998 845 3033 F
878 2997 1047 3033 feuisisse
1067 2998 1101 3033 G
1139 3009 1177 3032 se
1204 2999 1371 3044 coepisse
1397 2999 1435 3045 (i.
1456 3011 1482 3034 e.
1501 2998 1680 3044 ‘cepisse’)
1706 2997 1844 3033 Daniel
1862 2999 1874 3044 Η
1893 3002 1935 3033 21
1965 3010 2026 3035 en-

322 3045 411 3081 fasis
437 3046 524 3081 libri
541 3046 554 3091 ΙΙ
572 3049 616 3080 22
644 3046 856 3081 discrimine
881 3055 996 3091 parvo
1016 3045 1133 3090 vulyo.
1159 3047 1206 3088 cf.
1226 3046 1318 3081 Aen.
1338 3046 1391 3081 111
1411 3049 1490 3082 685.
1516 3050 1668 3082 ceterum
1686 3057 1719 3080 x.
1740 3044 1765 3080 f.
1786 3057 1832 3080 m.
1855 3047 1938 3082 add.
1954 3046 2030 3084 AS

323 3098 370 3128 24
402 3092 586 3138 reliquum
613 3093 663 3128 sit
688 3105 800 3139 quam
824 3093 944 3139 perire
971 3093 1194 3128 Masvicius:
1230 3094 1413 3138 reliquam
1441 3093 1560 3139 perire
1586 3092 1626 3127 F
1659 3094 1671 3139 ΙΙ
1708 3096 1752 3127 25
1780 3094 1960 3137 cognatos
1986 3094 2031 3129 H

324 3140 492 3186 cognatis
520 3139 561 3175 F
585 3141 596 3186 ΙΙ
627 3144 672 3176 26
698 3141 920 3176 indiuidiose
946 3139 991 3175 H
1010 3140 1022 3186 ΙΙ
1051 3141 1268 3184 retorquens
1293 3142 1327 3176 L
1353 3142 1458 3187 (corr.
1486 3141 1512 3186 l)
1549 3141 1768 3184 retorquent
1792 3140 1834 3175 H
1862 3142 1875 3186 ΙΙ
1905 3145 1950 3177 28
1975 3142 2027 3178 ad

323 3200 466 3223 rmum
489 3199 517 3223 8.
543 3199 575 3223 υ.
602 3188 649 3222 ad
674 3187 819 3223 italiam
850 3188 884 3223 Τ
898 3190 910 3232 ΙΙ
935 3191 979 3223 29
1005 3198 1091 3222 nam
1119 3216 1126 3223 .
1150 3215 1156 3221 .
1178 3215 1185 3223 .
1213 3187 1385 3224 Troianis
1410 3199 1476 3224 om.
1503 3187 1591 3223 LH
1604 3188 1616 3232 ΙΙ
1644 3191 1689 3223 30
1715 3187 1879 3234 tantum]
1905 3189 2025 3224 solum

323 3235 360 3270 R
385 3236 396 3281 ΙΙ
427 3239 470 3270 31
497 3234 637 3270 atridas
665 3235 713 3279 F,
739 3237 880 3271 correxi
898 3237 910 3280 ΙΙ
936 3234 1116 3270 terimunt
1141 3234 1173 3270 G
