2124 3600
344 270 399 312 58
1116 269 1277 306 SERVH

461 380 560 421 341.
611 390 717 430 QVIS
743 391 802 420 TE
829 390 1063 421 PALINVRE
1089 390 1281 421 DEORVM
1314 378 1426 434 ‘quis
1458 378 1578 421 deus'
1610 379 1758 421 debuit
1790 379 1942 435 dicere,
1974 380 2048 422 sed

343 465 497 507 graece
529 450 640 492 dixit
669 451 736 500 τίς
765 450 902 492 θεῶν.

461 521 559 563 342.
609 533 798 564 ERIPVIT
830 533 967 564 NOBIS
1005 522 1114 563 bene
1147 519 1335 563 ‘nobis'z
1375 520 1638 576 gubernator
1676 522 1791 564 enim
1830 523 2048 565 communi

341 593 455 648 perit
484 592 686 647 periculo.
808 604 892 635 svn
925 603 1143 643 AEQVORE
1176 603 1349 635 MERSIT
1382 592 1534 634 tmesis
1566 595 1648 635 est:
1690 593 1830 636 medio
1863 609 2049 651 aequore

294 670 314 701 5
343 664 587 706 submersit.
1707 697 1709 700 .

460 735 559 777 343.
609 746 688 777 mc
714 745 806 776 ΑΘΕ
838 734 1056 776 hortantis
1089 734 1338 776 adverbium
1365 736 1449 776 est:
1480 734 1593 777 unde
1626 737 1691 778 est
1720 739 1760 778 et
1783 735 1871 791 ‘aye
1894 735 1974 779 sta'
2006 738 2050 778 et

342 806 444 862 ‘age
475 805 638 848 facite'.

459 877 558 919 346.
608 888 866 919 VENTVRVM
899 887 1126 919 Avsomos
1158 873 1267 918 κατὰ
1299 873 1349 918 τὸ
1383 874 1675 931 σιωπώμενον
1707 877 2013 934 intellegimus.

462 949 560 990 347.
612 959 816 991 OORTINA
849 947 1015 990 cortina
1047 947 1166 989 dicta
1195 950 1261 990 est
1293 949 1368 989 aut
1396 948 1508 1002 quod
1535 962 1609 990 cor
1634 950 1799 1003 teneat,
1832 951 1907 991 aut
1937 949 2050 1004 quod

272 1026 315 1058 10
341 1020 482 1075 tripus
514 1021 690 1074 saeptus
723 1021 816 1061 erat
848 1019 964 1062 corio
999 1019 1229 1074 serpentis,
1261 1022 1310 1061 ut
1341 1019 1526 1061 diximus
1559 1034 1689 1074 supra
1721 1019 1941 1074 <11192>2
1975 1023 2050 1062 aut

341 1093 454 1133 certe
498 1091 728 1132 secundum
762 1089 974 1132 Graecam
1019 1090 1326 1146 etymologiam
1370 1086 1438 1132 ὅτι
1478 1087 1559 1145 τὴν
1600 1087 1740 1146 κόρην
1776 1092 1910 1133 τείνει
1948 1088 2047 1146 ἤτοι

339 1159 558 1214 τινάσσει,
589 1161 633 1202 id
666 1163 731 1203 est
757 1161 870 1216 quod
896 1159 1089 1202 extendit
1114 1160 1319 1216 puellam,
1352 1163 1400 1202 ut
1426 1160 1542 1215 <49>
1574 1162 1836 1217 maiorque
1870 1162 2049 1206 videri.

459 1233 557 1277 348.
606 1243 695 1274 NEC
727 1244 791 1274 ME
822 1232 891 1274 hic
924 1230 1297 1287 distinguendum,
1327 1245 1381 1274 ne
1414 1232 1472 1274 sit
1503 1233 1784 1275 contrarium:
1815 1248 1917 1276 nam
1950 1248 2047 1276 eum

342 1304 526 1346 Somnus
558 1304 723 1346 deiecit.
773 1318 1036 1358 quamquam
1068 1302 1142 1345 alii
1174 1302 1336 1345 frustra
1368 1303 1516 1345 dicant
1547 1304 1660 1359 quod
1687 1304 1890 1346 credebat
1915 1304 2047 1347 Phor-

272 1382 314 1413 15
340 1375 533 1430 bantem,
566 1390 660 1418 cum
693 1374 894 1418 extinctis
927 1374 1147 1417 divinandi
1180 1374 1238 1416 sit
1270 1389 1474 1417 concessa
1505 1375 1698 1430 licentia,
1733 1378 1782 1418 ut
1812 1390 1926 1418 nunc
1957 1375 2044 1419 iam

342 1446 452 1488 sciat
486 1444 693 1488 Somnum
724 1445 872 1489 fuisse.

460 1517 559 1559 349.
608 1529 800 1568 NAMQVE
834 1528 1183 1559 GVBERNACLVM
1214 1519 1264 1558 ut
1295 1515 1352 1558 sit
1383 1517 1472 1558 veri
1501 1517 1657 1572 simile,
1695 1518 1809 1573 quod
1840 1520 1941 1573 post
1970 1518 2046 1560 tri-

341 1589 471 1631 duum
503 1588 651 1644 tetigit
682 1588 788 1630 litus
820 1588 987 1631 Italiae.

459 1659 556 1702 351.
607 1670 946 1702 PRAECIPITANS
979 1659 1080 1701 dum
1111 1658 1431 1713 praecipitarer.
1551 1669 1698 1700 MARIA
1729 1669 1905 1701 ASPERA
1937 1671 2048 1702 1vRo

270 1739 315 1770 20
340 1720 416 1773 aut
441 1731 655 1773 execratio
682 1733 764 1786 est,
794 1733 841 1773 ut
867 1730 939 1785 <II
958 1730 1076 1784 431>
1107 1729 1258 1772 Iliaci
1291 1729 1510 1771 cineres:
1543 1731 1618 1770 aut
1647 1731 1759 1772 certe
1785 1730 1899 1772 iurat
1925 1731 2049 1785 quasi

342 1803 476 1844 nauta
506 1816 582 1857 per
614 1802 761 1844 maria.

460 1873 558 1916 353.
615 1884 846 1916 SPOLIATA
895 1883 1035 1915 ARMIS
1085 1874 1262 1927 propter
1313 1870 1589 1913 amissionem
1640 1871 1930 1927 gubernaculi.

341 1955 547 1987 EXCVSSA
579 1955 819 1987 MAGISTRO
851 1958 961 1986 nove
995 1942 1118 1985 dixit:
1151 1942 1202 1984 de
1236 1957 1322 1997 qua
1352 1941 1495 1983 fuerat
1526 1942 1734 1998 magister
1765 1957 1983 1986 excussus,
2013 1977 2018 1980 .

460 2015 558 2058 354.
609 2026 926 2059 SVRGENTIBVS
965 2025 1104 2058 VNDIS
1145 2028 1233 2056 non
1271 2013 1371 2068 quia
1409 2015 1647 2068 tempestas
1686 2014 1832 2069 fuerit,
1877 2013 2048 2057 favente

272 2093 317 2126 25
343 2085 567 2143 Neptuno,
600 2087 674 2129 sed
705 2090 875 2129 tumens
900 2086 1089 2142 pelagus
1121 2085 1255 2127 fuisse
1289 2084 1519 2140 significat.
1580 2099 1678 2143 nec‘
1690 2085 1741 2127 de
1775 2085 1947 2127 Aeneae
1979 2100 2048 2141 pe-

340 2157 440 2199 ritia
472 2158 734 2214 desperavit,
768 2157 842 2200 sed
873 2159 1050 2212 propter
1082 2156 1298 2212 perditum
1331 2155 1681 2211 gubernaculum.
1735 2159 1774 2198 et
1803 2156 1977 2199 ostendit
2005 2170 2046 2199 se

340 2230 473 2283 mayis
504 2230 688 2272 timuisse
711 2243 792 2283 pro
822 2229 938 2283 navi,
970 2241 1062 2270 cum
1092 2230 1191 2270 esset
1221 2227 1305 2280 ipse
1330 2226 1552 2280 periments.

439 2350 456 2380 1
483 2347 587 2383 schol.
609 2347 659 2382 acl
683 2358 714 2382 v.
736 2350 803 2381 341
831 2356 897 2382 om.
918 2345 952 2380 G
970 2346 982 2391 11
1001 2348 1022 2380 2
1047 2355 1191 2379 mesum
1217 2342 1307 2378 RH
1338 2353 1463 2377 'meeum
1483 2341 1524 2376 F
1539 2343 1550 2388 ΙΙ
1570 2345 1592 2376 4
1617 2342 1756 2387 periclo
1776 2345 1811 2377 A
1831 2343 1843 2389 ΙΙ
1861 2343 1968 2378 schol.
1996 2344 2045 2379 ad

341 2407 404 2429 svn
429 2405 462 2429 A.
489 2407 524 2428 m.
551 2404 617 2429 om.
645 2393 679 2429 G
697 2395 709 2441 {l
727 2393 878 2429 temesis
904 2392 977 2428 RS
1012 2391 1189 2427 themesis
1215 2389 1356 2425 AHM
1369 2391 1381 2436 ΙΙ
1400 2389 1471 2435 est]
1499 2392 1556 2424 est
1580 2389 1618 2424 id
1645 2390 1702 2425 est
1726 2389 1767 2424 F
1781 2391 1794 2437 ΙΙ
1819 2393 1840 2425 5
1867 2401 2044 2426 summer-

340 2440 390 2476 sit
412 2440 452 2475 F
467 2442 478 2487 u
499 2445 519 2476 6
546 2442 585 2476 et
608 2452 678 2486 age
705 2441 834 2487 facite]
862 2441 900 2476 et
925 2440 1027 2486 agite
1052 2439 1166 2474 facite
1186 2438 1222 2473 R
1260 2438 1298 2473 et
1322 2448 1391 2482 age
1417 2436 1441 2472 f.
1463 2435 1500 2471 A
1537 2437 1575 2471 et
1599 2447 1691 2483 cage
1717 2438 1845 2474 omisso
1869 2437 1982 2473 facite
2003 2436 2047 2473 H

341 2489 379 2523 et
403 2499 473 2532 age
498 2488 557 2524 fac
584 2490 622 2524 et
647 2499 717 2535 age
742 2488 856 2523 facite
882 2488 1101 2533 Stephanus,
1129 2485 1347 2528 Masvicius,
1371 2484 1614 2519 Burmannus
1651 2486 1690 2519 et
1714 2496 1784 2530 age
1809 2485 1887 2520 fare
1912 2486 2012 2522 Lion
2034 2485 2047 2532 Η

341 2540 362 2571 8
397 2537 482 2571 cata
505 2537 545 2572 to
573 2535 816 2581 siopumenon
841 2535 921 2570 ΒΑ
966 2535 1076 2569 canta.
1106 2534 1146 2569 to
1178 2533 1421 2578 siopumenon
1446 2531 1492 2565 H
1530 2533 1616 2567 cata
1646 2533 1686 2567 to
1719 2532 1962 2578 siopomenon
1988 2533 2045 2570 M.

340 2583 387 2626 ef.
407 2582 621 2619 Burmanni
646 2584 768 2619 adnot.
790 2584 801 2628 ΙΙ
821 2587 841 2617 9
867 2582 989 2617 tineat
1013 2581 1059 2616 H
1072 2583 1084 2627 ΙΙ
1105 2584 1149 2616 10
1174 2580 1293 2625 tripus
1319 2578 1454 2614 ASH:
1480 2578 1606 2631 tripos·
1627 2578 1769 2615 FGM
1801 2580 1946 2626 trippos
1971 2579 2008 2615 R
2033 2580 2043 2626 Η

341 2631 465 2674 septos
491 2630 571 2666 FG
595 2632 607 2676 Η
638 2631 820 2675 Pythonis
846 2628 1028 2674 serpentis
1056 2628 1265 2663 Masvieius
1283 2627 1429 2671 primus
1459 2627 1471 2672 ΙΙ
1503 2629 1545 2660 ut
1571 2626 1731 2662 diximus
1757 2638 1868 2673 supra
1893 2627 2045 2663 FGM:

341 2678 384 2712 ut
414 2676 552 2712 dicitur
576 2678 613 2712 R
656 2678 700 2712 ut
731 2678 821 2712 deus
846 2677 920 2711 AS
951 2677 1083 2720 (ortum
1108 2686 1152 2711 ex
1180 2675 1236 2710 ‘ut
1260 2677 1294 2713 ὂ.
1314 2673 1375 2719 ἔπ’)
1411 2674 1454 2708 111³
1480 2674 1523 2708 dfi
1552 2674 1597 2707 H
1620 2675 1631 2720 ΙΙ
1664 2678 1706 2709 11
1740 2674 2045 2719 aethimologiam

340 2724 510 2759 ARFG
547 2724 831 2768 ethimologiam
856 2723 902 2757 H
934 2722 1227 2768 ethymologiam
1255 2721 1304 2756 M
1319 2722 1332 2766 ΙΙ
1357 2733 1414 2755 0T1
1440 2733 1508 2756 ΤΗΝ
1533 2733 1663 2757 nomm
1687 2734 1782 2757 'mum
1806 2735 1869 2757 mro
1893 2733 2046 2757 ῊΝΛεεει

341 2771 377 2806 R
415 2784 473 2806 οτι
504 2784 572 2806 ΤΗΝ
602 2783 718 2806 norun
748 2781 839 2805 'rma
872 2782 958 2805 nrm
984 2781 1142 2804 'rmsxccm
1168 2768 1241 2804 AS
1283 2780 1339 2803 οτι
1371 2780 1439 2802 ΤΗΝ
1471 2781 1586 2804 KOPNN
1617 2781 1831 2804 'rmmnrorn
1862 2780 1981 2804 ΝΛεεεΙ
2005 2769 2052 2804 H

341 2831 445 2853 orrum
469 2829 702 2853 nominarim
728 2817 774 2852 M
810 2830 866 2852 0'1'1
893 2830 961 2852 ΤΗΝ
987 2817 1043 2851 dit
1069 2817 1222 2860 (omissis
1247 2812 1363 2860 κόρην
1391 2843 1397 2849 .
1420 2843 1427 2850 .
1451 2843 1458 2850 .
1485 2816 1609 2861 exten)
1637 2816 1724 2852 FG.
1769 2814 1853 2860 ἤτοι
1878 2812 2046 2851 τινάσσει

340 2876 416 2901 non
438 2865 609 2900 videntur
634 2865 754 2900 Servii
778 2875 849 2900 esse
878 2866 890 2909 ΙΙ
930 2868 971 2898 13
997 2864 1103 2899 schol.
1130 2864 1180 2899 ad
1204 2875 1271 2898 nnc
1295 2876 1342 2897 m:
1368 2873 1433 2897 om.
1462 2863 1495 2898 G
1526 2865 1537 2909 Η
1575 2867 1620 2898 14
1646 2863 1710 2898 alii
1735 2863 1875 2899 frustra
1899 2863 2043 2910 dicant]

343 2912 408 2948 alii
433 2911 666 2958 distinguant
689 2923 758 2947 nec
783 2922 842 2946 me
868 2911 956 2946 deus
982 2921 1142 2955 aequore
1167 2910 1298 2945 mersit
1322 2909 1362 2944 F
1390 2910 1401 2955 ΙΙ
1435 2910 1704 2957 Phorbantem]
1730 2909 1844 2946 fuisse
1870 2912 1934 2956 qui
1958 2922 2042 2946 eum

341 2959 561 2995 inmerserat
585 2970 685 3003 supr.
705 2969 794 2995 vers.
815 2959 899 2994 add.
920 2970 955 2993 m
973 2959 984 3004 ΙΙ
1005 2961 1049 2992 15
1069 2957 1127 3004 ut]
1149 2958 1188 2992 et
1206 2957 1282 2992 SF
1296 2958 1308 3003 ΙΙ
1326 2955 1400 2991 iam
1421 2968 1486 2991 om.
1508 2958 1581 2992 AS
1599 2959 1610 3004 ΙΙ
1632 2962 1674 2993 17
1694 2957 1916 2993 uerisimiles
1935 2957 2015 2992 FG
2032 2958 2044 3004 Η

342 3005 443 3052 quod
474 3035 481 3041 .
505 3034 512 3041 .
534 3036 541 3043 .
567 3006 718 3053 Italiae]
745 3006 844 3052 quod
869 3005 975 3041 uenit
999 3005 1046 3040 ad
1071 3003 1217 3040 italiam
1244 3004 1292 3039 M
1309 3004 1321 3049 ΙΙ
1342 3007 1384 3038 18
1410 3004 1564 3040 intaliae
1590 3005 1631 3039 F
1646 3006 1657 3050 ΙΙ
1679 3008 1722 3039 19
1748 3004 1835 3039 dum
1859 3003 2041 3050 praecipi-

341 3054 457 3100 tarer]
483 3064 549 3098 pro
576 3065 659 3088 cum
685 3053 953 3099 praecipitarer
978 3048 1020 3087 F
1052 3050 1242 3097 proprium
1267 3050 1534 3095 praecipitarer
1563 3051 1596 3086 G
1627 3053 1638 3097 ΙΙ
1676 3055 1721 3087 20
1747 3051 1933 3086 exact-atio
1948 3050 2043 3095 ¹FG

343 3101 547 3137 exsecratio
572 3101 609 3136 R
628 3102 639 3147 ΙΙ
669 3100 783 3147 iurat]
810 3100 967 3136 iurantis
993 3099 1072 3135 FG
1097 3100 1109 3144 ΙΙ
1141 3097 1246 3142 quasi
1270 3098 1401 3144 nauta]
1430 3098 1517 3143 quia
1542 3099 1571 3134 si
1598 3099 1664 3134 aut
1688 3109 1711 3133 a
1735 3098 1769 3134 G
1793 3099 1805 3143 ΙΙ
1836 3102 1880 3132 22
1906 3098 2043 3134 scholia

342 3185 392 3219 ad
410 3195 440 3219 v.
463 3187 531 3219 353
552 3194 615 3219 om.
639 3183 673 3218 G
691 3185 702 3229 ΙΙ
721 3185 874 3228 propter
901 3210 907 3217 .
931 3212 938 3218 .
960 3211 965 3217 .
994 3180 1253 3228 gubernaculi]
1279 3180 1425 3225 perdito
1451 3180 1703 3226 gubernaculo
1731 3181 1779 3214 M
1795 3181 1807 3226 Η
1826 3184 1870 3215 23
1897 3153 1998 3225 nous}
2013 3180 2043 3217 S

343 3235 389 3266 24
412 3231 527 3267 fuerit
551 3231 773 3276 Stephanus:
799 3230 871 3265 fuit
895 3230 982 3267 libri
1011 3231 1024 3276 ΙΙ
1055 3233 1099 3265 27
1125 3227 1209 3274 pro]
1235 3238 1301 3273 per
1327 3227 1361 3263 G
2081 3243 2087 3246 ·
