2092 3614
549 256 700 294 COMM.
725 256 780 293 IN
805 256 949 292 VERG.
976 256 1088 292 AEN.
1114 256 1166 291 XI
1193 260 1392 293 503—528.
1742 255 1826 298 541

121 368 366 409 moraturus
399 369 477 410 est.
537 367 597 410 sic
627 369 762 409 autem
793 366 1003 410 dicebatur
1033 381 1060 408 a
1084 366 1299 422 Romanis,
1330 367 1514 420 quotiens
1544 368 1631 409 acie
1661 367 1829 409 dimica-

122 442 219 480 tum·
240 442 348 481 essct.

241 511 339 553 518.
391 527 522 554 TEOVM
548 527 647 553 AGER
676 526 877 553 MESSAPVS
894 527 988 552 ERIT
1020 510 1178 564 inqenti
1213 509 1364 552 honore
1402 509 1561 552 ‘tecum'
1599 510 1722 565 dixit,
1759 509 1831 552 hoc

122 584 180 624 est
209 596 293 623 non
324 584 368 624 tu
398 582 464 624 illi
494 582 692 624 adiuncta
722 582 814 636 eris,
844 583 916 624 sed
944 582 1013 624 ille
1044 581 1129 623 tibi.

241 652 340 695 519.
390 665 677 704 TIBVRNIQVE
715 665 871 696 MANVS
910 652 1094 696 Catillus
1134 655 1178 694 et
1215 646 1363 695 Go‘ras.
1496 664 1634 696 DVCIS
1673 665 1733 695 ET
1770 666 1829 696 Tv
1858 662 1878 692 5

124 736 321 767 CONOIPE
354 736 510 767 CVRAM
546 724 657 766 sicut
688 737 788 779 ego:
825 739 927 767 nam
958 739 1046 767 non
1077 724 1197 776 dicit,
1236 724 1348 766 sicut
1378 724 1605 779 Messapus
1638 727 1714 767 aut
1745 725 1832 779 alii,

122 811 177 837 ne
210 796 249 838 ei
280 795 421 838 facere
452 796 650 838 videatur
680 795 893 839 iniuriam.
945 795 1153 851 ‘concipe'
1187 797 1330 838 autem
1361 796 1422 838 vel
1454 796 1583 838 simul
1616 812 1712 839 cum
1744 796 1831 838 illis

124 882 261 922 sume,
304 868 366 910 vel
407 881 563 910 mecum
605 881 718 922 cape,
761 869 862 922 quia
899 868 968 910 ille
1005 869 1169 910 dixerat
1206 867 1381 910 ‘mecum
1411 869 1574 921 partire
1611 867 1831 911 laborem':

124 938 236 982 ‘con'
276 940 391 981 enim
429 938 706 982 coniunctiva
736 938 949 994 particula
980 942 1063 981 est:
1101 939 1214 981 unde
1247 942 1290 981 et
1323 938 1582 982 ‘convocari'
1616 939 1667 982 de
1699 940 1831 995 pluri-

123 1011 203 1053 bus
236 1011 429 1053 dicimus.
1861 1019 1904 1050 10

243 1082 342 1125 522.
401 1094 582 1125 VALLES
614 1082 742 1125 metri
771 1082 1028 1125 necessitate
1055 1082 1338 1137 conpellimur
1363 1084 1412 1124 ut
1438 1082 1594 1126 ‘vallis'
1622 1082 1832 1124 dicamus:

125 1153 292 1196 Statius
337 1154 493 1196 vallis
538 1155 589 1196 in
634 1155 869 1209 amplexu
905 1169 1165 1196 nemorum
1205 1154 1365 1196 sedet:
1410 1169 1512 1196 nam
1550 1155 1727 1210 plenum
1767 1155 1834 1195 est

125 1224 307 1281 ‘valles',
346 1225 457 1268 sicut
493 1241 606 1268 nunc
637 1225 858 1282 Vergilius
897 1226 1056 1281 posuit.
1118 1225 1230 1281 quod
1269 1226 1332 1267 ita
1370 1241 1463 1268 esse
1503 1225 1732 1268 diminutio
1771 1225 1833 1267 in-

125 1297 259 1340 dicat:
298 1312 400 1340 nam
440 1296 682 1340 ‘vallecula'
715 1297 888 1352 dicitur,
927 1297 1040 1339 sicut
1072 1296 1257 1339 ‘turrim'
1291 1296 1374 1339 dici
1406 1297 1560 1339 debere
1593 1296 1832 1339 ‘turricula'

124 1369 298 1424 indicat,
332 1368 513 1425 ‘vulpes’
548 1368 804 1424 ‘vulpecula'
836 1368 958 1410 facit:
991 1368 1201 1411 Horatius
1234 1370 1438 1411 moveat
1469 1368 1739 1423 vulpecula
1769 1368 1834 1410 ri·
1864 1377 1907 1409 15

126 1455 245 1482 sum.
307 1455 409 1497 ergo
448 1441 494 1483 in
534 1439 623 1483 ‘es'
656 1440 725 1483 vel
758 1441 801 1482 in
835 1439 916 1482 tis'
951 1440 1120 1495 quando
1152 1440 1418 1495 usurpative,
1460 1440 1631 1495 quando
1663 1442 1837 1482 natura-

126 1511 232 1554 liter
265 1514 419 1554 exeant
449 1511 642 1566 nomina,
675 1513 767 1554 sola
798 1511 1028 1554 diminutio
1060 1511 1232 1555 indicat.
1285 1527 1334 1554 ea
1366 1514 1510 1554 autem
1543 1526 1651 1567 quae
1683 1512 1729 1553 in
1761 1511 1836 1554 ‘es’

128 1585 302 1635 exeunt,
340 1584 473 1639 longa
511 1585 612 1625 sunt
652 1583 813 1637 omnia,
852 1584 889 1625 si
921 1583 965 1625 in
997 1583 1197 1639 genetivo
1229 1598 1319 1625 non
1352 1585 1567 1638 crescant,
1604 1585 1653 1625 ut
1685 1582 1837 1626 ‘labes'

128 1653 295 1696 ‘valles'
330 1653 531 1709 ‘vulpes't
563 1669 664 1696 nam
697 1655 734 1696 si
767 1658 972 1710 crescant,
1004 1655 1155 1697 brevia
1187 1657 1300 1710 sunt,
1333 1657 1383 1697 ut
1415 1654 1554 1697 ‘miles
1587 1654 1766 1697 militis'.

245 1725 343 1768 523.
394 1742 534 1769 DEsts
563 1743 786 1769 Fssozvmsvs
815 1743 954 1769 Aram!
986 1729 1128 1768 utrum
1167 1726 1318 1769 ‘densis
1353 1727 1572 1780 frondibus
1602 1726 1745 1782 uryet’,
1781 1740 1838 1768 an
1863 1736 1909 1768 20

128 1797 278 1840 ‘densis
305 1797 512 1850 frontibus
543 1796 728 1839 atrum'?

245 1868 345 1912 524.
395 1880 488 1919 Qvo
522 1879 695 1911 SEMITA
726 1880 870 1912 nvcrr
903 1869 1065 1925 legitur
1097 1871 1140 1912 et
1172 1869 1299 1924 ‘qua’.

247 1940 344 1983 525.
396 1951 661 1992 ADITVSQVE
692 1952 891 1983 MALIGNl
928 1941 1099 1996 proprie
1137 1940 1354 1997 ‘obscuri',
1392 1944 1440 1984 ut
1471 1942 1558 1997 <VI
1590 1942 1706 1998 270>
1746 1943 1837 1985 sub

128 2012 242 2055 luce
274 2012 515 2067 maligna.

247 2082 345 2125 527.
395 2094 574 2126 IGNOTA
599 2084 659 2126 vel
682 2084 1009 2138 infrequentata;
1034 2085 1096 2127 vel
1122 2083 1303 2139 ‘iynota'‚
1330 2085 1493 2128 scilicet
1514 2084 1705 2127 Aeneae:
1736 2100 1837 2127 nam
1864 2093 1909 2125 25

130 2154 180 2196 de
213 2154 361 2196 Turno
395 2155 586 2197 dicturus
620 2157 686 2198 est
719 2154 817 2197 ‘huc
848 2156 1016 2198 iuvenis
1048 2157 1152 2198 nota
1183 2156 1320 2198 fertur
1351 2157 1527 2213 regione
1560 2156 1754 2199 viarum’.

131 2238 338 2277 TVTIQVE
372 2237 609 2269 RECEPTVS
647 2218 759 2268 male
797 2227 972 2283 quidam
1012 2226 1235 2270 ‘recessus'
1268 2228 1436 2284 legunt:
1473 2243 1575 2270 nam
1609 2227 1837 2283 ‘receptus'

128 2297 303 2352 dicitur,
341 2312 423 2353 quo
465 2313 509 2340 se
547 2300 643 2340 tuto
681 2298 893 2342 exercitus
932 2299 1107 2354 recipit:
1142 2299 1253 2340 unde
1293 2302 1336 2341 et
1368 2299 1495 2355 signa
1528 2299 1736 2354 ‘receptui
1768 2314 1837 2341 ca-

128 2367 245 2410 nere'
278 2368 492 2411 dicuntur.

251 2438 350 2482 528.
400 2450 486 2483 SEv
524 2452 711 2482 DEXTRA
748 2453 999 2492 LAEVAQVE
1038 2453 1174 2485 VELIS
1214 2453 1490 2485 OCCVRRERE
1522 2454 1711 2486 PVGNAE
1750 2442 1839 2496 sive
1866 2451 1911 2482 30

229 2583 272 2615 12
299 2580 459 2628 Statius]
484 2580 599 2616 Theb.
625 2580 678 2616 VI
703 2585 772 2617 256
801 2583 813 2629 11
846 2585 889 2617 15
915 2581 1092 2618 Horatius
1137 2594 1193 2628 ep.
1222 2584 1238 2619 Ι
1264 2588 1297 2629 3,
1325 2587 1379 2619 19.
1418 2583 1464 2620 cf.
1491 2583 1507 2619 I
1534 2587 1566 2629 7,
1593 2588 1637 2620 29
1669 2585 1682 2631 11
1712 2588 1757 2620 27
1783 2595 1838 2621 re-

133 2628 264 2673 ceptus
290 2627 429 2663 dicitur
454 2657 462 2666 .
485 2656 492 2664 .
515 2655 522 2663 .
550 2629 738 2676 dicuntur]
766 2641 880 2666 exscr.
907 2630 995 2667 Isid.
1021 2642 1073 2666 or.
1135 2630 1221 2666 VIII
1247 2635 1281 2677 4,
1306 2635 1328 2666 4

229 2763 246 2794 1
275 2758 528 2795 dimicandum
551 2759 584 2794 T
600 2760 613 2805 ΙΙ
632 2763 652 2794 3
670 2761 783 2796 schol.
811 2762 860 2797 ad
882 2772 913 2796 v.
935 2764 1004 2796 518
1029 2762 1112 2797 hab.
1136 2762 1170 2797 T
1185 2764 1197 2808 ΙΙ
1216 2762 1308 2798 dicit
1332 2763 1456 2798 tecum
1482 2762 1520 2798 id
1547 2763 1603 2798 est
1626 2763 1658 2797 T
1673 2763 1686 2807 ΙΙ
1706 2767 1727 2798 4
1752 2775 1837 2799 con-

131 2807 259 2842 iuncta
286 2806 320 2841 Τ
336 2808 349 2851 ΙΙ
377 2810 397 2842 5
424 2819 635 2847 TIBVRNIQVE
660 2807 745 2842 RF
776 2821 996 2849 TYBVRNIQVE
1021 2809 1144 2845 ASH
1177 2823 1385 2851 'rmvmuovn
1414 2811 1472 2846 M.
1498 2811 1544 2854 cf.
1571 2811 1620 2846 ad
1644 2810 1800 2847 V11670
1828 2812 1838 2858 Η

133 2853 268 2889 catilus
295 2853 384 2890 HF
405 2856 417 2899 ΙΙ
449 2854 576 2901 Coras]
604 2855 747 2890 ceteras
773 2855 813 2890 F
840 2858 851 2902 ΙΙ
882 2859 903 2891 8
930 2868 1033 2892 sume
1059 2868 1125 2894 om.
1151 2857 1241 2893 RH
1266 2859 1278 2903 ss
1309 2862 1329 2893 9
1356 2869 1443 2893 nam
1469 2869 1538 2894 con
1563 2858 1600 2893 R
1636 2870 1722 2894 nam
1748 2859 1840 2903 (sine

133 2903 217 2947 con)
243 2902 316 2937 AS
333 2904 346 2948 ΙΙ
375 2902 627 2948 coniunctim]
655 2901 833 2938 continua,
858 2903 903 2938 H
917 2905 929 2949 ΙΙ
963 2908 1004 2939 12
1030 2916 1116 2940 nam
1145 2934 1152 2942 .
1175 2934 1182 2941 .
1205 2934 1212 2942 .
1238 2905 1293 2941 ita
1320 2916 1398 2941 esse
1424 2917 1490 2941 om.
1517 2906 1592 2941 AS
1615 2907 1627 2951 Η
1660 2909 1704 2940 14
1730 2906 1838 2941 ualli-

133 2949 217 2984 cula
243 2948 283 2984 F
299 2951 310 2996 ΙΙ
330 2949 426 2985 sicut
452 2977 459 2984 .
483 2978 489 2984 .
512 2976 520 2984 .
546 2949 691 2985 indicat
715 2961 780 2986 om.
807 2950 922 2994 HM,
947 2952 1100 2995 fortasse
1123 2956 1215 2989 recte
1239 2954 1251 3000 ΙΙ
1275 2953 1494 2988 turriculam
1519 2954 1560 2988 F
1580 2955 1593 2999 ΙΙ
1623 2957 1665 2988 15
1691 2955 1734 2989 ut
1758 2954 1838 2988 uul-

131 3007 198 3042 pes
225 2996 275 3031 M
288 2998 300 3044 ΙΙ
318 2997 522 3043 ueilpicula
547 2997 583 3032 R
602 2997 614 3042 ΙΙ
636 3001 678 3032 16
703 2997 944 3043 usurpatione
971 2998 1010 3033 F
1025 3000 1038 3045 ΙΙ
1060 3004 1101 3036 17
1129 3012 1167 3036 es
1192 3012 1257 3036 om.
1277 3000 1317 3035 F
1332 3002 1345 3046 ΙΙ
1366 3004 1409 3036 18
1435 3002 1606 3036 crescunt
1632 3001 1673 3036 F
1688 3002 1699 3047 ΙΙ
1719 3005 1764 3036 20
1789 3002 1840 3037 ad

132 3055 254 3079 namus
280 3058 312 3080 ιε’.
338 3057 371 3081 A.
397 3056 424 3080 s.
444 3056 477 3080 v.
504 3046 702 3089 utrumque
727 3046 854 3090 potest
877 3045 998 3091 accipi
1023 3046 1102 3083 siue
1127 3048 1251 3083 densis
1277 3048 1469 3084 frondibus
1495 3049 1619 3084 atrum
1643 3049 1722 3084 siue
1748 3048 1837 3083 den-

134 3091 183 3126 sis
209 3091 402 3128 frondibus
427 3093 538 3138 urget
565 3092 598 3127 Τ
620 3094 631 3138 ΙΙ
663 3096 707 3126 22
734 3104 804 3132 QVA
829 3096 860 3128 et
885 3104 958 3137 quo
984 3094 1056 3130 AS
1073 3096 1086 3141 ΙΙ
1116 3098 1161 3131 26
1188 3096 1237 3131 ad
1262 3107 1392 3130 mnon
1416 3107 1443 3132 s.
1469 3107 1502 3133 v.
1528 3096 1701 3142 ignorata
1725 3095 1837 3141 infre-

134 3139 316 3182 quentata
340 3139 485 3175 scilicet
509 3150 666 3184 aeneae,
693 3140 734 3174 in
752 3151 866 3186 mary.
893 3140 992 3176 iacet
1017 3141 1055 3177 id
1081 3144 1138 3178 est
1163 3141 1366 3188 porrigitur
1385 3143 1565 3179 dilatatur
1588 3143 1620 3177 T
1637 3144 1648 3187 {l
1668 3146 1712 3178 27
1738 3142 1836 3178 male

134 3213 141 3221 .
165 3213 172 3220 .
194 3213 201 3221 .
227 3186 362 3232 recipit
386 3198 452 3240 qm.
479 3186 524 3222 H
544 3188 555 3234 ΙΙ
586 3187 737 3232 quidem
764 3188 814 3222 M
839 3189 850 3234 ΙΙ
881 3188 1028 3236 legunt]
1053 3202 1128 3226 non
1152 3190 1322 3235 receptus
1347 3191 1431 3227 add.
1458 3191 1531 3226 AS
1561 3192 1572 3237 ΙΙ
1603 3193 1648 3225 28
1674 3191 1756 3226 tuto
1783 3190 1837 3226 R:

132 3234 237 3268 tutus
262 3234 336 3269 AS
371 3236 446 3270 clto
473 3235 523 3269 M
555 3235 641 3270 outo
668 3234 709 3270 F
