2124 3600
475 244 480 247 ἱ
537 270 689 307 cOMM.
715 270 768 305 IN
793 269 936 306 VERG.
963 268 1074 304 AEN.
1102 269 1153 304 vi
1181 273 1380 304 135—143.
1756 267 1810 308 31

106 382 225 423 aetas
264 380 429 422 incerta
467 380 544 435 sit,
589 380 746 434 quippe
788 393 896 434 quae
934 378 1075 420 adhuc
1113 392 1158 419 se
1195 391 1274 419 nec
1315 377 1428 419 vitiis
1465 392 1544 419 nec
1581 376 1816 419 virtutibus

105 452 242 494 dedit:
278 451 443 493 bivium
484 453 628 493 autem
660 463 690 492 Y
721 451 893 492 litterae
932 464 958 491 a
988 438 1214 491 iuventute
1251 448 1459 503 incipere,
1500 462 1583 503 quo
1622 450 1818 502 tempore

104 523 300 566 homines
343 525 419 565 aut
458 522 581 577 vitia,
626 522 669 564 id
707 523 773 564 est
810 523 977 577 partem
1016 520 1261 575 sinistram,
1305 521 1381 561 aut
1424 519 1624 574 virtutes,
1669 519 1713 560 id
1755 521 1821 560 est

104 594 324 643 dexteram
369 595 539 649 partem
584 596 839 649 sequuntur:
882 591 993 634 unde
1038 592 1099 633 ait
1142 591 1318 634 Persius
1358 589 1428 645 <V
1459 590 1544 645 35>
1589 590 1820 632 traducit

103 665 341 721 trepidas
372 680 576 708 ramosa
606 665 659 707 in
690 664 917 719 compita
948 666 1158 706 mentes.
1208 676 1311 718 ergo
1338 677 1416 717 per
1441 677 1609 704 ramum
1635 662 1818 703 virtutes

106 737 213 779 dicit
245 751 338 779 esse
372 737 617 791 sectandas,
651 736 723 791 qui
749 738 816 777 est
841 748 871 776 Y
894 735 1067 777 litterae
1098 734 1306 776 imitatio:
1340 747 1466 788 quem
1498 733 1595 775 ideo
1627 732 1673 774 in
1699 732 1819 774 silvis

110 807 214 850 dicit
245 808 398 863 latere,
430 807 531 863 quia
555 822 602 849 re
626 821 731 848 vera
761 807 806 848 in
836 806 963 848 huius
995 806 1112 849 vitae
1142 805 1396 849 confusione
1429 807 1472 847 et
1503 804 1665 846 maiore
1696 806 1820 859 parte
1890 842 1892 845 .

107 879 311 921 vitiorum
342 879 479 921 virtus
513 881 556 921 et
585 878 816 934 integritas
846 878 967 920 latet.
1025 877 1100 919 alii
1133 876 1281 919 dicunt
1310 876 1407 918 ideo
1439 890 1561 918 ramo
1595 890 1723 917 aureo
1757 875 1821 916 in—

106 951 220 993 feros
246 951 359 1008 peti,
377 950 491 1007 quod
512 950 674 993 divitiis
693 950 820 992 facile
841 950 1044 992 mortales
1066 950 1298 992 intereunt.
1337 947 1596 991 Tiberianus
1624 962 1821 999 aurum,

107 1037 205 1078 quo
236 1021 408 1077 pretio
439 1024 741 1064 reserantur
772 1021 953 1063 limina
984 1020 1137 1062 Ditis.

230 1094 325 1135 137.
375 1105 533 1135 LENTO
572 1105 737 1136 VIMINE
774 1092 927 1148 flexili,
970 1093 1019 1134 ut
1061 1092 1203 1134 lenta
1247 1091 1433 1147 quibus
1476 1092 1629 1133 torno
1675 1089 1822 1132 facili

108 1164 446 1219 superaddita
477 1164 621 1207 vitis:
654 1162 761 1206 alias
794 1164 928 1220 gravi.

230 1236 326 1278 138.
377 1247 544 1278 IVNONI
575 1246 811 1278 INFERNAE
842 1234 1149 1290 Proserpinae,
1186 1235 1235 1276 ut
1268 1233 1358 1288 <IV
1386 1234 1501 1288 638>
1535 1247 1680 1275 sacra
1710 1232 1822 1274 Iovi

109 1307 305 1364 Stygio.
425 1318 596 1349 DICTVS
630 1307 809 1349 dicatus.

230 1379 326 1420 139.
375 1390 434 1419 ET
474 1390 694 1422 ossscvms
733 1390 981 1422 CLAVDVNT
1025 1388 1353 1420 CONVALLIBVS
1399 1388 1588 1419 VMBRAE
1630 1391 1675 1418 re
1719 1390 1823 1418 vera

110 1451 223 1493 enim
254 1465 406 1492 nemus
438 1449 666 1492 Aricinum
697 1449 877 1491 densum
908 1451 985 1491 est.

231 1522 326 1564 140.
377 1533 465 1564 SED
497 1533 596 1564 NON
622 1533 748 1564 ANTE
775 1533 936 1563 DATVR
967 1520 1058 1563 sive
1090 1520 1217 1562 iustis
1250 1519 1339 1562 sive
1370 1519 1556 1562 iniustis.
1606 1509 1667 1561 sie
1698 1518 1822 1560 intel-

109 1594 302 1649 legentes
342 1593 659 1635 removebimus
700 1591 1019 1647 quaestionem:
1056 1590 1158 1634 hinc
1197 1591 1311 1633 enim
1351 1589 1455 1632 dicit
1487 1589 1632 1644 <409>
1665 1590 1821 1644 longo

109 1667 228 1721 post
257 1667 491 1720 tempore
523 1664 701 1707 visum.
751 1678 803 1705 ex
834 1677 884 1706 eo
917 1663 1031 1705 enim
1063 1661 1176 1718 quod
1208 1661 1310 1704 dicit
1342 1661 1611 1703 descendisse
1644 1661 1823 1716 aliquos,

113 1751 283 1778 ramum
316 1751 485 1791 quoque
519 1735 763 1791 depositum
795 1749 888 1777 esse
921 1733 1149 1790 significat.
1271 1744 1503 1775 TELLVRIS
1537 1744 1724 1774 OPERTA
1760 1747 1824 1774 se-

110 1807 295 1849 cundum
327 1822 400 1849 eos
434 1807 506 1862 qui
538 1807 686 1849 dicunt
717 1806 879 1848 inferos
910 1805 957 1847 in
988 1805 1130 1848 medio
1163 1819 1257 1847 esse
1288 1808 1518 1847 terrarum:
1559 1819 1667 1859 quos
1699 1802 1821 1845 Iuve-

111 1879 221 1920 nalis
248 1878 352 1920 dicit
376 1877 522 1933 putari
548 1893 640 1920 esse
667 1878 746 1920 sub
772 1877 921 1933 terris,
952 1879 1000 1918 ut
1027 1875 1099 1931 <II
1123 1875 1236 1931 149>
1269 1890 1382 1918 esse
1414 1875 1628 1931 aliquos
1650 1889 1823 1916 manes

111 1953 162 1992 et
195 1950 537 1991 subterranea
567 1962 738 2004 regna.

234 2021 330 2063 142.
380 2032 596 2068 PVLCHRA
628 2035 738 2075 quae
769 2019 864 2075 rapi
896 2018 1065 2061 meruit.
1187 2029 1310 2061 SVVM
1342 2018 1426 2060 sibi
1458 2033 1617 2060 carum.

236 2092 330 2134 143.
381 2103 478 2134 NON
502 2103 690 2134 DEFICIT
716 2103 870 2133 ALTER
900 2105 954 2133 ne
980 2090 1140 2133 diceret
1167 2089 1223 2131 ab
1255 2089 1344 2144 his,
1375 2089 1448 2144 qui
1479 2089 1620 2143 primo
1653 2089 1823 2131 descen-

105 2161 294 2219 derunt,
327 2178 419 2206 esse
453 2163 685 2206 sublatum.

207 2357 228 2388 9
262 2352 495 2398 Tiberianus]
530 2352 576 2389 cf.
608 2352 796 2387 Baehrens
827 2351 935 2386 uned.
968 2351 1035 2386 lat.
1062 2350 1152 2386 Ged.
1178 2362 1216 2395 p.
1244 2354 1288 2386 27
1316 2351 1355 2386 et
1380 2354 1426 2385 30
1462 2351 1475 2395 ΙΙ
1514 2353 1555 2384 11
1582 2348 1703 2394 lenta]
1737 2348 1823 2383 buc.

113 2400 164 2435 III
189 2404 234 2435 38
264 2401 278 2446 ΙΙ
310 2404 353 2434 14
379 2413 501 2437 morvs
528 2399 691 2446 dicatus]
718 2399 763 2435 cf.
790 2398 885 2434 Non.
911 2411 946 2444 p.
973 2402 1054 2444 280,
1082 2402 1126 2432 15
1152 2398 1200 2433 M.

212 2582 230 2613 1
257 2589 352 2623 quae
378 2589 444 2614 om.
473 2577 504 2612 C'
518 2579 531 2623 ΙΙ
555 2581 576 2613 2
603 2578 772 2624 accipere
797 2577 838 2612 F
852 2578 865 2623 ΙΙ
896 2581 915 2612 3
941 2577 1008 2612 aut
1033 2579 1116 2612 ante
1140 2575 1316 2622 virtutes]
1343 2576 1392 2611 ad
1417 2576 1462 2611 H
1476 2577 1488 2621 ΙΙ
1507 2575 1655 2611 uirtutis
1684 2573 1715 2608 G
1747 2574 1823 2609 uir-

115 2626 236 2661 tutem
263 2626 312 2660 M
329 2627 340 2672 ΙΙ
367 2630 390 2660 4
415 2626 584 2662 dextram
609 2626 682 2661 FS
719 2625 884 2661 destram
912 2625 941 2660 Ο
957 2626 969 2671 ΙΙ
994 2625 1141 2670 partem
1166 2635 1231 2660 om.
1260 2624 1291 2659 0
1307 2625 1318 2670 ΙΙ
1344 2625 1519 2658 secuntur
1544 2621 1622 2658 FO
1637 2624 1648 2668 ΙΙ
1675 2621 1730 2659 ait
1754 2633 1820 2658 om.

116 2673 270 2709 FGAS
298 2674 311 2718 ΙΙ
347 2673 490 2708 diducit
514 2673 663 2708 Persius
693 2675 704 2719 ΙΙ
742 2676 763 2707 5
790 2675 962 2718 competa
987 2673 1022 2706 A
1061 2671 1212 2717 conpita
1239 2672 1288 2706 M
1315 2673 1328 2717 ΙΙ
1365 2675 1386 2706 6
1413 2670 1505 2706 dicit
1529 2681 1595 2706 om.
1622 2669 1790 2705 ARS'H
1810 2670 1820 2715 Η

117 2721 182 2765 qui
199 2721 290 2756 RH
293 2720 343 2755 M
368 2731 462 2766 quae
481 2719 555 2755 AS
585 2720 684 2765 quod
702 2720 743 2755 F
749 2720 780 2755 Ο
794 2721 807 2766 ΙΙ
828 2724 846 2755 7
868 2720 921 2765 et]
936 2730 942 2735 ”
950 2731 994 2755 ex
1013 2718 1042 2754 S
1058 2719 1071 2764 ΙΙ
1089 2720 1197 2764 parte
1217 2729 1284 2754 om.
1304 2718 1378 2754 AS
1403 2719 1518 2763 (supr.
1539 2728 1627 2753 vers,
1647 2718 1767 2762 suppl.
1785 2718 1822 2761 a)

116 2768 128 2815 Η
152 2772 174 2803 8
199 2767 385 2804 uixtorum
410 2768 456 2803 H
474 2769 487 2813 ΙΙ
509 2767 662 2803 uirtutis
686 2767 884 2813 integritas
911 2767 961 2802 M
978 2768 995 2812 ΙΙ
1022 2767 1142 2802 latent
1165 2766 1238 2802 AS
1245 2766 1290 2801 H
1310 2768 1321 2812 ΙΙ
1353 2770 1373 2801 9
1399 2765 1557 2812 divitiis]
1586 2765 1631 2800 de
1657 2764 1759 2799 uitiis
1786 2765 1823 2798 A

118 2817 224 2861 (corr.
252 2817 289 2862 a)
328 2816 373 2850 de
397 2814 506 2850 uiciis
531 2815 560 2850 S
583 2816 596 2860 11
622 2815 845 2850 tibertianus
872 2814 920 2849 M
940 2815 953 2859 ΙΙ
986 2818 1027 2848 11
1055 2815 1105 2850 ad
1128 2824 1217 2850 vers.
1246 2818 1312 2849 137
1339 2814 1381 2848 in
1405 2824 1519 2858 τηατ-9.
1546 2812 1699 2857 quidam
1725 2810 1820 2847 acci-

117 2862 226 2908 piunt
261 2874 406 2899 ramum
437 2873 505 2907 pro
537 2862 692 2898 scientia
728 2862 873 2898 mistice
905 2863 943 2897 et
974 2873 1127 2897 aureum
1159 2872 1227 2906 pro
1260 2861 1432 2896 claritate
1463 2859 1670 2905 sapientiae
1702 2861 1741 2894 et
1772 2859 1823 2893 sic

117 2909 275 3003 ffiffl?
289 2908 725 2992 ἕέἷῖἷοὲαὲᾓῗζθῗέᾞὲ
745 2906 1692 3000 ἳίἱᾶθὲἒὲἓῗαῗῖῗῖήῗίΡιὲἷῖἓῖἒῒῗιῗῖἓρΞᾎΙιῗὲᾒῖἓῗ
1708 2905 1824 2989 {ZZZ

119 3005 203 3050 esse)
239 3004 368 3040 faciles
393 3005 439 3050 ῌ
452 3006 465 3050 ΙΙ
486 3007 529 3039 15
554 3015 795 3041 cvMVALvas
821 3004 854 3039 G
873 3006 885 3050 ΙΙ
906 3007 949 3039 17
974 3016 1086 3039 DArvs
1107 3003 1141 3039 G
1159 3005 1170 3049 ΙΙ
1191 3003 1260 3049 sic]
1287 3004 1327 3038 et
1351 3003 1404 3038 sic
1424 3003 1474 3037 M
1486 3003 1499 3048 ΙΙ
1520 3005 1563 3037 18
1589 3012 1823 3037 remouemus

121 3051 171 3085 M
186 3053 198 3097 ΙΙ
219 3055 261 3086 19
287 3051 390 3106 post]
414 3052 541 3097 potest
558 3051 603 3086 H
618 3053 629 3097 ΙΙ
649 3052 872 3088 discendi'sse
891 3051 1010 3087 FGO
1025 3052 1038 3096 ss
1056 3054 1101 3086 21
1127 3050 1265 3086 inferos
1291 3061 1371 3085 esse
1397 3050 1437 3085 in
1462 3049 1585 3085 medio
1608 3049 1680 3084 AS
1696 3049 1709 3093 ΙΙ
1729 3058 1822 3099 quos

120 3098 327 3135 Iuvenalis.
343 3128 351 3136 .
367 3127 375 3136 .
391 3110 507 3144 regna
530 3110 598 3134 om.
624 3098 714 3135 ΓΘ.
751 3098 850 3134 unde
875 3098 1059 3134 iuuenalis
1086 3099 1123 3133 et
1147 3098 1388 3133 subterranea
1412 3108 1528 3142 regna
1555 3096 1587 3131 Ο
1601 3094 1823 3142 {liuuenahs

121 3145 165 3179 H
178 3146 191 3190 u
210 3150 255 3180 23
281 3147 319 3181 et
343 3145 559 3182 subterrena
583 3158 671 3182 nam
696 3158 812 3192 regna
836 3146 883 3181 H
895 3148 908 3191 ΙΙ
926 3150 972 3181 24
996 3158 1129 3182 Pvnan
1149 3145 1184 3180 A
1203 3146 1216 3190 ΙΙ
1234 3144 1336 3190 rapit
1361 3144 1392 3179 (J
1408 3145 1420 3191 ΙΙ
1438 3144 1590 3190 meruit]
1619 3155 1641 3177 a
1665 3141 1823 3176 Plutone

122 3192 268 3228 addidit
293 3193 492 3229 Fabricius
510 3195 521 3239 ΙΙ
547 3193 689 3239 carum]
718 3205 845 3229 euram
871 3193 919 3229 F.
957 3195 1022 3228 aut
1047 3192 1120 3228 sibi
1145 3192 1373 3228 destinatum
1399 3193 1484 3228 add.
1512 3192 1551 3226 D
1569 3192 1582 3235 ΙΙ
1611 3193 1656 3224 25
1682 3188 1825 3222 dicaret

123 3237 202 3274 FG
238 3239 421 3275 diceretur
444 3240 480 3275 R.
498 3242 511 3285 ΙΙ
539 3239 802 3276 discenderunt
826 3241 944 3276 FGG

1849 1027 1892 1058 10

1851 1384 1894 1416 15

1850 1742 1895 1774 20

1849 2098 1895 2130 25
