2092 3614
266 664 287 694 <51

243 1021 286 1052 10

242 1379 285 1410 15

240 1736 286 1768 20

239 2092 286 2124 25

241 2450 287 2482 30

314 261 402 303 514
1087 260 1248 297 SERVII

433 372 532 414 281.
580 382 774 413 MVNERA
813 381 936 421 QVAE
972 382 1152 414 PArmis
1191 383 1254 413 AD
1293 382 1358 412 ME
1394 381 1649 414 PonrAsms
1688 383 1747 413 AB
1780 382 1882 414 oms
1918 370 2018 413 hinc

314 444 402 485 iam
429 442 572 484 suasio
599 443 666 484 est
690 444 734 483 et
758 441 1006 499 consilium3
1038 456 1138 485 nam
1163 442 1286 484 finita
1312 445 1377 484 est
1403 442 1660 484 auxiliorum
1686 442 1879 498 negatio:
1906 441 2018 483 unde

314 517 357 556 et
394 514 523 569 paulo
555 515 658 569 post
689 513 883 555 Venulus
920 513 982 556 ita
1020 514 1174 556 dividit
1205 514 1349 556 dicens
1381 513 1526 568 <294>
1560 512 1619 554 ‘et
1649 527 1859 568 responsa
1890 513 2019 555 simul

314 600 421 640 quae
460 585 564 641 sint,
604 599 678 626 rex
716 584 896 641 optime,
934 586 1048 642 regis
1088 586 1247 628 audisti
1285 588 1328 628 et
1366 600 1474 640 quae
1514 585 1571 627 sit
1594 598 1767 640 ¹magno
1807 585 2020 626 sententia

314 656 460 712 bello',
506 656 668 699 scilicet
711 656 869 698 audisti
911 660 955 700 et
991 657 1352 714 quemadmodum
1391 644 1563 712 negarit
1600 655 1779 712 auxilia,
1824 659 1867 699 et
1905 656 2020 712 quod

311 728 438 770 nobis
470 727 635 770 dederit
667 727 717 769 de
748 743 853 782 pace
886 728 1128 771 consilium.

432 800 528 842 282.
579 810 805 842 srnrmvs
845 811 970 842 TELA
1006 811 1183 843 ASPERA
1216 811 1402 842 CONTRA
1436 810 1828 850 oonrvnmvsovn
1861 810 2016 841 MAnvs

312 870 355 913 id
387 872 453 912 est
483 872 527 912 et
558 871 810 926 comminus,
842 873 885 913 et
917 886 939 913 e
970 871 1208 926 longinquo
1241 871 1354 913 inter
1384 885 1463 913 nos
1495 870 1612 913 bella
1641 870 1936 913 tractavimus.

432 941 530 984 284.
581 953 794 993 QVAN'rvs
833 955 883 984 IN
922 954 1124 985 CLIPEVM
1156 953 1402 984 ADSVRGAT
1440 943 1515 984 aut
1554 940 1782 997 ‘quantus'
1819 943 1885 983 est
1916 956 2018 997 quo-

313 1014 429 1056 tiens
463 1014 509 1055 in
540 1013 711 1055 hostem
742 1027 925 1069 pergens
959 1013 1088 1069 erigit
1120 1016 1306 1055 scutum:
1339 1015 1414 1055 aut
1445 1013 1665 1068 pugnandi
1698 1015 1922 1055 exsecutus
1954 1015 2020 1055 est

312 1099 459 1141 genus.
510 1085 583 1140 qui
615 1084 728 1126 enim
762 1084 1029 1140 scripserunt
1061 1084 1112 1126 de
1142 1086 1235 1126 arte
1264 1084 1437 1126 militari
1467 1084 1616 1126 dicunt
1643 1098 1858 1126 summum
1884 1098 2020 1140 genus

311 1171 405 1199 esse
444 1155 693 1208 dimicandi,
732 1156 931 1211 quotiens
971 1156 1138 1198 calcato
1177 1156 1363 1198 umbone
1397 1155 1631 1198 adversarii
1663 1170 1707 1197 se
1739 1155 1784 1196 in
1817 1155 2019 1197 hostilem

310 1228 496 1282 clipeum
523 1227 652 1282 erigit
676 1227 799 1269 miles
827 1229 870 1269 et
894 1228 956 1269 ita
982 1230 1133 1270 contra
1159 1227 1315 1269 stantis
1342 1227 1538 1269 vulnerat
1563 1229 1697 1283 terga.
1742 1226 1803 1269 vel
1827 1225 2021 1280 ‘quantus

310 1297 536 1353 adsaryat',
569 1298 663 1351 [vel]
695 1301 848 1352 quanto
878 1299 934 1340 sit
963 1299 1109 1340 maior.

431 1369 531 1412 285.
581 1381 622 1412 SI
654 1381 750 1412 DVO
783 1381 1061 1412 PRAETEREA
1092 1370 1175 1412 hoc
1207 1372 1272 1412 est
1303 1370 1411 1411 alios
1444 1369 1563 1411 duos.

430 1441 529 1484 287.
578 1452 832 1484 DARDANVS
865 1455 943 1496 pro
977 1439 1237 1482 ‘Dardanius
1269 1439 1484 1495 populus'.
1529 1443 1572 1482 et
1602 1441 1749 1496 posuit
1783 1440 2019 1496 principale

311 1526 390 1567 pro
417 1511 645 1554 derivatio:
678 1513 740 1555 sic
764 1511 980 1555 Homerus
1006 1508 1087 1554 τὸν
1115 1508 1161 1553 δ’·
1182 1512 1335 1554 ἔκτανε
1361 1509 1603 1566 Δάρδανος
1627 1508 1743 1567 ἀνήρ
1842 1529 2024 1555 mamm

310 1597 463 1626 morem
507 1584 673 1638 luyendi
711 1584 882 1638 quidam
919 1584 1061 1626 dieunt
1096 1583 1316 1638 Aeyyptios
1355 1584 1575 1626 invenisse:
1622 1596 1686 1625 eos
1723 1584 1831 1625 enim
1859 1585 2021 1638 primos

311 1655 524 1711 In'berum,
555 1668 674 1709 quem
707 1654 862 1697 Osirim
892 1654 1114 1708 appellant,
1145 1668 1172 1695 a
1200 1654 1335 1707 fratre
1368 1654 1559 1709 Typhone
1581 1668 1659 1708 per
1690 1655 1867 1697 insidias
1896 1656 2019 1697 inter-

311 1730 491 1781 emptum
521 1729 618 1769 atra
647 1729 750 1769 veste
781 1727 956 1769 luxisse:
989 1725 1084 1768 inde
1114 1726 1252 1768 ceteris
1278 1725 1466 1780 yentibus
1492 1726 1690 1768 traditum
1715 1729 1763 1768 nt
1777 1729 1875 1780 post
1897 1727 2019 1769 inter-

311 1799 417 1840 ilum
449 1799 739 1853 proximorum
775 1811 944 1840 suorum
981 1801 1084 1840 veste
1120 1800 1283 1839 mutata
1314 1798 1511 1852 lustrent,
1548 1798 1610 1839 iia
1641 1801 1776 1840 tamen
1783 1831 1794 1853 ‚
1830 1800 1878 1840 ut
1906 1798 2020 1840 inira

311 1883 470 1912 annum
500 1870 693 1924 finiretur
723 1870 866 1912 luctus.

430 1941 530 1984 288.
581 1952 820 1984 CESSATVM
846 1952 929 1984 EST
959 1940 1178 1983 tardatum
1203 1944 1283 1983 est:
1316 1942 1359 1982 et
1384 1940 1490 1982 mire
1517 1940 1618 1995 quia
1642 1955 1730 1983 non
1756 1940 1888 1983 habet
1911 1955 2019 1996 quos

311 2012 485 2069 inputet
516 2011 715 2055 Troianis
748 2012 1011 2068 triumphos,
1045 2012 1139 2054 vult
1168 2012 1229 2054 eis
1262 2011 1415 2054 excidii
1446 2011 1697 2054 tarditatem
1729 2026 1807 2066 pro
1840 2011 2020 2055 victoria

312 2083 472 2126 cedere.

431 2155 531 2198 290.
580 2172 726 2199 Harsa
758 2156 971 2199 retardata
996 2158 1063 2198 est.
1168 2165 1386 2197 VESTIGIA
1410 2156 1647 2197 R'nrrvm'r
1678 2156 1793 2198 retro
1826 2157 1923 2198 acta
1954 2158 2020 2198 est

313 2228 356 2268 et
386 2227 572 2283 repulsa,
601 2230 650 2269 ut
680 2227 752 2283 <11
787 2227 899 2282 169>
932 2241 986 2269 ae
1009 2230 1146 2269 «retro
1175 2226 1410 2280 sublapsa
1439 2226 1633 2279 referri.

431 2297 530 2340 292.
579 2310 658 2340 HIC
689 2310 885 2340 PIETATE
918 2310 1059 2341 Pmon
1090 2297 1134 2339 id
1159 2297 1205 2338 in
1231 2296 1378 2339 Aenea
1402 2297 1499 2352 plus
1525 2298 1674 2340 laudat
1699 2297 1813 2353 quod
1839 2297 2018 2353 Latinis,

310 2369 416 2411 sicut
444 2370 597 2422 suadet,
629 2384 779 2424 pacem
810 2369 1011 2425 petituris
1044 2371 1110 2411 est
1140 2368 1266 2424 utile,
1304 2370 1352 2410 ut
1385 2383 1479 2410 eum
1513 2383 1559 2411 se
1591 2368 1768 2411 credant
1797 2383 1926 2425 posse
1956 2369 2018 2411 fa-

312 2440 434 2482 cilius
467 2455 658 2483 exorare.
720 2440 869 2496 ‘prior'
901 2444 1037 2484 autem
1068 2440 1371 2496 praestantior,
1404 2440 1566 2482 melior.

409 2561 451 2592 17
478 2558 679 2604 Homerus]
706 2557 748 2594 ΙΙ.
774 2557 809 2591 II
835 2561 901 2593 701

406 2668 427 2700 2
453 2665 529 2701 iam
555 2676 621 2701 om.
644 2665 694 2699 M
708 2665 722 2710 ΙΙ
739 2668 763 2699 4
788 2664 874 2699 sunt
893 2662 978 2699 RF
993 2664 1005 2708 ΙΙ
1025 2667 1045 2698 5
1071 2664 1109 2698 et
1133 2663 1446 2708 quemadmodum
1467 2664 1608 2700 ASM:
1638 2666 1681 2700 ut
1705 2665 2015 2710 quemadmodum

311 2712 348 2747 R
372 2714 417 2747 ut
435 2713 477 2747 H
503 2713 542 2748 et
560 2712 659 2758 quod
679 2711 747 2757 Fss
765 2715 787 2747 8
808 2723 827 2747 e
846 2722 913 2747 om.
928 2710 1001 2746 AS
1018 2711 1030 2756 ΙΙ
1050 2714 1070 2745 9
1096 2711 1258 2756 quantus
1283 2711 1341 2746 est
1364 2713 1581 2748 secludenda
1605 2713 1775 2748 videntur
1793 2715 1805 2758 ΙΙ
1827 2717 1869 2748 10
1894 2714 2017 2748 malim

313 2759 435 2806 erigat
451 2761 464 2806 11
485 2763 527 2795 11
555 2760 620 2805 qui
645 2762 771 2795 autem
790 2758 864 2795 AS
879 2760 891 2805 ΙΙ
913 2763 955 2794 13
982 2757 1106 2805 miles]
1134 2758 1273 2794 milites
1299 2759 1344 2793 H
1376 2759 1517 2794 bellum
1538 2760 1578 2794 F
1593 2761 1605 2806 ΙΙ
1624 2764 1753 2796 contra
1777 2760 1948 2796 instantis
1968 2760 2014 2795 F.

310 2818 433 2843 ‘vereor
457 2811 500 2843 ut
521 2807 670 2844 Servius
693 2807 780 2842 haee
804 2817 896 2852 quae
920 2806 966 2842 ab
992 2806 1087 2841 artis
1111 2806 1286 2842 militaris
1310 2807 1550 2852 scriptoribus
1572 2809 1687 2852 petita
1712 2818 1782 2843 esse
1806 2808 1915 2851 dicit,
1940 2808 2017 2852 ipse

311 2856 538 2892 intellexerit.
558 2856 571 2900 ΙΙ
603 2857 763 2900 quantos
790 2853 960 2899 adsurgit
985 2853 1034 2897 F,
1060 2864 1151 2889 corr.
1175 2854 1382 2889 Masvieius
1405 2855 1417 2901 ΙΙ
1449 2858 1494 2890 14
1518 2855 1579 2890 vel
1603 2855 1732 2890 seclusi
1760 2856 1773 2900 ΙΙ
1802 2834 1940 2900 quanto
1967 2854 2017 2889 sit

313 2902 531 2938 Masvieius:
558 2902 688 2947 quanti
714 2901 762 2937 sit
787 2901 829 2937 F
862 2901 1011 2946 quantis
1037 2901 1085 2935 sit
1110 2901 1249 2937 Daniel
1267 2902 1279 2947 ΙΙ
1306 2905 1349 2936 16
1375 2901 1526 2937 darnius
1551 2901 1623 2937 AS
1641 2903 1652 2948 ΙΙ
1670 2902 1829 2947 populus
1855 2912 1921 2937 om.
1943 2901 1984 2936 F
2006 2901 2015 2947 ΙΙ

315 2954 357 2986 17
384 2949 552 2985 deriuato
578 2950 623 2984 H
655 2949 859 2985 diriuatiuo
883 2949 1016 2994 reliqui
1034 2949 1046 2994 ΙΙ
1064 2948 1116 2983 sic
1141 2959 1207 2983 om.
1228 2948 1301 2984 AS
1318 2950 1330 2996 ΙΙ
1349 2947 1387 2983 δ’
1414 2960 1480 2986 om
1507 2949 1596 2984 libri
1612 2950 1625 2994 ss
1652 2950 1757 2985 schol.
1785 2949 1835 2984 acl
1859 2961 2017 2984 mamam

312 2997 393 3033 hab
417 2997 451 3031 T
472 2998 484 3043 ΙΙ
518 3000 561 3033 18
586 2997 741 3032 tradunt
771 2997 802 3031 T
824 2998 837 3042 fl
867 3007 930 3032 eos
956 2995 1055 3031 enim
1081 2995 1219 3040 primos
1245 2995 1342 3031 enim
1368 2996 1527 3032 liberum
1553 2996 1593 3031 F
1613 2997 1625 3042 ΙΙ
1659 3000 1701 3031 19
1729 2996 1866 3041 osyrim
1896 2996 1928 3030 Τ
1951 2997 1963 3042 ΙΙ
1993 3007 2017 3031 a

312 3055 379 3081 om.
410 3044 443 3079 T
456 3045 469 3089 ΙΙ
486 3043 731 3090 interemptus
758 3044 799 3079 F
831 3043 1026 3090 perempto
1056 3042 1088 3076 T
1105 3044 1117 3089 ΙΙ
1142 3047 1187 3078 ‘20
1214 3044 1297 3078 atra
1321 3046 1427 3079 ueste
1452 3043 1603 3079 inclutos
1629 3043 1758 3078 dicunt
1783 3043 1920 3078 luxisse
1950 3044 1983 3078 T

312 3096 356 3127 21
383 3093 488 3127 ueste
513 3091 635 3127 uitata
658 3092 699 3126 F
714 3094 726 3138 ΙΙ
744 3091 916 3137 lugerent
938 3090 1094 3126 Daniel·
1120 3090 1268 3136 lugeret
1293 3090 1334 3125 F
1367 3091 1618 3135 unusquisque
1643 3090 1790 3136 lugeret
1818 3090 1877 3136 Tu
1896 3093 1940 3126 26
1966 3102 1989 3126 a

311 3151 437 3175 nmsrr
460 3150 487 3175 s.
513 3149 543 3175 v.
570 3139 763 3175 retardata
788 3141 845 3175 est
873 3139 907 3174 T
932 3139 944 3185 ΙΙ
975 3149 1103 3173 masur
1129 3138 1239 3173 tarda
1264 3139 1321 3173 est
1345 3138 1459 3174 edidit
1484 3138 1690 3182 Stephanus
1725 3151 1758 3174 11.
1785 3138 1934 3173 tardata
1958 3138 2017 3173 est

311 3187 460 3223 Daniel.
481 3197 548 3223 om.
561 3187 626 3222 hoe
643 3187 750 3223 schol.
766 3186 807 3222 F
821 3188 834 3233 ΙΙ
851 3199 1002 3222 mirvmr
1014 3185 1194 3221 AM=et
1206 3186 1306 3221 retro
1318 3185 1389 3220 AS
1407 3186 1420 3231 ΙΙ
1438 3189 1481 3220 27
1496 3185 1555 3231 ut]
1571 3187 1636 3220 aut
1649 3185 1687 3220 F
1704 3186 1715 3232 ss
1734 3189 1779 3221 28
1792 3185 1856 3220 id·
1845 3197 1884 3220 m
1897 3195 2016 3221 aenea

314 3234 367 3270 F:
393 3234 432 3270 id
458 3245 574 3270 aenea
592 3234 638 3269 H
664 3233 732 3269 id
721 3246 761 3269 m
781 3245 922 3270 aenean
942 3233 992 3268 M
1019 3233 1104 3268 ideo
1133 3243 1273 3269 aenean
1292 3232 1402 3268 ΑΕΒ
1419 3233 1432 3277 ΙΙ
1451 3236 1495 3268 29
1514 3232 1700 3278 petiturus
1719 3232 1834 3270 ASR
1859 3233 1963 3279 (corr.
1983 3234 2014 3277 s)
