2092 3614
234 1022 278 1053 10

233 1379 285 1428 ιτ».

230 1738 275 1770 20

228 2095 274 2127 25

227 2453 273 2484 30

308 260 395 302 452
1082 260 1243 297 SERVH

427 371 525 414 592.
574 382 759 414 LVCAGE
803 382 960 413 NVLLA
1005 382 1124 414 'rvos
1170 381 1348 414 cvnnvs
1399 381 1525 413 FVGA
1576 381 1736 413 snoms
1785 381 2012 421 EQvonvn

307 454 539 485 PRODIDIT
571 453 612 484 A.
644 455 686 485 v.
718 454 760 484 V.
791 454 830 484 E.
862 453 908 484 Η.
939 454 981 485 v.
1019 442 1125 484 haec
1170 441 1384 484 adlocutio
1430 441 1648 484 contraria
1688 444 1755 485 est
1791 442 2014 498 superiori,

229 527 235 531 ·
306 514 389 557 hoc
428 514 542 556 enim
580 514 790 556 continet:
835 513 1032 556 obiecisti
1073 512 1181 555 mihi
1221 512 1332 568 quod
1372 513 1454 555 sim
1492 516 1536 556 et
1573 529 1599 556 a
1630 513 1839 556 Diomede
1877 516 1920 555 et
1958 514 2012 556 ab

306 584 475 627 Achille
515 599 747 628 conversus
785 585 830 627 in
861 584 1028 641 fugam3
1067 587 1110 626 te
1141 599 1262 640 vero,
1293 599 1318 626 o
1350 583 1539 640 Lucage,
1576 599 1654 627 nec
1686 599 1893 640 equorum
1925 587 2013 627 tar—

309 656 420 699 ditas
452 654 659 713 prodidit,
693 656 807 713 quod
838 656 946 698 mihi
977 656 1163 711 contigit
1194 670 1291 698 cum
1326 670 1351 698 a
1378 656 1583 698 Diomede
1616 656 1781 699 occisus
1813 657 1879 698 est
1903 656 2013 698 Pan-

308 727 439 771 darus
478 728 552 784 qui
589 729 633 771 in
672 728 821 771 eodem
859 742 984 770 curru
1024 727 1275 783 dimicabat,
1316 741 1395 769 1100
1437 727 1581 783 aliqua
1620 728 1772 771 umbra
1813 727 1911 782 equi
1949 727 2013 770 tui

306 803 407 842 sunt
437 800 598 856 territi,
631 800 744 856 quod
776 800 938 842 factum
971 799 1143 855 saepius
1175 799 1221 841 in
1244 798 1434 842 Homero
1467 798 1644 855 legitur,
1676 799 1787 845 sicut
1818 802 1856 841 et
1883 798 2012 854 paulo

303 874 405 928 post
431 871 578 928 <643>
605 871 799 914 Turnum
831 871 923 928 agit
953 871 1098 926 imago
1131 870 1249 913 bella
1273 869 1480 912 deserere.
1529 872 1676 925 potest
1706 872 1854 913 tamen
1886 872 1929 912 et
1960 870 2013 912 ad

304 943 411 986 illud
443 943 595 986 referri
627 958 711 999 quo
742 944 940 999 tempore
970 957 1067 984 eum
1100 942 1153 984 ab
1180 942 1353 984 Achille
1383 942 1499 985 nube
1531 956 1638 984 cava
1667 940 1896 996 Neptunus
1932 942 2011 984 eri-

303 1015 417 1070 puit,
449 1018 498 1057 ut
529 1015 573 1056 in
607 1015 760 1071 quinto
792 1014 938 1069 <808>
972 1015 1345 1056 commemoratur.
1394 1015 1529 1067 potest
1557 1016 1595 1055 et
1623 1014 1681 1055 ad
1707 1013 1828 1056 aliud
1855 1013 2013 1067 referri,

303 1087 413 1141 quod
441 1085 657 1140 Niphaeus
681 1086 810 1139 paulo
841 1088 936 1127 ante
967 1085 1110 1139 <570>
1142 1085 1193 1127 ab
1224 1086 1337 1139 equis
1366 1085 1454 1127 suis
1476 1085 1669 1139 proditus
1698 1087 1766 1126 est.

421 1158 520 1200 594.
570 1169 669 1201 IPSE
702 1168 838 1200 Ro'rls
872 1168 1064 1199 SALIENS
1105 1171 1344 1199 sarcasmos
1383 1159 1465 1211 est3
1490 1170 1607 1197 ‘nam
1645 1170 1722 1210 per
1758 1155 2011 1197 inrisionem

302 1229 464 1271 dictum
497 1231 581 1284 est,
612 1229 686 1283 qui
709 1243 793 1271 non
817 1231 946 1271 morte
969 1229 1142 1270 deiectus
1165 1241 1227 1270 cs:
1259 1228 1334 1269 ille
1367 1227 1480 1270 enim
1507 1227 1758 1270 vulneratus
1791 1226 2012 1270 ceciderat.

302 1299 443 1343 ‘rotis'
475 1303 613 1343 autem
645 1315 791 1355 curru,
823 1315 849 1342 a
878 1302 1003 1356 parte
1034 1301 1187 1342 totum.

421 1372 519 1415 598.
571 1383 676 1415 SINE
709 1371 930 1428 permitte,
963 1371 1174 1426 relinque,
1207 1373 1374 1426 patere,
1405 1371 1452 1413 id
1479 1373 1538 1412 cst
1568 1368 1873 1426 συγχώρησον.

422 1444 519 1486 601.
570 1454 811 1485 LATEBRAS
838 1454 1016 1485 ANIMAE
1043 1453 1215 1485 PEcrvs
1249 1442 1444 1484 definitio
1478 1444 1544 1484 est
1574 1442 1780 1497 pectoris,
1813 1442 1857 1483 id
1879 1445 1937 1484 est
1966 1442 2012 1483 in

301 1529 380 1570 quo
411 1516 558 1558 anima
590 1515 688 1558 latet
716 1517 755 1557 ct
783 1515 1022 1557 continetur.

422 1588 520 1629 602.
571 1597 756 1628 EDEBAT
790 1585 914 1640 quasi
941 1585 1001 1645 adq
1022 1585 1335 1640 spectaculum:
1367 1585 1479 1628 unde
1506 1587 1549 1627 et
1573 1600 1799 1629 munerum
1826 1584 2011 1627 editores

302 1661 522 1702 vocantur.
623 1674 780 1700 FVNERA
805 1657 954 1712 caedes,
979 1660 1025 1698 ut
1045 1656 1116 1712 <11
1137 1657 1253 1711 361>
1274 1657 1385 1711 quis
1407 1657 1589 1710 funcra
1614 1657 1766 1709 fando
1791 1656 2010 1710 explicet.

421 1730 519 1772 603.
571 1745 781 1772 TORRENTIS
807 1745 940 1776 AQVAE
969 1728 1198 1770 notandum
1228 1729 1337 1781 quod
1367 1726 1528 1782 ‘aquae’
1561 1728 1783 1783 addiderit,
1820 1741 1911 1770 cum
1941 1727 2011 1769 ab·

300 1802 428 1845 solute
459 1799 648 1843 ‘torrens'
680 1800 854 1843 dicatur.

420 1873 518 1915 604.
568 1889 674 1915 MoRE
704 1888 859 1915 FVRENS
881 1871 1066 1925 exposuit
1087 1871 1302 1924 superiora
1327 1870 1511 1925 epitheta.
1616 1888 1776 1914 TANDEM
1800 1887 1850 1912 ER
1858 1886 2015 1913 VMPVNT

299 1945 477 1987 solutam
509 1944 756 1987 obsidionem
787 1944 970 1986 ostendit.

420 2016 518 2059 605.
568 2032 761 2059 ASCANJVS
790 2031 892 2057 prm
915 2013 1113 2068 syllepsis.
1153 2016 1212 2056 est
1235 2014 1355 2056 ordo:
1381 2013 1591 2056 Ascanius
1615 2016 1653 2055 et
1675 2013 1883 2062 iuventus;
1909 2026 2009 2054 nam

301 2087 489 2131 ‘obsessa’
521 2091 558 2129 ct
588 2088 645 2129 ad
674 2086 905 2129 Ascanium
928 2085 1119 2139 pertinet.

419 2159 518 2202 608.
567 2169 628 2201 VT
661 2169 846 2200 REBARE
878 2158 928 2198 ut
960 2156 1264 2211 arbitrabaris,
1294 2169 1442 2198 verum
1476 2158 1542 2198 est
1573 2155 1684 2211 quod
1717 2155 1894 2198 Troiani
1927 2154 2006 2197 Ve-

299 2230 415 2272 neris
452 2230 612 2272 virtute
650 2228 878 2271 nituntur„
924 2230 968 2270 ct
999 2227 1163 2270 dictum
1195 2229 1261 2269 est
1298 2242 1376 2282 per
1412 2227 1614 2268 ironiam:
1653 2241 1753 2268 nam
1793 2226 2007 2281 superfluo

300 2300 475 2356 quidam
505 2300 620 2343 hanc
652 2300 893 2342 orationem
925 2298 1181 2353 simpliciter
1213 2298 1374 2340 dictam
1407 2298 1575 2353 volunt,
1606 2299 1656 2339 ut
1687 2311 1731 2339 re
1763 2310 1866 2339 vera
1892 2296 2009 2338 dicat

298 2371 493 2428 Iuppiter
532 2358 618 2427 per
650 2385 695 2413 se
735 2371 847 2414 nihil
885 2385 1011 2426 posse
1049 2369 1272 2412 Troianos.
1334 2365 1448 2424 quod
1489 2368 1646 2410 falsum
1689 2369 1772 2422 est,
1814 2367 1918 2409 adeo
1961 2368 2008 2408 ut

299 2443 478 2486 Iunonis
510 2443 649 2485 oratio
683 2442 738 2484 ad
770 2441 972 2496 ironiam,
1003 2455 1091 2483 non
1122 2440 1176 2482 ad
1209 2440 1422 2495 simplicia
1453 2438 1586 2481 verba
1617 2438 1886 2494 respondeat.

299 2525 390 2556 NEc
423 2526 481 2556 TE
516 2524 780 2556 SENTENTIA
811 2523 985 2555 EALm'r
1018 2511 1101 2553 hoc
1130 2525 1207 2566 per
1238 2510 1518 2566 parenthesin
1550 2509 1712 2552 dictum
1746 2512 1821 2552 est

396 2623 413 2653 1
441 2619 491 2654 ad
515 2629 645 2653 AMARIS
672 2618 718 2663 (v.
740 2617 823 2661 591)
850 2627 877 2652 s,
896 2627 929 2652 v.
955 2616 1099 2651 acerbis
1127 2615 1238 2652 duris.
1274 2617 1313 2651 et
1339 2616 1408 2650 hoc
1434 2626 1517 2649 cum
1544 2614 1637 2650 dicit
1661 2613 1832 2650 habitum
1857 2614 2006 2650 futurae

299 2665 478 2702 orationis
503 2665 669 2701 ostendit
697 2665 758 2710 Tu
787 2668 806 2700 7
834 2665 872 2698 et
896 2664 1050 2699 Daniel:
1078 2674 1101 2698 a
1126 2663 1166 2698 F
1181 2664 1193 2710 11
1218 2666 1239 2698 8
1266 2663 1347 2708 agit
1371 2662 1515 2697 RLH:
1542 2662 1645 2708 cogit
1668 2663 1800 2708 reliqui
1816 2663 1830 2708 ΙΙ
1848 2666 1868 2698 9
1896 2661 2004 2708 cava]

298 2726 364 2750 om.
384 2713 518 2748 RLH
523 2714 572 2749 M
596 2713 695 2758 (add.
715 2713 753 2758 l),
781 2722 891 2748 causa
916 2710 958 2746 F
973 2712 984 2757 ΙΙ
1005 2714 1049 2745 10
1074 2712 1117 2746 ut
1141 2721 1207 2746 om.
1230 2710 1270 2745 F
1285 2713 1297 2758 fl
1316 2711 1583 2746 commemorat
1601 2709 1642 2744 F
1657 2710 1669 2756 ΙΙ
1690 2713 1731 2744 11
1760 2709 1905 2745 nisaeus
1932 2709 1973 2744 F
2003 2709 2006 2755 Ι

297 2760 414 2806 palilo
440 2760 481 2796 F
508 2763 520 2807 ΙΙ
559 2765 601 2796 12
629 2759 847 2796 sarcaismos
880 2759 938 2794 est
968 2758 1032 2803 qui
1063 2769 1138 2794 non
1169 2759 1288 2794 morte
1315 2758 1481 2794 deiectus
1506 2759 1564 2793 est
1587 2767 1676 2792 nam
1699 2768 1767 2802 per
1790 2769 1818 2793 e.
1844 2769 1876 2802 q.
1901 2768 1929 2792 s.
1995 2783 2004 2792 .

297 2810 487 2844 verborum
512 2809 675 2844 ordinem
700 2806 901 2843 emendavit
925 2809 958 2841 et
983 2817 1020 2840 es
1040 2816 1111 2851 pro
1131 2807 1189 2841 est
1207 2806 1353 2851 scripsit
1376 2806 1582 2842 Masvicius
1601 2805 1612 2851 ΙΙ
1633 2807 1676 2839 15
1697 2803 1952 2839 cvnxwphncon
1968 2803 2003 2838 A

298 2867 526 2892 cvnxwrncou
559 2855 643 2891 SM
683 2865 935 2890 ecrnxwpncon
963 2853 1052 2888 RH
1091 2853 1329 2889 cmxwphmon
1359 2853 1394 2887 L
1430 2864 1592 2888 crnxwpn
1625 2851 1666 2887 F
1698 2853 1710 2898 ΙΙ
1754 2855 1797 2886 16
1833 2851 1891 2886 est
1921 2854 2005 2885 ante

297 2903 459 2948 pectoris
484 2914 550 2938 om.
577 2902 667 2937 RH
673 2903 722 2938 M
747 2903 759 2949 ΙΙ
789 2902 839 2938 ad
863 2912 1039 2935 umnam
1065 2912 1098 2936 A.
1125 2912 1152 2936 s.
1179 2912 1209 2936 v.
1236 2901 1275 2936 in
1301 2900 1436 2946 quibus
1461 2898 1587 2934 anima
1611 2899 1707 2934 latet
1731 2899 1770 2934 et
1795 2898 2005 2933 continetur

301 2951 334 2985 T
350 2951 364 2996 ΙΙ
384 2954 426 2985 19
453 2951 502 2986 ad
526 2962 664 2986 svamm
688 2961 716 2985 s.
736 2961 768 2985 v.
795 2948 939 2984 scilicet
964 2948 1096 2983 caedes
1120 2948 1154 2983 Τ
1167 2950 1179 2994 ΙΙ
1199 2948 1322 2984 caedis
1341 2947 1381 2983 F
1396 2949 1409 2992 ss
1427 2951 1472 2982 20
1497 2947 1603 2983 schol.
1630 2946 1679 2982 ad
1697 2956 1729 2981 v.
1750 2948 1818 2980 603
1843 2946 1925 2980 hab.
1945 2945 2003 2991 ΤΗ

297 3001 340 3032 21
368 3000 512 3033 torrens
538 2997 710 3032 absolute
738 2997 771 3032 Τ
804 2998 817 3042 [Ι
853 3000 898 3031 22
924 2995 1075 3040 epithea
1101 2996 1140 3030 F
1168 2996 1350 3041 (epitheta
1376 2995 1423 3040 G)
1460 2996 1472 3040 ΙΙ
1510 2995 1559 3030 ad
1583 3005 1768 3029 ERVMPVNT
1793 3003 1820 3029 s,
1847 3003 1879 3027 υ.
1906 3003 2003 3028 nunc

298 3045 462 3080 ostendit
486 3044 647 3080 solutam
674 3043 906 3080 obsidionem
935 3042 969 3077 T
1000 3045 1012 3087 ΙΙ
1049 3044 1098 3078 ad
1122 3054 1154 3078 v.
1183 3046 1252 3078 604
1277 3044 1319 3078 in
1343 3052 1459 3087 mary.
1483 3040 1681 3084 sillemsis,
1707 3050 1734 3075 8.
1760 3051 1791 3075 v.
1819 3043 1888 3075 605
1914 3039 2002 3075 talis

297 3095 356 3128 est
379 3092 470 3128 ordo
495 3091 648 3128 tandem
674 3091 875 3137 erumpunt
899 3089 1070 3126 ascanius
1096 3092 1135 3125 et
1158 3090 1333 3126 iuuentus
1356 3090 1396 3124 et
1414 3089 1538 3124 castra
1555 3087 1770 3132 relinquunt
1786 3087 1830 3122 ut
1850 3088 2003 3123 obsessa

297 3141 345 3175 ad
372 3139 563 3175 ascanium
588 3139 770 3175 referatur
797 3139 832 3174 T
859 3139 872 3183 u
908 3141 955 3173 24
981 3137 1192 3183 syllempsis
1219 3137 1260 3172 F
1295 3136 1467 3172 sillemsis
1493 3135 1527 3170 G
1556 3135 1569 3180 ΙΙ
1606 3138 1651 3170 26
1676 3135 1823 3170 ueneris
1848 3136 2003 3170 utuntur

296 3187 435 3223 auxilio
462 3186 504 3223 F
522 3187 536 3233 ΙΙ
565 3191 610 3223 27
636 3187 818 3232 superflue
843 3185 885 3221 F
904 3185 918 3231 ΙΙ
947 3188 992 3220 28
1018 3185 1113 3220 hanc
1139 3185 1346 3220 orationem
1370 3183 1502 3220 uolunt
1526 3182 1667 3218 dictam
1692 3181 1903 3227 simplicem
1928 3181 1969 3216 F
1986 3181 1999 3229 Η

296 3239 341 3270 29
367 3235 482 3281 quod]
510 3235 600 3279 quia.
625 3234 665 3269 F
680 3236 692 3279 ΙΙ
711 3238 756 3269 30
782 3232 1005 3279 respondent
1029 3231 1104 3267 AS
1140 3231 1376 3278 responderit
1399 3230 1436 3265 R
1472 3229 1724 3275 respondeant
1749 3229 1793 3264 H
