2124 3600
301 661 322 691 ὃ

280 1018 322 1049 10

275 1374 319 1405 15

275 1730 320 1761 20

273 2086 318 2118 25

352 258 436 300 108
1123 263 1283 299 SERVH

350 368 422 423 qui
455 368 669 412 Ascanius
702 369 862 413 Albam
899 371 1148 414 condiderit.
1210 374 1363 426 postea
1395 370 1556 414 Albani
1593 387 1741 415 omnes
1779 386 1902 429 reges
1935 371 2058 416 Silvii

350 439 454 481 dicti
495 442 597 482 sunt
637 441 691 483 ab
731 441 860 484 huius
904 443 1097 497 nomine,
1142 443 1253 485 sicut
1295 442 1508 498 hodieque
1546 442 1732 486 Romani
1776 443 2058 499 imperatores

349 509 538 566 Augusti
582 515 811 565 vocantur,
855 513 1064 570 Aegyptii
1108 514 1372 568 Ptolomaei,
1416 513 1572 557 Persae
1617 514 1868 571 Arsacidae,
1911 515 2057 557 Latini

349 581 563 638 Murrani,
595 585 643 625 ut
669 583 782 638 <XII
805 585 919 638 5⁶29>
947 585 1242 626 Murranum
1275 584 1359 627 hic
1391 588 1568 627 atavos
1602 588 1650 628 et
1682 601 1891 629 avorum
1924 586 2057 628 anti-

350 667 447 707 qua
489 658 758 697 sonantem
808 656 1013 698 nomina
1062 671 1150 711 per
1200 670 1454 711 regesque
1499 659 1667 698 actum
1711 671 1869 712 genus
1914 672 2057 700 omne

350 724 577 768 Latinos.
698 739 820 768 PVRA
852 739 1042 770 1vvnN1s
1076 739 1156 778 Qvl
1189 740 1385 770 NITITVR
1424 739 1575 770 HAsTA
1614 728 1657 770 id
1695 731 1761 771 est
1798 729 1888 771 sine
1926 729 2056 771 ferro:

348 811 448 838 nam
480 797 562 839 hoc
589 797 677 839 fuit
706 798 944 851 praemium
972 798 1084 853 apud
1110 798 1296 841 maiores
1324 799 1413 841 eius
1441 798 1514 854 qui
1539 801 1642 841 tunc
1667 800 1855 854 primum
1882 800 2058 842 vicisset

348 867 392 909 in
423 868 607 923 proelio,
639 869 751 910 sicut
783 869 844 911 ait
876 868 1016 912 Varro
1051 869 1095 910 in
1126 869 1248 911 libris
1281 869 1331 911 de
1364 873 1494 924 gente
1525 870 1674 925 populi
1705 870 1903 913 Romani.

469 940 565 981 763.
616 951 796 982 leV1vs
828 952 1052 982 ALBANVM
1085 952 1247 982 NOMEN
1279 940 1381 996 quia
1413 955 1561 982 omnes
1595 939 1716 983 Silvii
1748 941 1854 983 dieti
1887 944 1998 983 sunt.

350 1022 442 1052 TVA
467 1022 686 1053 POSTVMA
712 1023 888 1054 PROLES
920 1014 1147 1067 postumus
1175 1014 1242 1053 est
1267 1014 1366 1066 post
1397 1012 1693 1054 humationem
1722 1012 1912 1067 parentis
1943 1027 2057 1055 crea-

349 1085 432 1124 tus.
483 1097 559 1137 per
590 1082 672 1124 hoc
699 1085 843 1124 autem
871 1082 1045 1125 Aenean
1079 1082 1164 1125 cito
1199 1083 1387 1124 ostendit
1420 1098 1511 1125 esse
1544 1084 1799 1138 periturum,
1832 1086 1875 1125 et
1907 1084 2057 1126 statim

348 1154 482 1195 infert
513 1153 853 1196 consolationem
887 1154 1032 1196 dicens
1060 1153 1202 1209 ‘quem
1229 1154 1311 1196 tibi
1343 1153 1583 1209 longaev0’‚
1614 1154 1658 1196 id
1685 1157 1751 1196 est
1776 1154 1872 1196 deo:
1904 1169 2056 1197 aevum

347 1226 461 1266 enim
500 1216 672 1280 proffiie
711 1225 945 1267 aeternitas
984 1228 1066 1279 est,
1106 1240 1215 1280 quae
1253 1240 1340 1267 non
1378 1225 1462 1266 nisi
1493 1225 1539 1266 in
1570 1224 1671 1267 deos
1703 1225 1839 1267 venit:
1889 1225 2056 1268 Ennius

345 1297 591 1339 Romulus
629 1297 679 1339 in
719 1297 861 1339 caelo
902 1311 1009 1338 cum
1051 1296 1128 1338 dis
1167 1296 1491 1352 genitalibus
1525 1310 1699 1338 aevum
1731 1296 1884 1352 degit.
1946 1297 2056 1339 male

346 1372 491 1410 autem
536 1368 770 1410 vindicavit
813 1383 934 1423 usus,
978 1383 1053 1424 per
1094 1383 1220 1424 quem
1259 1367 1368 1410 dixit
1407 1367 1477 1422 <V
1511 1367 1625 1421 715>
1671 1367 2057 1424 longaevosque

346 1454 504 1481 senes

465 1511 562 1553 766.
612 1523 738 1553 VNDE
772 1527 796 1553 a
827 1525 929 1566 quo,
962 1514 1010 1553 ut
1042 1510 1091 1565 <I
1118 1510 1174 1565 6>
1206 1525 1365 1566 genus
1400 1511 1526 1553 unde
1558 1510 1816 1553 Latinum:
1848 1525 1949 1552 nam
1980 1525 2053 1565 po-

345 1582 449 1624 steri
483 1582 574 1624 eius
608 1582 782 1624 fuerunt
814 1583 888 1637 qui
919 1585 1074 1638 postea
1106 1582 1219 1638 apud
1246 1583 1462 1625 Albanam
1494 1596 1729 1638 regnavere
1762 1582 1994 1624 civitatem.

466 1653 561 1695 767.
611 1664 847 1696 PRolevs
874 1666 980 1695 ILLE
1005 1664 1180 1696 PROCAS
1211 1653 1352 1695 standi
1379 1653 1546 1708 ordine,
1578 1668 1665 1695 non
1697 1653 1922 1695 nascendi:
1954 1667 2054 1694 nam

348 1726 495 1766 sextus
527 1727 593 1766 est
624 1739 698 1766 rex
729 1723 1010 1768 Albanorum.
1049 1725 1154 1767 item
1185 1723 1389 1767 Numitor
1419 1725 1575 1767 tertius
1607 1724 1796 1767 decimus
1829 1723 1922 1765 fuit.

465 1795 562 1837 770.
604 1807 653 1852 ‘sl
678 1807 877 1846 VMQVAM
903 1807 1196 1839 REGNANDAM
1221 1807 1481 1839 ACGEPERIT
1509 1807 1668 1838 ALBAM
1695 1795 1864 1838 Aeneas
1891 1795 2057 1838 scilieet

346 1864 517 1908 Silvius.
567 1868 610 1908 et
641 1866 710 1908 hic
743 1867 933 1909 ostendit
964 1882 1114 1909 omnes
1147 1867 1340 1910 Albanos
1373 1881 1495 1922 reges
1529 1867 1688 1909 Silvios
1720 1867 1869 1909 dictos.
1921 1866 2054 1909 ‘acce-

344 1937 471 1992 perit’
504 1941 647 1980 autem
676 1953 701 1980 a
726 1941 888 1991 tutore,
921 1939 994 1995 qui
1025 1939 1116 1981 eius
1150 1938 1309 1981 invasit
1340 1939 1587 1994 imperium:
1621 1938 1732 1994 quod
1767 1938 1805 1980 ei
1837 1938 1907 1980 vix
1939 1952 2053 1979 anno

346 2009 705 2065 quinquagesimo
743 2010 871 2052 tertio
909 2010 1112 2053 restituit.
1176 2012 1219 2051 et
1257 2024 1347 2051 rem
1380 2010 1554 2065 plenam
1589 2009 1798 2052 historiae
1830 2023 1906 2063 per
1936 2010 2052 2050 tran-

345 2081 475 2123 situm
507 2081 665 2137 tetigit.

466 2153 562 2194 772.
614 2163 757 2195 CIVILI
784 2164 1002 2196 TEMPORA
1029 2164 1214 2204 QVEROV
1247 2151 1411 2195 ‘civica'
1444 2151 1593 2194 debuit
1619 2151 1777 2205 dicere,
1809 2150 1883 2193 sed
1915 2152 2051 2192 muta-

345 2224 426 2277 vit,
467 2226 515 2265 ut
546 2238 568 2266 e
600 2226 753 2266 contra
784 2224 990 2267 Horatius
1023 2227 1210 2267 motum
1243 2239 1301 2265 ex
1331 2223 1542 2266 Metello
1575 2222 1786 2264 consule
1819 2221 2052 2276 civicum,

343 2309 422 2349 pro
463 2294 687 2338 ‘civilem'.
749 2310 974 2350 querceam
1015 2298 1157 2338 autem
1196 2309 1399 2337 coronam
1439 2293 1707 2349 accipiebant
1743 2293 1815 2347 qui
1854 2293 1899 2334 in
1938 2292 2049 2334 bello

441 2439 461 2471 8
486 2435 621 2482 Varro]
655 2436 700 2472 cf.
727 2435 885 2472 Kettner
908 2436 1062 2472 Varron.
1091 2435 1194 2471 stud.
1220 2447 1256 2480 p.
1284 2438 1328 2471 78
1359 2436 1372 2488 {1
1410 2438 1453 2470 10
1478 2434 1672 2479 postumus
1700 2461 1706 2468 .
1735 2460 1742 2467 .
1772 2461 1779 2468 .
1806 2432 1970 2479 creatus]
2002 2432 2049 2468 cf.

344 2483 429 2519 Isid.
458 2495 508 2518 or.
537 2483 587 2518 IX
613 2487 645 2527 5,
674 2487 718 2519 22
750 2485 762 2530 ΙΙ
798 2485 992 2529 postumus
1018 2512 1026 2519 .
1047 2510 1054 2517 .
1078 2510 1085 2518 .
1111 2483 1150 2518 in
1177 2483 1265 2518 deos
1290 2482 1408 2528 vemt]
1446 2481 1490 2516 cf.
1518 2481 1611 2516 Gell.
1637 2480 1672 2514 II
1699 2484 1742 2516 16
1773 2481 1785 2527 ΙΙ
1825 2484 1867 2515 13
1893 2479 2049 2525 Ennius]

346 2542 428 2566 ann.
455 2542 489 2566 v.
520 2535 585 2566 119
611 2543 670 2576 ap.
699 2531 807 2566 Vahl.
827 2532 902 2578 1127
931 2531 1122 2577 Horatius]
1150 2542 1261 2566 carm.
1285 2530 1317 2564 11
1340 2533 1370 2572 1,
1393 2533 1410 2563 1
1432 2530 1507 2575 1128
1533 2539 1730 2574 querceam
1758 2557 1765 2564 .
1787 2556 1795 2563 .
1818 2555 1825 2563 .
1852 2527 2049 2563 vesceban-
2085 2575 2088 2578 ἦ

344 2578 419 2624 tur]
447 2578 492 2614 cf.
519 2578 614 2614 Gell.
643 2578 673 2612 V
701 2583 733 2622 6,
762 2582 802 2614 11
825 2591 878 2624 sq.

442 2713 459 2743 1
488 2708 569 2753 quis
593 2707 751 2743 ASFG
765 2710 777 2755 ΙΙ
797 2708 1015 2744 condiderat
1033 2708 1074 2743 F
1090 2710 1101 2755 ΙΙ
1120 2708 1207 2744 silui
1232 2707 1307 2743 SF
1322 2708 1334 2754 ΙΙ
1362 2711 1382 2742 2
1410 2706 1473 2752 ab]
1501 2706 1548 2741 ad
1574 2706 1615 2740 F
1630 2707 1642 2752 11
1660 2704 1786 2752 huius]
1812 2705 1947 2740 bunius
1971 2705 2017 2740 H
2036 2703 2048 2751 ΙΙ

345 2760 366 2791 3
393 2756 553 2801 Augusti
578 2766 645 2790 om.
666 2755 711 2789 H
725 2757 736 2801 ΙΙ
764 2756 918 2801 aegypti
942 2756 1019 2791 FO
1035 2757 1047 2802 ΙΙ
1074 2754 1254 2801 ptolomei
1278 2754 1315 2789 A
1353 2754 1558 2799 ptolomaei
1586 2754 1631 2788 M
1640 2753 1680 2788 F
1712 2752 1921 2797 ptholomei
1945 2752 2049 2787 SRa

344 2803 551 2847 ptholemei
575 2803 619 2838 H
625 2802 655 2838 O
670 2803 682 2848 ΙΙ
702 2807 722 2838 6
748 2802 886 2838 latinos
914 2802 956 2838 0:
983 2803 1142 2837 latinum
1167 2803 1299 2847 reliqui
1317 2803 1328 2848 ΙΙ
1349 2806 1367 2837 7
1395 2801 1473 2836 eius
1500 2813 1566 2837 om.
1589 2801 1638 2835 M
1655 2801 1666 2847 ΙΙ
1691 2803 1712 2835 8
1741 2800 1837 2835 sicut
1861 2799 1915 2835 ait
1939 2811 2048 2834 uarro

345 2850 454 2884 RM:
482 2852 579 2886 sicut
603 2850 657 2885 ait
680 2850 813 2895 reliqui
831 2851 842 2896 ΙΙ
875 2854 917 2884 10
942 2862 1124 2885 ΡοεΤΗνΜΑ
1149 2851 1193 2884 Η
1208 2851 1220 2895 ΙΙ
1243 2851 1466 2895 posthumus
1491 2848 1528 2883 R
1547 2850 1558 2894 ΙΙ
1577 2847 1803 2883 nmationem
1832 2847 1881 2882 M
1904 2847 2046 2892 <huma-

344 2897 485 2932 tionem
511 2899 558 2941 m)
579 2899 590 2943 ΙΙ
612 2901 653 2932 11
681 2908 762 2932 esse
788 2908 854 2932 om.
881 2896 957 2931 FO
973 2898 984 2942 Ι]
1006 2901 1048 2931 13
1074 2897 1223 2942 proprie
1249 2907 1314 2932 om.
1341 2896 1418 2931 FO
1434 2897 1446 2942 ΙΙ
1465 2895 1696 2931 aeternitatis
1722 2895 1750 2930 S
1786 2895 1824 2930 et
1848 2893 2047 2929 aeternita-

344 2945 394 2979 tis
422 2944 470 2979 M
488 2945 499 2990 ΙΙ
527 2948 570 2979 14
596 2945 667 2979 d-iis
692 2943 814 2979 RFC
829 2946 840 2991 ΙΙ
860 2955 968 2979 euum
994 2944 1031 2978 R
1050 2945 1061 2990 11
1089 2948 1132 2978 15
1157 2942 1372 2979 nendicauit
1396 2954 1465 2979 mc.
1501 2944 1655 2987 fortasse
1680 2941 1782 2977 aliud
1806 2940 2011 2976 vindicavit
2034 2941 2047 2987 Η

347 2995 390 3027 1¹¹1
416 2990 456 3026 id
482 2993 538 3026 est
562 3002 584 3025 a
608 3003 681 3036 quo
708 2992 748 3027 F
769 2993 780 3038 ΙΙ
813 2996 856 3027 18
884 2991 1007 3026 albam
1035 2990 1112 3025 FO
1134 2992 1144 3036 ΙΙ
1176 2991 1426 3036 regnauerunt
1450 2990 1487 3025 R
1511 2992 1523 3036 Ι]
1558 2994 1599 3024 19
1624 2988 1748 3024 standi
1772 2999 1845 3024 non
1870 2988 2047 3023 nascendi

345 3039 473 3075 ordine
496 3036 540 3073 M
581 3039 703 3074 standi
724 3039 891 3075 ordinem
911 3050 985 3074 non
1005 3038 1174 3073 ascendit
1192 3037 1275 3072 FG'
1294 3039 1305 3084 ΙΙ
1323 3037 1516 3082 nascendi]
1543 3037 1701 3071 ascende
1721 3035 1766 3070 Η
1779 3036 1790 3081 ΙΙ
1808 3046 1895 3070 nam
1922 3037 2045 3071 sextus

345 3087 425 3168 es}
444 3097 530 3121 nam
557 3085 797 3121 duodecimus
822 3086 895 3121 fuit
942 3099 984 3121 m·
1009 3097 1114 3120 curs
1142 3086 1265 3120 sextus
1291 3086 1349 3120 est
1372 3085 1411 3118 D
1429 3086 1442 3129 ΙΙ
1461 3089 1505 3119 22
1532 3082 1719 3128 acceperit
1744 3082 1837 3116 Ma:
1863 3082 2046 3133 receperit

344 3137 377 3169 A
434 3133 477 3168 H
507 3133 651 3177 recepit
675 3133 704 3168 S
739 3134 854 3169 refert
879 3132 956 3168 FO
982 3134 1074 3178 {123
1101 3132 1149 3167 ad
1173 3133 1335 3167 tutorem
1363 3131 1403 3166 F
1437 3132 1483 3166 ad
1509 3131 1633 3165 tutore
1661 3129 1692 3164 O
1715 3130 1726 3175 ΙΙ
1765 3140 1860 3164 anuo
1886 3142 1946 3166 mr.
1975 3130 2005 3164 (J
2035 3130 2044 3176 Η

344 3186 389 3216 27
415 3182 458 3216 ut
483 3179 625 3215 MFG:
652 3181 691 3215 at
714 3182 847 3226 reliqui
865 3182 877 3227 ΙΙ
902 3180 1092 3215 consulem
1117 3179 1162 3214 H
1195 3178 1351 3215 civicum
1377 3190 1445 3223 pro
1472 3177 1618 3212 civilem
1645 3177 1808 3212 omittens
1833 3178 1844 3222 ΙΙ
1870 3180 1915 3212 28
1942 3176 2045 3212 ciuili

345 3228 417 3264 AS
454 3227 563 3263 ciuile
589 3227 639 3262 M
646 3227 677 3263 G
700 3228 712 3273 ΙΙ
743 3239 918 3272 quercum
945 3227 986 3262 F
