2092 3614
273 646 294 676 5

324 243 410 285 468
1100 243 1260 280 SERVII

445 352 541 394 792.
592 363 632 395 SI
664 363 758 404 QVA
795 364 942 394 FIDEM
980 364 1137 396 TANTO
1174 364 1258 396 EST
1296 364 1432 396 OPERI
1462 365 1503 395 L.
1535 365 1577 397 v.
1611 353 1669 396 ‘si
1698 354 1800 408 (μα’
1828 369 1908 409 pro
1940 354 2032 411 (εἴ,

321 427 370 466 ut
398 423 448 477 <I
477 423 590 478 181>
622 423 820 466 Anthea
848 424 895 466 si
923 438 1084 478 quem:
1116 428 1192 467 ant
1211 438 1293 479 pro
1326 424 1378 467 ‘si
1407 439 1532 478 quam
1562 425 1712 479 fidem'.
1761 430 1799 468 et
1820 427 2033 480 quaeritur

324 494 379 537 ‘si
408 509 492 550 qua
521 494 643 549 fides'
675 510 704 538 a
727 496 969 550 praeterito,
1007 510 1066 538 an
1096 497 1144 538 de
1170 496 1314 548 futuro
1344 497 1464 538 dicat.
1527 495 1680 539 ‘tanto'
1713 500 1849 540 antem
1880 497 2031 553 ‘operi’

320 581 410 609 non
448 566 500 608 de
538 566 627 608 suis
666 567 929 610 carminibus
969 567 1073 609 dicit
1114 591 1164 597 -
1205 581 1285 609 1166
1323 567 1436 609 enim
1474 567 1559 609 sibi
1597 568 1827 624 adrogaret
1867 592 1916 598 —
1958 569 2032 612 sed

322 637 460 680 ‘tanto
487 637 635 693 operi',
666 638 711 679 id
743 640 810 680 est
841 638 994 693 pietati
1020 641 1064 681 et
1088 638 1245 681 virtuti
1269 641 1388 681 tuae:
1420 654 1521 681 nam
1553 639 1624 681 hic
1656 643 1722 681 est
1750 654 1918 682 sensus:
1951 654 2031 696 ego

320 710 495 765 quidem
532 709 650 752 facta
686 711 780 763 tua,
817 724 843 752 o
874 709 1032 765 Lause,
1070 712 1114 752 et
1150 712 1336 752 mortem
1376 725 1426 752 ex
1464 711 1626 766 pietate
1663 710 1905 753 venientem
1942 725 2032 754 non

320 781 476 836 silebo,
518 781 556 823 si
592 783 742 823 tamen
780 781 924 823 credet
959 784 1155 825 vetustas
1195 796 1244 824 ex
1284 781 1495 824 scelerato
1532 781 1706 824 homine
1742 782 1863 838 pium
1892 782 2031 825 filium

318 852 452 895 fuisse
482 855 770 908 procreatum.
906 841 907 844 Ἴ

439 924 537 966 794.
586 942 764 968 mvrms
794 938 875 979 pro
916 923 1101 967 ‘vnlnere
1137 923 1404 967 debilitatus'.
1526 935 1670 974 INQVE
1709 936 1909 968 LIGATvs
1950 940 2029 980 pro

250 1003 293 1034 10
319 995 662 1052 ‘inligatusque':
696 998 739 1038 et
771 998 837 1037 est
867 996 1020 1038 tmesis
1053 1011 1150 1038 cum
1176 995 1487 1051 hysterologia.

439 1067 536 1109 795.
585 1078 808 1109 INIMICVM
848 1078 1051 1110 HASTILE
1093 1067 1317 1110 cuiusdam
1359 1067 1482 1122 quasi
1522 1067 1718 1121 picturae
1759 1083 1918 1124 pompa
1960 1068 2029 1110 de-

319 1139 536 1182 scribitur.

438 1210 536 1252 797.
585 1221 765 1260 IAMQVE
804 1221 1132 1253 ADSVRGENTIS
1171 1221 1393 1252 DEXTRAE
1430 1211 1527 1252 ordo
1564 1213 1643 1253 est:
1687 1211 1857 1267 iamque
1896 1212 2030 1254 subiit

317 1296 566 1324 mucronem
598 1281 771 1324 Aeneae
811 1281 984 1324 dextrae
1024 1281 1296 1337 adsurgentis
1330 1284 1373 1323 et
1403 1282 1579 1337 plagam
1611 1281 1800 1326 ferentis
1861 1281 2028 1325 ‘subiit'

248 1361 290 1392 15
316 1356 453 1396 autern
485 1351 750 1395 ‘mueronem'
782 1354 902 1395 iuxta
932 1367 1053 1396 usum
1076 1356 1335 1407 praesentem
1359 1354 1588 1396 accusativo
1618 1354 1774 1409 iunxit,
1804 1367 1896 1396 eum
1926 1355 2029 1397 alibi

315 1426 484 1479 antique
514 1425 652 1467 dativo
682 1425 883 1479 innoeerit,
913 1428 963 1467 ut
985 1424 1099 1478 <VII
1121 1425 1234 1479 161>
1266 1438 1499 1479 muroque
1528 1418 1921 1480 subibants'quod
1941 1427 2029 1469 suis

317 1497 414 1539 loeis
435 1497 606 1551 plenius
635 1497 788 1539 dietum
819 1499 887 1539 est.

436 1568 535 1610 798.
582 1579 812 1611 MORANDO
840 1579 1082 1632 svs'rmvrr
1114 1582 1283 1610 moram
1308 1567 1523 1610 iniciendo
1552 1568 1643 1610 eius
1669 1568 1877 1624 impetum
1909 1568 2027 1612 lusit.

435 1640 534 1683 800.
584 1652 686 1683 Dvm
725 1651 934 1683 GENITOR
970 1651 1083 1682 NATI
1120 1651 1279 1682 PARMA
1317 1652 1357 1681 P.
1394 1651 1435 1682 A.
1475 1639 1526 1681 de
1566 1639 1753 1682 historia
1797 1642 1881 1682 est:
1924 1655 2025 1682 nam

243 1721 289 1752 20
316 1710 459 1767 Scipio
492 1710 725 1753 Africanus
757 1726 855 1754 cum
889 1714 1003 1754 esset
1033 1712 1106 1754 vix
1139 1725 1349 1754 annorum
1381 1711 1528 1754 decem
1561 1713 1604 1753 et
1635 1713 1820 1766 septem,
1856 1713 2026 1767 patrem

243 2079 286 2110 25

315 1798 441 1825 suum
473 1782 666 1825 defen-dit
697 1782 745 1824 in
777 1783 911 1839 bello,
948 1798 1027 1826 nec
1059 1783 1189 1826 cessit
1219 1782 1374 1836 viginti
1407 1784 1450 1825 et
1482 1785 1647 1839 septem
1679 1782 1903 1825 confossus
1935 1783 2025 1826 vul-

313 1855 504 1897 neribus.

434 1927 532 1969 802.
580 1942 703 1970 Fran*
718 1942 874 1970 AENEAS
896 1926 1032 1969 dolore
1055 1927 1223 1981 seilicet,
1247 1926 1357 1980 qnod
1379 1926 1459 1968 sibi
1480 1925 1711 1968 Mezentius
1734 1929 1834 1969 esset
1855 1930 2024 1981 ereptus.

312 2002 351 2041 et
379 2001 439 2041 est
468 1999 696 2053 inteyrmn:
727 2012 981 2052 quamquam
1010 1999 1134 2053 furit,
1167 2001 1271 2040 tenet
1299 2011 1340 2040 se
1371 2000 1518 2040 tamen.

433 2070 531 2113 803.
582 2087 659 2112 ΕΠ
667 2087 733 2113 VSA
754 2087 795 2113 st
811 2086 967 2118 QVANDO
986 2086 1189 2112 GRANDINE
1211 2069 1482 2123 praeteritum
1505 2082 1586 2123 pro
1614 2069 1789 2111 instanti
1811 2070 1962 2123 posuit.

432 2142 531 2184 804.
580 2152 929 2184 PRAECIPITANT
962 2140 1313 2196 praecipitantur.
1476 2150 1478 2152 ’

431 2213 545 2256 805-
582 2230 681 2256 TVTA
701 2231 828 2256 LATET
843 2230 947 2256 ARTE
967 2213 1077 2267 qnod
1098 2213 1249 2255 seilicet
1271 2225 1314 2255 se
1330 2212 1463 2266 perite
1486 2225 1514 2253 a
1537 2214 1767 2266 tempestate
1790 2212 2021 2265 defendunt.

310 2284 432 2327 ‘tuta'
463 2288 601 2327 antem
633 2284 750 2327 ‘arte'
783 2298 887 2338 quae
918 2287 1064 2326 tuetur.

430 2357 528 2399 806.
579 2373 675 2400 Amr
700 2373 867 2400 Fomvzon
895 2373 991 2399 ,ςΑΧΙ
1017 2357 1382 2412 concameratione,
1413 2368 1599 2398 caverna.

405 2514 426 2546 3
453 2521 476 2544 a
500 2508 702 2555 praeterito
723 2509 764 2543 F
797 2519 846 2543 an
863 2508 1068 2554 praeterito
1088 2509 1228 2544 Daniel
1265 2520 1312 2543 an
1332 2508 1377 2543 de
1397 2507 1600 2553 praeterito
1622 2508 1840 2543 Masvicius.
1865 2508 2019 2551 fortasse

310 2558 350 2593 et
380 2556 574 2602 quaeritur
606 2556 655 2591 ‘si
680 2567 755 2601 qua
779 2556 905 2591 fidem’
942 2556 980 2591 et
1010 2555 1156 2601 reliqua
1186 2555 1232 2591 de
1263 2556 1466 2601 praeterito
1499 2567 1546 2590 an
1577 2555 1622 2590 de
1653 2555 1780 2591 futuro
1812 2555 1914 2591 dicat
1937 2556 1963 2590 i.
1989 2567 2016 2592 e.

310 2606 501 2651 quaeritur
520 2607 650 2650 poetae
674 2605 852 2639 sententia
877 2607 1002 2639 utrum
1027 2604 1113 2639 haec
1137 2604 1270 2647 fuerit:
1295 2605 1328 2638 si
1345 2607 1503 2638 vetustas
1527 2604 1581 2638 rei
1600 2603 1785 2648 permittet
1808 2606 1849 2638 ut
1874 2604 1907 2638 ei
1930 2603 2019 2646 fides

310 2654 500 2696 habeatur,
526 2664 577 2687 an
601 2653 705 2687 haec.-
729 2652 764 2686 si
781 2652 923 2696 posteri
946 2654 1049 2686 tanto
1074 2651 1176 2696 operi
1200 2652 1306 2694 sidem
1329 2651 1512 2686 habebunt
1530 2651 1542 2697 ΙΙ
1561 2654 1582 2685 5
1608 2661 1696 2696 ergo
1718 2650 1759 2685 F
1773 2652 1785 2695 ΙΙ
1805 2654 1825 2686 7
1851 2650 2019 2686 crederet

311 2702 417 2746 vulqo
436 2702 447 2747 ΙΙ
467 2704 488 2735 8
515 2701 681 2735 creatum
706 2698 743 2734 R
761 2699 774 2744 ΙΙ
792 2702 813 2733 9
840 2699 889 2733 ad
914 2711 1068 2733 mvmms
1093 2710 1120 2733 s.
1143 2710 1175 2735 v.
1202 2698 1355 2734 uulnere
1382 2698 1599 2733 debilitatus
1623 2698 1656 2732 Τ
1671 2698 1685 2743 ΙΙ
1703 2698 1788 2744 pro]
1814 2699 1926 2743 prout
1947 2697 1981 2732 G
2005 2698 2016 2744 {ss

311 2749 360 2784 ad
383 2760 490 2788 mcvi:
508 2759 656 2783 mervs
675 2757 703 2782 s.
723 2757 755 2782 v.
777 2745 1020 2790 histerologia
1039 2747 1098 2781 est
1117 2745 1204 2790 quia
1222 2747 1343 2792 primo
1369 2745 1500 2781 debuit
1522 2744 1713 2792 illigatum
1739 2744 1861 2780 dicere
1887 2747 2016 2790 postea

309 2795 453 2831 inutilis
484 2795 542 2840 Tu
564 2799 606 2830 13
631 2793 798 2840 iamque]
825 2804 919 2838 quae
946 2793 986 2827 F
1002 2795 1013 2839 ΙΙ
1034 2797 1078 2828 14
1104 2793 1158 2840 et]
1186 2805 1229 2829 ac
1254 2793 1291 2828 R
1329 2793 1376 2828 ad
1402 2793 1448 2828 H
1461 2794 1473 2838 Η
1492 2794 1541 2828 ad
1566 2805 1681 2828 sv13111=
1706 2803 1734 2828 s.
1757 2804 1788 2828 v.
1816 2804 1900 2827 cum
1925 2802 2014 2837 qua-

309 2844 396 2878 dam
422 2842 628 2878 euitatione
655 2842 818 2886 suscepit
846 2841 879 2875 Τ
906 2842 919 2885 ΙΙ
952 2844 994 2875 15
1020 2841 1205 2876 iuncxerit
1229 2841 1270 2876 F
1295 2842 1309 2886 11
1338 2844 1382 2876 21
1409 2851 1479 2876 1166
1505 2839 1633 2886 cessit]
1662 2851 1744 2875 cum
1771 2841 1870 2875 esset
1894 2838 1984 2874 RH
2004 2839 2014 2885 Η

310 2890 484 2926 confusus
509 2890 550 2925 F
566 2891 577 2936 ΙΙ
596 2894 641 2925 23
667 2890 718 2925 ad
741 2901 845 2925 rvmr
870 2899 905 2922 A.
932 2902 962 2924 r.
990 2902 1021 2924 ⁷r.
1049 2901 1077 2923 s.
1104 2899 1131 2924 s.
1151 2900 1184 2924 v.
1210 2889 1355 2924 scilicet
1380 2888 1444 2933 qui
1469 2888 1673 2923 mezentius
1697 2887 1769 2922 fuit
1794 2886 1830 2921 ei
1854 2888 2013 2932 ereptus.

310 2939 349 2972 et
374 2936 674 2984 subaudiendum
686 2938 754 2977 ,est
778 2947 1004 2980 quamquam
1029 2935 1121 2971 furit
1144 2936 1250 2971 tenet
1274 2947 1313 2971 se
1338 2935 1377 2970 id
1403 2935 1461 2970 est
1485 2934 1635 2971 cohibet
1663 2933 1698 2969 Τ
1719 2935 1732 2979 ΙΙ
1762 2937 1807 2969 26
1831 2934 1938 2968 schol.
1964 2935 2015 2970 ad

309 2996 341 3020 v.
362 2987 433 3020 804
458 2996 524 3020 om.
545 2985 633 3019 RH
647 2986 659 3031 11
690 2988 734 3019 27
760 2995 850 3018 Anca
870 2982 911 3018 F
927 2983 938 3029 ΙΙ
966 2984 1015 3018 ad
1041 2995 1132 3019 rsvm
1157 2997 1188 3018 L.
1215 2996 1304 3018 Amr:
1330 2994 1357 3019 s.
1377 2994 1408 3018 v.
1436 2993 1512 3028 qua
1536 2993 1575 3018 se
1599 2982 1745 3016 tutatur
1770 2981 1866 3025 quod
1894 2981 2014 3026 perite

310 3044 349 3068 se
381 3032 558 3068 defendat
588 3043 611 3067 a
642 3032 865 3077 tempestate
901 3030 934 3065 T
963 3031 974 3076 ΙΙ
1012 3030 1227 3076 dependunt
1252 3030 1292 3066 F
1319 3031 1330 3077 ΙΙ
1361 3033 1406 3065 28
1440 3031 1524 3065 tuta
1556 3031 1682 3064 autem
1718 3039 1801 3063 arce
1837 3029 1900 3073 leq.
1932 3030 2013 3064 arte

310 3080 534 3115 Masvicius:
566 3081 609 3114 ut
640 3081 705 3114 aut
729 3080 816 3114 ante
845 3078 882 3113 F
903 3079 915 3124 ΙΙ
947 3078 1156 3122 qu&tuetu1·
1180 3078 1221 3114 F
1255 3078 1470 3124 qua&uetur
1498 3075 1532 3111 G
1569 3086 1664 3121 quae
1688 3077 1814 3111 tuetur
1838 3075 1978 3111 Daniel
2001 3075 2013 3122 Η

308 3132 353 3163 29
380 3128 430 3163 ad
454 3139 536 3162 Ani-1
562 3141 592 3162 F.
621 3139 649 3162 s,
675 3138 702 3162 s.
726 3138 757 3162 υ.
785 3137 900 3162 conca
925 3125 1034 3160 molis
1060 3136 1195 3161 curuae
1225 3126 1258 3160 Τ
1283 3127 1296 3171 U
1333 3124 1653 3161 concameratione
1680 3134 1838 3158 caverna
1861 3123 2011 3168 scripsi:

309 3185 463 3210 concam
488 3174 667 3209 arationis
694 3185 829 3210 curuae
849 3173 889 3208 F
924 3173 1078 3209 concavi
1103 3173 1280 3209 arationis
1306 3183 1439 3208 curvae
1458 3171 1597 3207 Daniel
1633 3171 1804 3216 concavi,
1830 3170 2011 3207 arcuatio-

309 3222 368 3258 nis
394 3233 528 3259 curvae
554 3222 762 3258 Masvicius
