2092 3614
549 279 700 315 COMM.
728 279 778 314 IN
808 277 951 316 VERG.
978 278 1088 313 AEN.
1116 277 1167 311 IX
1193 281 1392 314 372—399.
1738 275 1824 317 345

234 390 332 432 384.
382 401 515 432 NISVS
547 401 669 431 ABIT·
693 389 802 431 bene
834 387 1034 430 meminit
1065 387 1323 438 velocitatis,
1366 401 1494 442 quam
1527 386 1566 428 ei
1597 386 1644 427 in
1674 386 1823 441 quinto

115 461 259 516 <318>
298 461 433 516 dedit,
472 463 520 502 ut
557 461 754 516 primus
793 460 903 502 abit
939 460 1195 515 longeque
1237 460 1355 499 ante
1397 457 1566 499 omnia
1607 471 1825 512 corpora

115 533 272 575 Nisus
306 532 501 574 emieat.
623 542 890 582 INPRVDENS
923 530 1088 573 scilicet
1119 529 1383 571 remanentis
1413 528 1611 583 Euryali:
1642 532 1718 571 aut
1747 527 1824 570 ‘iu-

112 603 306 658 prudeus'
338 618 379 646 se
409 604 603 654 evasisse·
635 603 713 645 alii
745 600 1000 656 ‘inprudens'
1031 601 1149 643 valde
1170 601 1356 654 prudens
1386 600 1604 653 accipiunt.

234 687 332 730 385.
382 698 535 729 ALBAE
574 698 636 728 DE
676 697 855 729 NOMINE
900 685 967 727 vel
1011 698 1185 740 porcae,
1229 683 1298 725 vel
1343 683 1552 737 civitatis,
1595 683 1662 724 vel
1706 682 1823 739 regis
1850 692 1874 724 5-

116 758 294 814 Albani,
326 758 394 801 cui
427 758 633 800 suecessit
663 757 834 800 Procas.

234 842 332 884 388.
381 852 576 890 INEELIX
609 851 703 891 QVA
735 852 793 882 TE
822 851 1029 882 REGIONE
1062 850 1256 890 RELIQVI
1289 853 1333 880 se
1365 837 1582 879 infelicem
1615 836 1720 878 dicit
1752 837 1825 891 qui

72 956 76 960 ,
115 913 249 967 dolet,
279 927 367 955 non
398 912 522 954 illum
553 914 731 967 propter
762 926 888 966 quem
923 911 1051 953 dolet.

234 996 333 1039 389.
383 1007 494 1037 rrER
533 1006 661 1037 OMNE
700 1006 977 1037 REVOLVENS
1017 1004 1244 1036 FALLACIS
1291 1004 1455 1036 s1LVAE
1493 991 1696 1034 Vrbanus
1742 990 1826 1033 hue

116 1083 250 1123 usque
281 1067 413 1109 verba
438 1065 535 1109 Nisi
565 1066 659 1109 vult
692 1081 803 1122 esse,
836 1066 909 1108 alii
940 1067 1093 1121 poetae
1126 1064 1231 1106 dant
1263 1059 1426 1106 ‘rursus
1458 1063 1709 1119 perplexum
1742 1063 1825 1105 iter
1852 1075 1896 1106 10

115 1153 240 1181 omne
272 1138 496 1181 revolvens
526 1138 694 1191 fallacis
724 1136 883 1192 silvae',
914 1140 962 1179 ut
985 1137 1117 1179 Nisus
1141 1150 1267 1190 usque
1299 1134 1447 1189 ‘quave
1477 1133 1643 1188 sequar'
1677 1135 1828 1176 dixisse

114 1211 312 1254 videatur.
1308 1201 1310 1203 ¹

232 1282 332 1324 391.
384 1298 501 1323 OBSER.
509 1298 606 1323 mm
637 1281 684 1323 id
712 1283 770 1323 est
799 1280 1026 1322 observaris.
1152 1295 1333 1322 SILENTIB
1342 1295 1384 1321 VS
1419 1292 1494 1332 pro
1526 1277 1633 1332 ‘ipse
1656 1276 1825 1320 sileus':

114 1356 189 1395 aut
219 1351 473 1404 esi'leutibus',
504 1355 552 1394 ut
582 1350 675 1406 <IV
707 1351 822 1406 525>
856 1365 960 1394 cum
993 1354 1120 1393 tacet
1150 1350 1308 1392 omuis
1339 1363 1462 1404 ayer.

234 1436 334 1478 392.
384 1446 526 1478 SIGNA
552 1446 839 1485 SEQVENTVM
872 1434 1104 1476 militarem
1137 1448 1291 1475 sonum
1317 1433 1438 1484 dicit,
1471 1432 1544 1488 qui
1571 1432 1712 1473 varius
1740 1434 1825 1473 est:
1855 1443 1897 1474 15

115 1523 217 1551 nam
237 1506 454 1550 interdum
474 1506 603 1561 canit,
621 1508 670 1548 ut
689 1497 970 1561 insequantur
990 1519 1063 1547 eos
1087 1505 1160 1560 qui
1180 1504 1366 1560 fugiunt,
1386 1503 1603 1546 interdum
1623 1504 1826 1558 receptui.

233 1590 331 1633 393.
381 1601 471 1632 NEC
504 1601 701 1632 LONGVM
732 1601 783 1631 111
814 1589 975 1631 MEmo'
1000 1576 1183 1631 TEMPVS
1222 1589 1336 1630 inter
1369 1587 1563 1630 auditum
1596 1602 1751 1630 sonum
1783 1589 1827 1629 et

114 1662 256 1704 visum
287 1661 536 1716 Euryalum.
587 1664 625 1703 et
653 1664 712 1703 est
741 1661 909 1715 eclipsis.

167 1796 170 1799 ‚
233 1743 331 1787 395.
380 1761 456 1786 ΜΛ
465 1761 541 1787 vnn
569 1761 658 1807 Loog
681 1762 733 1787 ET
757 1761 891 1798 ivocrzs
921 1742 1090 1797 ‘fraude
1121 1743 1220 1786 looi'
1253 1743 1496 1798 difficultate
1527 1742 1620 1794 loci,
1654 1741 1824 1784 ‘noctis’

110 1830 186 1870 pro
219 1815 389 1858 tenebris
419 1818 458 1857 et
486 1815 726 1858 obscuritate
753 1816 946 1869 fraudem
970 1815 1162 1869 appellat.
1212 1815 1384 1869 quidam
1416 1813 1560 1856 enoctis
1583 1814 1715 1856 subito
1741 1817 1824 1855 tur·
1851 1825 1896 1855 20

113 1888 233 1930 haute
264 1885 456 1929 tumultu'
490 1887 645 1942 lequut7
675 1889 722 1929 ut
750 1887 807 1929 sit
837 1885 983 1929 ‘noctis
1015 1885 1208 1929 tumultu’
1241 1889 1450 1940 nocturno.
1507 1886 1728 1928 tumultum
1759 1899 1825 1927 ex-

107 1959 370 2013 plorantium
400 1958 509 2000 dicit.

234 2027 332 2073 39'6.
383 2040 655 2072 OPPRESSVM
680 2040 818 2071 RAPIT
849 2029 922 2082 hoc
946 2032 1005 2071 est
1035 2028 1178 2084 ‘quem
1203 2028 1292 2070 iam
1318 2043 1471 2070 manus
1504 2028 1644 2070 omnis
1676 2027 1826 2083 rapit'3

114 2117 215 2144 nam
247 2101 359 2144 male
393 2101 567 2157 quidam
601 2100 741 2143 ‘videt
772 2098 886 2155 rapi'
921 2100 1152 2155 accipiunt:
1194 2100 1306 2155 quod
1346 2100 1383 2141 si
1416 2099 1660 2154 admiseris,
1697 2102 1825 2142 vacat

116 2173 274 2238 ‘quem‘
295 2173 383 2215 iam
414 2187 569 2214 manus
602 2171 775 2214 omnis'.
1849 2181 1894 2212 25

233 2257 331 2300 397.
383 2273 475 2304 QVID
507 2273 650 2299 FAOIAT
701 2256 805 2298 mire
835 2255 1040 2309 adfectum
1070 2268 1192 2298 suum
1215 2258 1339 2309 poeta
1369 2255 1621 2309 interposuit.

233 2340 331 2382 398.
382 2357 428 2383 nv
454 2354 606 2382 Hosrns
642 2340 812 2393 quidam
849 2338 916 2380 ein
947 2337 1079 2381 euses'
1120 2339 1256 2393 leyuut
1292 2342 1330 2380 et
1369 2338 1515 2380 melius
1553 2338 1626 2380 hoc
1658 2341 1823 2392 putarit,

113 2425 238 2465 quam
268 2411 315 2454 iu
344 2411 483 2454 hostes.

233 2482 332 2524 399
381 2493 634 2525 PVLCHRAM
678 2493 925 2525 PROPERET
970 2494 1057 2524 PER
1100 2492 1319 2524 VVLNERA
1362 2493 1561 2524 MORTEM
1604 2484 1680 2523 aut
1720 2482 1827 2529 deest

116 2552 279 2608 eadire'²
310 2556 386 2595 aut
413 2554 521 2596 deest
550 2541 659 2609 ad',
689 2557 737 2596 ut
765 2555 819 2596 sit
849 2552 927 2596 ‘ad
956 2557 1125 2596 mortem
1148 2552 1382 2607 properet':
1421 2556 1497 2595 aut
1525 2556 1627 2595 certe
1657 2553 1824 2607 antique
1849 2562 1894 2593 30

210 2686 233 2716 4
259 2693 297 2717 se
323 2682 483 2718 evasisse
508 2683 641 2728 scripsi
659 2694 676 2718 e
694 2683 801 2718 schol.
829 2682 976 2718 Verou.:
1004 2683 1166 2717 suasisse
1187 2681 1228 2717 F
1242 2683 1254 2728 ΙΙ
1274 2683 1323 2717 ad
1347 2694 1542 2718 mrssvnssns
1563 2693 1590 2717 3.
1611 2693 1643 2718 υ.
1670 2681 1822 2726 quidam

115 2729 306 2775 accipiunt
331 2729 441 2765 ualde
466 2729 628 2775 prudens
652 2730 684 2765 T
700 2732 713 2776 ΙΙ
731 2730 876 2775 pruden
895 2730 935 2764 F
951 2731 962 2775 ΙΙ
982 2734 1003 2765 5
1028 2729 1090 2766 vel
1109 2730 1261 2776 porcae]
1290 2730 1334 2765 de
1355 2730 1486 2775 portae
1506 2730 1545 2764 F
1561 2732 1573 2775 ΙΙ
1594 2734 1612 2765 7
1641 2728 1737 2764 dixit
1755 2729 1795 2763 F
1812 2729 1824 2775 Η

116 2783 135 2814 9
162 2789 360 2813 RESOLVENS
387 2790 522 2812 'rexmm
549 2790 672 2812 smus
692 2778 731 2812 F
747 2779 760 2824 11
778 2777 963 2822 Vrbanus]
991 2777 1143 2823 quidam
1163 2777 1204 2812 F
1219 2779 1231 2823 fl
1259 2781 1300 2812 11
1327 2777 1539 2822 revolvens]
1566 2777 1754 2812 resoluens
1774 2776 1820 2812 F.

115 2827 154 2861 et
188 2824 363 2870 deinceps
388 2835 415 2860 3.
441 2835 473 2860 υ.
501 2825 585 2860 add.
613 2825 625 2859 l
661 2826 674 2870 ΙΙ
710 2825 857 2860 fallacis
890 2825 1008 2860 silvae
1033 2836 1106 2870 pro
1132 2826 1292 2860 lemmate
1317 2826 1484 2860 exhibent
1508 2825 1729 2870 eaeemplarz'a
1755 2826 1822 2859 im-

109 2883 239 2918 pressa
257 2873 269 2919 ΙΙ
287 2882 554 2917 usquequaque
579 2871 719 2907 Daniel
737 2873 750 2917 ΙΙ
777 2876 819 2907 12
846 2871 1018 2907 videatur
1042 2872 1197 2908 Daniel:
1224 2873 1406 2908 audeatur
1433 2872 1478 2908 F.
1513 2884 1563 2907 ari
1588 2872 1786 2907 audiatur?

119 2925 160 2956 13
187 2921 235 2955 ad
261 2932 463 2955 OBSERVAiA
488 2930 514 2956 3.
535 2931 565 2954 v.
587 2931 653 2964 pro
681 2921 879 2955 obser-nans
906 2919 1003 2964 ipse,
1029 2921 1078 2955 ad
1104 2932 1304 2956 sxnnmmvs
1329 2931 1356 2955 3.
1377 2931 1408 2955 v.
1435 2930 1503 2965 pro
1523 2919 1602 2965 ipse
1623 2919 1736 2954 silens
1760 2920 1794 2953 Τ

116 2968 331 3014 observans]
360 2967 554 3003 obstruens
581 2966 621 3001 F
643 2968 654 3014 ΙΙ
687 2971 730 3002 14
757 2968 800 3002 ut
825 2967 956 3003 addidi
979 2968 991 3013 ΙΙ
1024 2971 1067 3003 16
1092 2967 1277 3014 receptui]
1304 2969 1476 3013 receptus
1502 2967 1636 3010 ASF,
1662 2968 1705 3002 ut
1729 2966 1821 3002 reci-

115 3015 265 3060 piantur
291 3014 430 3050 milites
455 3013 530 3060 ipsi
554 3015 639 3050 add.
668 3015 734 3049 Ml
752 3015 764 3060 ΙΙ
793 3018 835 3050 18
863 3016 901 3050 et
925 3016 982 3050 est
1008 3014 1148 3060 olypsis
1175 3014 1216 3050 F
1249 3016 1292 3050 ut
1317 3016 1375 3050 est
1400 3015 1531 3060 olipsis
1558 3015 1592 3050 G
1610 3017 1621 3060 ΙΙ
1649 3019 1690 3050 19
1717 3028 1821 3048 Νοαιι

118 3062 151 3097 G
169 3063 182 3107 ΙΙ
207 3066 252 3098 20
278 3063 544 3097 obscuritatem
570 3062 610 3097 F
626 3063 638 3108 ΙΙ
664 3066 707 3097 21
735 3062 900 3097 tumultu
926 3062 1149 3098 Masvicius:
1175 3062 1378 3097 tumultum
1405 3062 1444 3097 F
1459 3064 1472 3108 ss
1489 3061 1612 3098 noctis
1637 3061 1819 3097 tumultus

118 3109 156 3144 1
172 3111 184 3155 ΙΙ
202 3110 405 3144 tumultum
431 3110 464 3145 G
501 3110 666 3145 tumultu
693 3110 733 3144 F
748 3111 760 3155 ss
786 3113 830 3144 22
853 3113 937 3154 post
962 3109 1054 3146 dicit
1079 3110 1252 3145 lacunam
1276 3110 1456 3145 iudicavit
1480 3109 1628 3145 Daniel.
1668 3112 1820 3144 ceterum

117 3157 162 3199 cf.
188 3157 294 3192 schol.
329 3157 457 3192 Veron.
476 3158 488 3203 ΙΙ
520 3161 565 3192 24
591 3157 721 3192 uident
746 3157 786 3191 F
801 3158 814 3202 ΙΙ
838 3156 938 3202 rapit
962 3157 1011 3192 M
1024 3159 1036 3202 ΙΙ
1062 3157 1231 3192 amiseris
1256 3156 1387 3192 RLH
1408 3158 1420 3203 ΙΙ
1451 3160 1495 3193 26
1522 3159 1572 3193 ad
1595 3168 1627 3192 v.
1655 3160 1722 3190 397
1749 3156 1820 3190 hoe

117 3202 200 3239 loco
234 3203 323 3239 mire
356 3204 531 3239 affectum
562 3216 668 3240 suum
700 3203 905 3249 interponit
934 3205 1048 3250 poeta
1073 3206 1112 3240 et
1136 3216 1181 3240 ex
1206 3204 1489 3240 addubitatione
1521 3204 1575 3240 rei
1605 3205 1733 3238 mouet
1756 3213 1819 3248 pa.-

118 3249 203 3286 thos
232 3251 265 3285 T
281 3252 294 3297 ss
318 3251 508 3287 adfectum
534 3252 573 3287 F
590 3253 601 3298 ΙΙ
630 3256 675 3288 30
701 3251 805 3287 adire
831 3251 1090 3289 Commelinus:
1112 3252 1240 3288 audire
1266 3252 1307 3287 F
