2092 3614
268 687 288 718 5

246 1044 290 1075 10

245 1403 287 1433 15

243 1761 289 1792 20

244 2119 287 2150 25

319 277 407 318 244
1091 270 1252 318 SERVII

317 389 400 428 ita:
431 391 486 429 ut
513 388 638 430 idem
667 402 806 431 umor
834 382 1097 433 ministrat
1122 391 1303 443 faciles
1333 392 1514 445 oculos,
1540 392 1832 444 pulchriora
1862 393 2028 434 reddit

317 460 483 501 omnia
512 463 557 502 ct
585 461 746 503 dulcis
776 461 1003 504 iuventae
1032 462 1224 503 reducit
1253 461 1387 504 bona.
1911 517 1918 523 .

435 531 533 573 311.
584 542 876 583 CAPITVRQVE
919 544 1051 575 LOCIS
1097 532 1346 576 delectatur.
1477 551 1721 582 CAPITVRQVE
1758 535 1881 588 LOCIS]
1925 548 2027 577 nam

314 615 398 644 uno
431 602 513 644 loco
544 603 704 646 diutius
733 605 942 646 retinetur.

434 673 533 716 313.
582 686 807 717 ROMANAE
847 686 1088 717 cormrron
1126 686 1259 717 Ancls
1299 676 1495 718 conditor
1533 675 1765 732 Pallantei,
1801 677 1877 718 ubi
1912 691 2025 719 nunc

314 743 534 787 Palatium
574 749 657 787 est:
697 746 810 801 quod
841 760 928 787 non
961 749 1027 787 est
1058 760 1103 787 re
1135 761 1238 788 vera
1270 761 1363 798 arx,
1402 746 1475 788 sed
1507 749 1627 788 tenet
1657 761 1801 789 rerum
1833 748 2025 790 omnium

314 815 619 871 principatum.
680 820 718 858 et
752 817 818 859 hic
852 818 1054 859 subtiliter
1089 818 1249 859 videtur
1284 818 1519 872 siqniftcare
1549 817 1728 860 Romam
1768 819 1937 861 initium
1974 819 2026 861 ab

314 887 519 929 Euandro
551 889 702 930 ducere.

433 960 533 1002 314.
582 971 707 1002 HAEC
740 972 934 1003 NEMORA
965 971 1219 1002 INDIGENAE
1251 973 1395 1003 FAvm
1428 960 1713 1016 ‘indigenae',
1752 962 1796 1002 id
1829 964 1895 1003 est
1925 962 2023 1004 inde

317 1031 470 1085 geniti,
514 1027 805 1087 αὐτόχθονες.
873 1035 916 1073 et
965 1031 1184 1073 sciendum
1236 1033 1468 1074 secundum
1513 1032 1691 1075 Hesiodi
1741 1033 2023 1088 theogoniam

314 1102 455 1156 primo
491 1103 603 1144 'deos
647 1103 836 1158 genitos,
879 1103 979 1144 inde
1022 1103 1284 1158 hemitheOS,
1327 1106 1428 1158 post
1470 1104 1643 1159 heroas,
1685 1104 1784 1145 inde
1825 1104 2022 1147 homines

315 1173 588 1229 innocentes,
626 1175 803 1216 ultimos
843 1174 1094 1216 sceleratos:
1132 1189 1259 1229 quem
1299 1178 1343 1216 et
1379 1176 1450 1217 hic
1486 1190 1601 1217 nunc
1638 1176 1830 1218 ordinem
1870 1180 2023 1219 servat.

311 1258 428 1297 sane,
458 1247 565 1287 sicut
592 1260 722 1300 supra
748 1244 863 1301 <VII
881 1244 967 1299 48>
1000 1246 1154 1287 dictum
1184 1250 1258 1298 est,
1289 1247 1468 1289 Faunus
1495 1247 1586 1289 Pici
1614 1247 1730 1301 filius
1759 1248 1922 1301 dicimr,
1952 1249 2024 1301 qui

312 1330 339 1357 a
361 1317 510 1369 fando,
541 1318 650 1371 quod
670 1318 818 1370 futura
841 1317 1110 1372 praediceret,
1134 1318 1315 1360 Faunus
1340 1318 1568 1371 appellatus
1593 1321 1671 1360 est:
1702 1332 1875 1371 quorum
1899 1320 2023 1361 etiam

313 1402 510 1442 responsa
538 1389 786 1442 ferebantur.
834 1388 900 1430 hic
922 1387 1102 1430 Faunus
1126 1388 1313 1431 habuisse
1341 1389 1477 1443 filiam
1502 1390 1653 1431 dicitur
1677 1391 1851 1443 †omam
1875 1391 2023 1433 castita

313 1463 351 1501 et
379 1461 611 1514 disciplinis
641 1460 828 1502 omnibus
858 1460 1080 1514 eruditam,
1111 1474 1237 1513 quam
1267 1461 1456 1516 quidam,
1486 1461 1595 1514 quod
1623 1461 1788 1502 nomine
1818 1462 1901 1502 dici
1924 1476 2022 1514 pro-

311 1531 487 1574 hibitum
519 1532 675 1586 fuerat,
716 1531 886 1573 Bonam
917 1530 1054 1572 Deam
1084 1531 1334 1585 appellatam
1375 1532 1525 1574 volunt.
1586 1532 1658 1574 hos
1688 1533 1862 1575 Faunos
1898 1535 2022 1575 etiam

312 1603 473 1646 Fatuos
497 1597 654 1659 dicunt,
680 1604 790 1657 quod
810 1616 888 1656 per
912 1604 1116 1655 stuporem
1141 1603 1285 1644 divina
1304 1597 1584 1657 pronuntie'nt.
1626 1605 1796 1656 quidam
1821 1604 2022 1647 Faunum

311 1676 563 1729 appellatum
593 1661 735 1717 volunt
763 1688 855 1716 eum
883 1687 1001 1727 quem
1031 1687 1106 1716 nos
1129 1667 1361 1728 propitium
1390 1676 1575 1717 dicimus.

435 1747 534 1789 315.
583 1757 783 1795 TRVNcls
823 1758 881 1788 ET
919 1756 1046 1788 DVRo
1085 1756 1271 1788 ROBORE
1310 1757 1423 1787 NATI
1466 1746 1549 1788 hoe
1586 1746 1841 1801 figmentum
1881 1749 2023 1789 ortum

315 1820 382 1860 est
414 1833 463 1860 ex
496 1818 674 1874 antiqua
705 1818 928 1859 hominum
960 1816 1247 1872 habitatione,
1284 1818 1356 1872 qui
1388 1820 1487 1858 ante
1519 1818 1656 1859 factas
1690 1817 1839 1860 domos
1871 1821 1947 1859 aut
1977 1819 2022 1860 in

313 1889 430 1931 cavis
463 1890 689 1932 arboribus
722 1891 797 1931 aut
828 1888 874 1930 in
906 1887 1124 1943 speluncis
1157 1888 1404 1930 manebant.
1454 1889 1528 1943 qui
1553 1903 1649 1930 cum
1677 1889 1826 1931 exinde
1853 1889 2023 1945 egrede-

312 1963 462 2002 rentur
494 1964 570 2003 aut
601 1975 723 2002 suam
756 1960 984 2002 educerent
1016 1959 1228 2014 subolem,
1261 1959 1363 2001 dicti
1395 1963 1496 2001 sunt
1527 1960 1624 2002 inde
1655 1961 1884 2015 procreari.
2023 2013 2027 2016 η

433 2033 533 2075 316.
580 2044 738 2083 NEQVE
772 2042 952 2074 CVLTVS
984 2043 1105 2073 ERAT
1143 2031 1186 2072 id
1218 2034 1286 2072 est
1316 2031 1482 2072 nullam
1515 2033 1581 2074 sui
1614 2047 1759 2073 curam
1790 2032 2022 2074 habebant.

313 2105 393 2146 alii
435 2105 493 2146 ad
533 2104 722 2146 animum
764 2104 968 2156 referunt,
1011 2106 1059 2143 ut
1099 2102 1327 2144 Sallustius
1368 2103 1559 2145 indocti
1599 2104 1885 2156 incultique.
1945 2104 2023 2145 alii

409 2214 430 2244 3
458 2221 606 2244 cnrrvn
631 2207 855 2253 delectatur]
883 2207 928 2243 cf.
950 2208 1044 2242 Non.
1071 2220 1105 2252 p
1128 2211 1273 2252 253,12
1295 2208 1342 2243 M.
1362 2210 1375 2253 ss
1400 2212 1420 2242 9
1447 2208 1646 2253 indigenae
1673 2237 1680 2245 .
1703 2235 1710 2241 .
1733 2236 1740 2242 .
1768 2204 2020 2254 αὐτόχθονες]

315 2257 360 2293 cf.
391 2257 476 2292 Isid.
504 2268 555 2293 or.
581 2256 633 2291 IX
652 2260 686 2300 4,
707 2260 752 2291 39
779 2259 817 2290 et
841 2255 874 2290 X
895 2259 983 2298 1473
1010 2266 1142 2290 comm.
1171 2236 1258 2291 L’uc.
1285 2254 1318 2289 II
1340 2259 1409 2290 432
1428 2257 1441 2300 ΙΙ
1459 2259 1504 2291 20
1530 2256 1601 2290 hoe
1625 2255 1843 2301 figmentum
1869 2266 1899 2290 e.
1921 2267 1954 2300 q.
1975 2255 2019 2301 e.]

314 2306 359 2341 of.
386 2304 490 2340 Luct
517 2304 617 2340 Plac.
643 2283 693 2339 ad
718 2303 812 2339 Stat.
840 2302 955 2338 Theb.
982 2303 1033 2338 IV
1059 2306 1128 2338 276
1152 2304 1165 2348 ΙΙ
1194 2306 1239 2337 25
1267 2302 1482 2349 Sallustius]
1509 2302 1587 2339 Cat
1615 2306 1647 2348 2,
1674 2306 1695 2337 8

392 2375 429 2435 1
462 2375 573 2436 idem
593 2410 700 2434 umor
732 2399 940 2433 Masvicius
971 2409 1015 2432 cx
1046 2398 1198 2444 Ryckii,
1229 2401 1271 2432 ut
1295 2398 1537 2433 Burmannus
1567 2399 1762 2443 opinatur,
1794 2399 2018 2434 coniectwra:

313 2447 413 2482 idem
446 2447 555 2482 uinor
579 2447 619 2482 F
659 2446 759 2481 idem
785 2445 904 2481 amori
931 2446 965 2480 Τ
1002 2446 1076 2491 (sed
1107 2445 1225 2480 amori
1255 2457 1379 2481 moneo
1410 2446 1456 2480 ab
1488 2446 1610 2481 eadem
1639 2457 1754 2481 manu
1783 2457 1900 2491 supra
1929 2456 2017 2481 vers

313 2496 490 2539 scriptum
515 2498 548 2529 ct
572 2507 590 2529 r
616 2495 757 2529 litterae
786 2486 942 2537 formam
967 2494 1045 2528 eius
1068 2493 1221 2528 similem
1245 2504 1316 2528 esse
1340 2505 1413 2538 qua
1436 2493 1541 2528 hodie
1567 2493 1669 2528 Galli
1692 2494 1885 2528 scribentes
1909 2497 2019 2528 utun-

312 2544 388 2588 tur)
427 2542 556 2577 vinum
584 2542 710 2586 (deleto
734 2540 849 2585 idem)
875 2540 1055 2576 Heinsius
1092 2539 1129 2574 id
1164 2542 1202 2575 et
1232 2540 1270 2574 in
1302 2541 1389 2575 vino
1422 2542 1479 2576 est
1502 2540 1690 2575 Bentleius
1715 2542 1765 2576 ad
1789 2541 1882 2576 Hor.
1908 2551 2018 2576 earm.

312 2589 365 2624 III
383 2593 440 2634 21,
464 2594 518 2625 13.
551 2590 597 2632 cf.
618 2589 733 2624 Hertz
757 2589 856 2624 anal.
878 2589 928 2624 ad
952 2599 1062 2623 carm.
1083 2588 1217 2624 Horat.
1237 2589 1318 2623 hist.
1338 2588 1392 2622 Ill
1404 2599 1445 2633 p.
1467 2592 1510 2627 11
1532 2589 1655 2623 adnot.
1674 2591 1694 2623 5
1713 2590 1726 2635 u
1743 2588 1932 2633 pulcriora
1950 2588 1991 2622 F
2005 2588 2019 2635 ΙΙ

312 2641 333 2672 3
361 2638 411 2673 ad
435 2649 581 2672 cAm'rvR
604 2647 705 2681 supr.
724 2647 814 2671 vers.
841 2636 1052 2671 delectatur
1077 2635 1216 2670 diutius
1241 2636 1391 2670 tenetur
1413 2635 1446 2669 T
1461 2637 1475 2680 ΙΙ
1493 2635 1717 2682 delectatur]
1743 2636 1909 2671 locorum
1934 2635 2017 2680 pul-

312 2684 522 2720 chritudine
548 2684 633 2719 add.
661 2683 862 2718 Fabricius
885 2684 899 2728 ΙΙ
929 2684 1033 2729 nam]
1059 2683 1099 2717 id
1123 2685 1181 2718 est
1205 2694 1291 2717 nam
1317 2683 1358 2717 F
1383 2685 1396 2728 ss
1427 2686 1448 2717 5
1474 2683 1639 2728 pallante
1664 2682 1738 2718 AS
1744 2683 1790 2717 H
1810 2684 1915 2728 (corr.
1941 2684 1978 2727 a)
2000 2681 2014 2729 ΙΙ

312 2737 333 2767 6
360 2732 525 2767 omnium
549 2742 671 2766 rerum
697 2730 738 2764 F
753 2732 764 2776 ΙΙ
791 2734 835 2765 10
861 2730 1104 2775 theogoniam
1130 2730 1171 2765 F
1205 2729 1423 2776 teugoniam
1447 2730 1483 2765 L
1521 2729 1765 2776 theugoniam
1789 2729 1847 2765 H:
1873 2730 2017 2765 theolo-

311 2780 413 2826 giam
444 2779 581 2815 ΑΕΒΖ
622 2776 903 2822 theologoniam
937 2779 986 2812 M
1028 2777 1051 2813 i.
1085 2789 1116 2813 e.
1148 2777 1285 2812 librum
1320 2778 1365 2812 de
1400 2788 1534 2823 genere
1565 2778 1717 2831 deorum
1748 2788 1925 2823 superscr.
1957 2778 1971 2812 l
2005 2776 2018 2824 Η

314 2832 355 2862 11
384 2827 567 2862 emitheos
593 2826 682 2862 libri
698 2827 712 2871 1]
732 2829 775 2859 12
799 2824 934 2859 ultimo
960 2825 1033 2860 AS
1051 2827 1063 2871 ΙΙ
1082 2827 1120 2860 et
1144 2825 1221 2871 hic]
1250 2824 1338 2859 hinc
1363 2825 1406 2859 H
1421 2826 1433 2871 ΙΙ
1452 2826 1502 2861 ad
1524 2837 1556 2861 v.
1583 2825 1669 2860 314
1677 2826 1720 2860 in
1743 2835 1858 2870 mary.
1882 2824 2017 2860 faunus

312 2885 335 2909 a
358 2874 472 2910 fando
505 2875 627 2909 dictus
660 2873 761 2919 quod
793 2872 939 2907 scilicet
969 2872 1095 2907 futura
1124 2873 1358 2926 praediceret
1382 2874 1485 2908 cuius
1510 2883 1687 2918 responsa
1710 2871 1933 2907 ferebantur.
1978 2873 2017 2906 et

311 2920 444 2957 faunos
462 2922 549 2957 inde
569 2919 717 2966 genitos
737 2920 858 2955 dictos
877 2919 1011 2954 uolunt
1030 2919 1136 2963 quasi
1155 2920 1279 2954 fatuos
1300 2921 1398 2965 quod
1424 2931 1492 2965 per
1515 2921 1705 2965 stuporem
1731 2918 1866 2954 mentis
1889 2918 2016 2954 futura

309 2969 554 3014 pronuntient
582 2969 615 3003 T
646 2970 658 3015 ΙΙ
691 2971 735 3003 14
760 2966 932 3013 quorum]
958 2967 984 3001 i.
1011 2977 1038 3001 e.
1063 2967 1147 3001 Pici
1172 2971 1204 3002 et
1229 2967 1360 3002 Fauni
1390 2969 1402 3014 [Ι
1434 2971 1477 3002 15
1503 2967 1621 3002 filium
1646 2967 1696 3010 F,
1721 2977 1812 3002 corr.
1838 2965 1978 3001 Daniel
2003 2967 2016 3013 Η

310 3027 397 3052 oma.
417 3017 553 3051 castita
566 3016 606 3050 F
634 3016 800 3051 Faunam
821 3014 994 3050 castitate
1014 3014 1194 3049 Heinsius
1226 3015 1362 3049 bonam
1383 3014 1558 3049 castitate
1576 3014 1819 3049 Burmannus
1849 3012 2014 3052 omnium

310 3064 556 3100 castissimam
580 3063 786 3099 Masvicius
822 3061 992 3104 Romam,
1011 3060 1186 3096 castitate
1204 3061 1418 3097 Bursianus
1437 3062 1548 3096 Liter.
1571 3061 1766 3096 Centralbl.
1784 3063 1874 3095 1859
1889 3072 1929 3105 p.
1945 3064 2013 3095 609

310 3114 354 3156 cf.
376 3113 426 3148 ad
445 3112 535 3147 Aen.
556 3110 573 3144 I
593 3114 661 3146 273
682 3115 714 3146 et
733 3114 814 3146 277.
841 3120 986 3144 summa
1010 3108 1182 3143 castitate
1208 3109 1400 3143 Iordanus
1424 3109 1581 3152 (Preller
1600 3107 1721 3144 Roem.
1742 3107 1895 3154 Mythol.
1919 3109 1971 3145 ed.
1993 3112 2013 3142 3

305 3171 343 3204 Ρ.
365 3163 435 3195 400
454 3159 576 3195 adnot
601 3160 634 3203 1)
655 3159 667 3204 ΙΙ
688 3162 730 3193 17
753 3159 888 3193 bonum
913 3156 954 3191 F
968 3157 981 3203 ΙΙ
998 3155 1111 3191 fauno
1131 3159 1163 3190 et
1182 3155 1285 3190 fatuo
1306 3155 1347 3190 F
1361 3157 1374 3200 ΙΙ
1392 3159 1439 3190 20
1457 3155 1565 3201 nvnc]
1586 3168 1697 3190 nvpro
1717 3155 1750 3188 L
1758 3155 1797 3189 Η
1815 3157 1828 3200 ΙΙ
1846 3167 1935 3190 NATA
1947 3155 1984 3189 R
2001 3156 2005 3244 ξ

307 3206 544 3252 figmentum]
570 3205 811 3240 Homericum
837 3206 895 3240 est
918 3205 957 3239 et
981 3204 1066 3239 add.
1086 3202 1288 3238 Fabricius
1306 3204 1318 3247 ΙΙ
1337 3202 1476 3248 ortum]
1498 3207 1609 3237 nat-us
1629 3202 1669 3237 F
1684 3204 1697 3247 ΙΙ
1716 3206 1760 3237 21
1782 3202 1914 3237 domus
1935 3203 1985 3237 M

308 3258 352 3290 23
369 3256 578 3291 sobolemA
588 3254 616 3288 S
623 3253 717 3288 ΒΜ
723 3253 764 3288 Ε
779 3254 791 3299 ΙΙ
809 3250 1132 3297 procreanASM
1137 3249 1177 3285 F
1192 3251 1205 3295 ΙΙ
1223 3253 1269 3285 24
1282 3250 1415 3286 suiom.
1426 3251 1469 3284 M
1491 3251 1503 3296 ΙΙ
1521 3254 1566 3285 25
1577 3250 1742 3286 feruntG
1760 3251 1773 3295 ss
1791 3250 1967 3285 salustius
