2092 3614
550 273 700 309 coMM.
728 274 780 309 IN
806 274 948 310 vene.
976 275 1087 311 AEN.
1113 277 1164 311 xi
1191 255 1390 312 454—467.
1737 277 1826 320 535

231 382 331 425 463.
381 394 561 425 ARMARI
592 394 734 426 EDIOE
766 385 907 441 figura
939 387 1020 440 est,
1061 385 1128 427 dic
1160 388 1208 427 ut
1239 388 1479 428 armentur:
1516 383 1681 428 verbam
1709 387 1826 429 verbo

112 454 261 505 {aazia
292 457 341 496 at
370 454 419 510 <1
448 454 532 509 79>
566 458 615 496 ta
646 456 734 498 das
765 457 926 511 epulis
956 457 1236 499 accumbere
1267 459 1444 500 divum.
1499 457 1647 500 ‘edice’
1680 460 1824 500 autem

111 525 264 579 plenus
297 527 364 568 est
396 526 696 581 imperativus3
727 542 828 569 nam
862 529 916 570 ab
949 528 1142 570 omnium
1176 529 1531 584 coniugationum
1558 529 1728 572 infinito
1756 530 1824 571 de-

110 597 252 638 tracta
290 595 366 639 ‘re'
405 597 559 639 ultima
603 598 770 652 syllaba
800 599 849 640 fit
880 600 1182 655 imperativus,
1222 604 1271 642 ut
1302 599 1464 642 ‘amare
1497 601 1622 656 ama’,
1658 600 1822 644 edocere

111 666 244 721 doce',
277 667 436 724 ‘legere
468 667 592 724 lcge’,
625 668 789 711 ‘audire
820 669 948 713 audi'.
992 685 1088 713 cum
1115 673 1260 712 autem
1288 656 1384 714 ‘'fac'
1410 672 1478 713 vel
1505 671 1602 714 ‘dic’
1629 672 1822 728 dicimus,
1849 682 1869 712 5

109 753 329 794 apocopen
361 740 492 782 verba
523 741 749 796 patiuntur
779 756 829 784 ex
860 741 977 796 ‘face'
1012 741 1140 784 ‘diee’.
1191 744 1404 796 conposuit
1433 742 1581 785 ‘edice'.
1630 758 1821 798 expressa

107 813 244 852 autem
272 811 512 863 festinantis
543 813 687 867 oratio,
717 814 817 866 qaia
846 813 1037 855 Tamum
1061 827 1146 856 non
1163 815 1378 867 praedixit
1403 815 1644 857 locatarum.
1736 827 1819 857 MA-

106 893 259 924 NIPLIS
299 897 368 924 ars
407 883 581 938 quidem
620 883 822 938 exigebat
859 886 908 926 ut
948 884 1060 926 ema'
1093 885 1274 927 haberet
1305 888 1546 928 accentum:
1586 885 1674 928 ‘ni'
1707 887 1819 929 enim

106 952 237 1008 longa
269 953 443 1009 quidem
475 957 561 1010 est,
595 955 668 997 sed
701 955 752 997 ex
783 958 906 997 muta
937 958 980 998 et
1010 956 1191 1012 liquida:
1225 957 1338 1012 quod
1366 957 1564 1012 quotiens
1590 958 1658 1012 fit⁷
1689 959 1820 1000 tertia

103 1024 263 1078 syllaba
294 1040 320 1067 a
351 1025 435 1068 fine
467 1026 648 1067 sortitur
680 1029 915 1082 accentum,
947 1031 995 1070 ut
1027 1027 1251 1071 ‘latebrae’
1286 1028 1534 1071 ‘tenebrae'.
1596 1032 1743 1072 tamen
1775 1031 1820 1072 in
1846 1038 1891 1069 10

105 1094 187 1138 hoc
219 1109 417 1138 sermone
448 1098 498 1138 ut
530 1098 716 1140 secunda
749 1113 774 1140 a
805 1099 890 1140 fine
923 1101 1145 1141 accentum
1176 1099 1338 1142 habeat
1364 1115 1466 1142 usus
1499 1101 1700 1144 obtinuit.

103 1177 327 1209 MANIPLIS
363 1167 594 1223 signiferis,
627 1169 699 1224 qui
726 1170 958 1212 secundum
985 1171 1211 1226 antiquum
1237 1186 1400 1214 morem
1426 1172 1472 1214 in
1498 1173 1668 1228 legione
1695 1176 1820 1216 erant

102 1237 303 1293 triginta:
343 1239 457 1294 legio
494 1242 637 1282 autem
670 1241 861 1284 habebat
892 1242 1039 1284 decem
1072 1243 1290 1299 cohortes,
1329 1243 1555 1299 sexaginta
1588 1246 1818 1298 centurias,

102 1308 203 1350 licet
239 1308 285 1350 in
323 1309 392 1351 his
431 1311 560 1352 rebus
600 1326 773 1354 accessu
810 1314 1020 1369 temporis
1061 1314 1215 1357 ducum
1255 1315 1445 1357 varietas
1478 1330 1649 1371 semper
1680 1319 1817 1360 muta-

102 1369 215 1422 vsserit
246 1381 429 1424 militiae
461 1381 747 1437 disciplinam.
1844 1396 1888 1428 15

218 1452 318 1495 464.
367 1464 577 1503 EQVITEM
608 1466 845 1499 MESSAPVS
878 1469 925 1498 m
958 1463 1096 1500 ARMIS
1129 1460 1189 1499 'ET
1223 1469 1317 1500 CVM
1350 1470 1532 1500 FRATRE
1561 1470 1707 1502 coRAs
1734 1471 1815 1502 LA-

101 1535 174 1566 'r1s
206 1535 498 1566 mFFVNDrrE
533 1536 700 1569 CAMPIS
742 1527 946 1583 ‘equitem
984 1528 1030 1570 in
1068 1528 1229 1584 armis'‚
1266 1529 1310 1571 id
1342 1531 1410 1571 est
1441 1533 1674 1587 armatum3
1712 1545 1814 1574 nam

99 1595 240 1650 figura
271 1599 350 1638 est.
395 1595 655 1652 ‘Messapus'
688 1601 834 1640 autem
859 1601 909 1640 ut
934 1599 1106 1654 diceret,
1139 1600 1297 1643 vitavit
1323 1596 1679 1656 ὁμοιοτέλευτονε
1711 1617 1812 1645 nam

99 1666 304 1709 vitiosum
337 1670 430 1710 erat
463 1667 837 1727 ‘Voluse'fedice’
871 1669 1114 1726 ‘Messape'.
1170 1685 1272 1728 ergo
1306 1671 1563 1727 ‘Messapus’
1596 1675 1672 1715 aut
1702 1675 1812 1716 anti-

97 1752 207 1793 quus
239 1739 466 1781 vocativus
500 1742 577 1794 est,
608 1742 658 1782 ut
684 1740 821 1795 <VIII
844 1741 928 1796 77>
955 1741 1299 1798 Hesperidum
1331 1743 1530 1786 fluvius
1562 1748 1810 1801 regnator
1836 1756 1881 1788 20

98 1823 362 1865 aquarum,
406 1810 510 1852 item
549 1810 663 1865 <XII
699 1812 812 1867 192>
858 1827 1001 1855 socer
1045 1829 1184 1856 arma
1221 1813 1438 1857 Latinus
1482 1815 1690 1859 habeto:
1735 1821 1810 1860 aut

97 1883 210 1923 certe
242 1881 539 1924 nominativus
573 1885 639 1924 est
670 1898 748 1938 pro
776 1884 985 1927 vocativo.
1042 1899 1303 1941 quamquam
1334 1886 1475 1941 possit
1506 1887 1638 1930 etiam
1670 1889 1808 1931 nomi-

94 1951 267 1994 nativus
300 1966 407 2008 esse‚
439 1956 488 1995 ut
520 1954 577 1996 sit
603 1953 844 2010 ‘Messapus
877 1958 921 1998 et
947 1955 1082 1999 Coras
1115 1957 1305 2012 equitem
1331 1958 1573 2001 diffundite'
1606 1974 1684 2014 pro
1711 1959 1806 2002 ‘dif-

96 2022 317 2066 fundant':
345 2024 502 2067 'melior
534 2027 680 2069 tamen
713 2029 778 2069 est
811 2041 963 2070 sensus
995 2028 1202 2083 superior.

211 2095 312 2137 465.
363 2106 458 2138 CVM
495 2108 675 2140 FRATRE
716 2109 861 2141 CORAS
901 2099 1066 2142 scilicet
1104 2098 1285 2156 Catillo,
1328 2115 1429 2143 nam
1466 2101 1649 2158 legimus
1689 2102 1875 2158 <V1125

94 2165 209 2220 672>
244 2165 571 2223 Catillusque
605 2184 823 2225 acerque
856 2169 1031 2226 Coras,
1065 2171 1260 2228 Argiva
1292 2172 1546 2215 iuventus.

210 2237 310 2279 467.
361 2250 454 2289 QVA
486 2250 617 2282 IVSSO
649 2255 727 2296 pro
762 2240 862 2297 equa
892 2241 1091 2285 iussero':
1124 2245 1167 2285 et
1199 2245 1266 2285 est
1299 2244 1534 2299 antiquum.

186 2418 207 2448 2
235 2413 337 2448 edice
363 2415 489 2450 autem
517 2444 524 2451 .
546 2444 553 2452 .
575 2443 583 2451 .
611 2416 823 2464 patiuntur]
850 2417 896 2454 cf.
924 2417 1015 2455 Don.
1045 2419 1092 2454 ad
1119 2419 1200 2455 Ter.
1227 2419 1385 2466 Adelph.
1413 2421 1462 2456 III
1488 2425 1522 2467 4,
1549 2427 1592 2458 36
1613 2425 1624 2469 Η
1657 2428 1701 2460 27
1730 2438 1799 2465 QVA

120 2488 127 2496 .
151 2490 158 2496 .
186 2460 398 2509 antiquum]
427 2463 472 2499 cf.
499 2462 582 2499 Sen.
610 2475 667 2509 ep.
694 2464 743 2500 VI
770 2469 803 2510 6,
829 2470 851 2501 4
1831 2498 1833 2501 «

185 2630 202 2661 1
230 2628 388 2673 figurate
415 2628 508 2664 dicit
533 2624 575 2666 ut
599 2632 790 2667 armentur
815 2632 851 2667 R
871 2634 882 2679 ΙΙ
902 2632 979 2679 dic]
1007 2633 1110 2669 dicta
1135 2634 1181 2669 H
1213 2635 1295 2670 edic
1322 2635 1363 2670 F
1397 2637 1541 2672 edicere
1571 2637 1605 2672 G
1624 2640 1635 2684 ΙΙ
1655 2650 1797 2674 armen-

87 2676 168 2710 tum
190 2674 256 2721 F'ss
277 2679 296 2711 3
323 2686 410 2710 nam
429 2676 469 2710 in
489 2678 654 2713 omnium
675 2678 979 2725 coniugationum
1007 2681 1130 2716 uerbis
1155 2682 1300 2718 infinito
1319 2684 1429 2719 modo
1450 2685 1604 2720 detrahe
1624 2686 1797 2722 ultimam

87 2722 273 2767 syllabam
299 2724 337 2758 et
362 2723 454 2758 facit
478 2724 722 2770 imperatiuus
749 2727 790 2761 F
805 2729 817 2773 ΙΙ
848 2732 870 2762 4
898 2728 967 2763 ‘re'
995 2728 1148 2776 ultima]
1174 2741 1240 2765 om.
1267 2731 1363 2765 HM
1378 2732 1390 2776 ΙΙ
1423 2736 1442 2767 6
1470 2732 1529 2778 ex]
1557 2734 1596 2768 et
1622 2733 1654 2767 G
1673 2734 1686 2779 ΙΙ
1711 2745 1796 2770 con-

86 2770 212 2815 posuit
238 2770 278 2804 F
319 2771 520 2816 nonposuit
547 2772 581 2807 G
626 2785 710 2808 cum
741 2775 869 2819 posuit
893 2776 1040 2811 Daniel.
1085 2777 1170 2820 fort.
1197 2779 1432 2823 conpositum
1463 2781 1521 2814 est
1557 2781 1568 2825 Η
1606 2782 1794 2828 expressa]

87 2817 270 2862 expressit
308 2828 480 2863 expresso
514 2819 554 2854 F
598 2821 780 2866 expressit
811 2833 983 2867 expressa
1013 2824 1152 2860 Daniel
1196 2827 1391 2871 (expressit
1425 2828 1491 2862 del.
1527 2828 1747 2873 Masvicius)
1785 2829 1796 2875 j!
1849 2848 1854 2852 ·

89 2868 108 2900 ‘1
134 2866 260 2900 autem
287 2876 353 2900 om.
372 2867 577 2902 Masvicius
597 2869 608 2913 ΙΙ
628 2868 715 2912 quia
739 2870 888 2913 scripsi:
915 2881 990 2915 qua
1011 2871 1049 2905 F
1065 2872 1078 2917 ΙΙ
1097 2875 1117 2907 8
1138 2872 1288 2907 exiebat
1307 2874 1396 2908 HF
1411 2875 1422 2920 ΙΙ
1441 2875 1495 2921 ni]
1523 2886 1589 2910 nos
1608 2875 1649 2910 F
1664 2877 1676 2922 ss
1696 2876 1795 2912 enim

85 2922 152 2947 om.
167 2912 308 2947 BHM
323 2914 334 2959 ΙΙ
361 2918 381 2948 9
409 2914 459 2949 sit
477 2915 549 2949 AS
568 2916 579 2961 ΙΙ
609 2919 648 2950 12
675 2927 838 2951 mirus
866 2945 873 2952 .
895 2946 902 2953 .
925 2946 932 2953 .
961 2918 1197 2964 disciplinam
1223 2931 1289 2957 om.
1305 2921 1345 2955 F
1360 2922 1372 2967 ΙΙ
1394 2926 1436 2957 13
1463 2922 1628 2958 habebat
1647 2934 1713 2959 om.
1729 2924 1765 2959 R
1784 2924 1796 2970 Η

86 2960 257 2995 cohortes
282 2961 411 2996 decem
431 2962 504 2996 AS
530 2963 739 3007 (duodecim
760 2965 797 3008 a)
831 2966 974 3009 septem
995 2966 1168 3002 cohortes
1188 2967 1285 3003 ΒΜ
1312 2982 1380 3004 vm
1407 2969 1579 3005 cohortes
1598 2971 1643 3005 H
1658 2972 1670 3018 ΙΙ
1689 2983 1792 3007 sexa-

85 3006 206 3063 ginta]
233 3007 295 3042 uel
321 3009 571 3054 quadraginta
595 3021 772 3055 super-ser.
798 3023 822 3046 a
854 3013 866 3056 ΙΙ
898 3013 1066 3049 centuria
1091 3015 1164 3050 AS
1188 3015 1292 3060 (corr.
1320 3018 1357 3060 a)
1390 3017 1402 3062 Η
1435 3020 1478 3052 18
1503 3017 1697 3064 Messapus
1724 3047 1731 3054 .
1754 3047 1761 3054 .

86 3053 386 3102 ομοιοτέλευτον]
423 3058 577 3100 fortasse
610 3058 707 3093 inter
744 3058 885 3094 diceret
921 3063 954 3095 et
988 3061 1123 3098 vitavit
1153 3063 1331 3108 quaedam
1362 3064 1644 3110 interciderant,
1681 3067 1793 3102 velati

86 3100 198 3136 metri
221 3103 425 3139 necessitas
451 3104 541 3140 tecit
567 3107 619 3149 et,
646 3109 688 3141 ut
705 3106 891 3141 scribatur
910 3106 957 3142 M.
979 3119 1009 3143 a.
1032 3121 1066 3144 u.
1089 3110 1123 3144 d.
1144 3110 1256 3145 metri
1280 3111 1482 3147 necessitas
1507 3112 1607 3148 fecit.
1647 3115 1685 3148 et
1704 3126 1736 3150 v.
1758 3111 1790 3149 ὁ.

81 3149 201 3192 possis
219 3153 252 3184 et
274 3149 495 3197 ‘Messapus'
518 3154 643 3188 autem
664 3152 820 3188 dicendo
841 3152 978 3190 vitavit
996 3156 1007 3202 ΙΙ
1031 3160 1071 3192 19
1092 3157 1229 3202 uolupe
1252 3156 1291 3191 F
1306 3159 1318 3203 ΙΙ
1338 3162 1381 3193 22
1404 3159 1577 3195 uocatiuo
1599 3161 1641 3194 ut
1660 3172 1790 3205 quam-

85 3207 197 3240 quam
218 3196 258 3230 F
273 3197 286 3242 ΙΙ
305 3201 348 3233 ’23
375 3198 572 3235 diffundite
598 3212 664 3245 pro
690 3211 756 3235 om.
778 3200 817 3235 F
833 3202 844 3247 ΙΙ
864 3205 910 3236 24
936 3213 1064 3246 sensus
1084 3206 1142 3239 est
1160 3205 1280 3239 ΑΒΓ
1296 3207 1307 3251 ΙΙ
1327 3209 1373 3240 25
1393 3217 1476 3241 cum
1497 3207 1624 3242 catillo
1645 3208 1760 3244 ASR
1781 3210 1790 3255 ΙΙ

86 3243 199 3280 catilo
226 3244 270 3279 H
304 3246 418 3282 catoli
444 3246 483 3281 F
505 3248 516 3293 ΙΙ
548 3252 592 3283 26
619 3247 826 3292 catilusque
852 3249 898 3283 H
931 3250 1120 3296 catiluque
1147 3252 1187 3287 F
1212 3253 1223 3299 ΙΙ
1256 3256 1299 3287 27
1326 3264 1394 3298 pro
1420 3265 1486 3289 om.
1507 3255 1580 3289 AS
1587 3254 1627 3289 F
