2092 3614
525 228 674 290 colun.
700 254 754 289 IN
779 250 921 289 vene.
948 250 1059 287 AEN.
1086 250 1172 286 v111
1199 254 1399 287 542—553.
1717 248 1802 290 277

96 365 322 421 significat.
385 363 591 407 ‘exortem’
623 366 776 418 autem,
807 365 855 405 ut
884 360 1102 416 ‘eocleyem’.
1161 363 1199 402 ct
1227 360 1349 402 multi
1379 359 1451 402 hoc
1482 359 1564 402 loco
1595 358 1804 414 reprehen-

96 437 202 479 dunt
238 436 479 491 Veryilium,
515 436 638 490 quod,
676 448 769 477 cum
841 433 1027 494 Aeneam
1062 432 1209 486 ubique
1241 431 1480 486 pontificem
1523 431 1723 486 ostendat,
1767 433 1806 473 et
1839 483 1841 485 q

79 501 352 562 'pontificibus
381 522 465 550 non
497 508 616 550 liccat
644 521 742 561 equo
773 505 878 560 vehi,
909 506 981 548 sed
1008 518 1151 559 curru,
1182 503 1289 546 sicut
1317 506 1355 544 et
1383 503 1431 544 in
1460 502 1628 556 septimo
1659 501 1804 556 <280>

93 593 121 620 a
143 578 297 621 Latino
321 580 359 621 ei
383 592 551 621 currum
576 578 750 620 missum
775 577 891 632 dicit,
921 590 995 619 cur
1018 575 1084 617 hic
1109 588 1207 629 equo
1232 588 1324 616 eum
1348 587 1470 616 usum
1492 574 1639 626 faciat,
1671 575 1807 617 dicens

93 648 262 692 ‘ducunt
302 653 479 693 exortem
515 649 694 703 Aeneae,
741 662 859 702 quem
899 647 1018 701 fulva
1062 646 1188 689 leonis
1224 645 1350 700 pellis
1393 645 1476 687 obit
1518 648 1645 687 totum
1680 659 1802 699 prae·
1829 650 1850 683 5

90 721 252 776 fulyens
282 722 489 776 unquibus
519 719 671 763 aureis'
704 721 801 762 item
832 718 977 774 <585>
1014 718 1192 772 ‘iamque
1222 717 1320 759 adeo
1351 717 1507 759 exierat
1530 717 1665 770 portis
1695 717 1804 770 equi-

93 795 202 835 tatus
244 793 396 850 apertis
439 792 601 834 Aeneas
644 792 751 834 inter
787 789 984 846 primos'.
1045 790 1162 832 cuius
1204 789 1266 830 rei
1307 787 1405 830 haec
1446 789 1632 831 redditur
1674 788 1804 830 ratio:

90 864 275 906 Aeneam
306 878 391 906 non
423 852 584 912 tantum
607 862 815 918 pontificii
844 862 969 917 iuris,
1006 861 1078 903 sed
1106 860 1291 903 omnium
1321 873 1533 902 sacrorum
1563 863 1602 901 et
1622 860 1806 913 peritum

90 937 128 977 et
149 935 339 989 primum
362 935 507 988 fuisse,
535 935 760 990 Veryilium
785 937 922 976 autem
947 934 1113 975 inventa
1138 932 1344 975 occasione
1368 932 1496 974 ritum
1515 931 1806 974 Romanarum

90 1007 436 1050 caerimoniarum
467 1021 673 1062 eocponere.
734 1007 882 1048 etenim
917 1006 1039 1048 veteri
1068 1017 1280 1047 sacrorum
1310 1004 1397 1046 ritu
1427 1017 1554 1057 neque
1583 1003 1805 1045 Martialis
1833 1009 1875 1040 10

87 1092 214 1132 neque
247 1078 480 1131 Quirinalis
510 1079 663 1132 flamen
694 1077 880 1120 omnibus
911 1076 1174 1119 caerimoniis
1206 1075 1431 1130 tenebatur,
1468 1074 1615 1129 quibus
1650 1075 1805 1128 flamen

88 1149 254 1193 Dialis:
291 1164 417 1204 neque
452 1151 618 1193 diurnis
654 1149 872 1203 sacrificiis
908 1147 1239 1202 destinabantur,
1277 1150 1314 1188 et
1343 1147 1476 1189 abesse
1505 1146 1564 1188 eis
1594 1160 1622 1188 a
1651 1146 1804 1199 finibus

87 1221 242 1264 Italiae
279 1221 438 1276 licebat,
481 1235 606 1274 neque
645 1234 799 1274 semper
834 1222 1109 1273 praetextam,
1151 1232 1279 1272 neque
1314 1219 1470 1272 apicem
1506 1218 1592 1260 nisi
1630 1220 1804 1272 tempore

86 1293 284 1346 sacrificii
310 1296 469 1348 9estare
498 1293 613 1335 soliti
643 1295 770 1334 erant.
833 1305 924 1346 erqo
955 1291 992 1333 si
1023 1291 1084 1332 ire
1114 1290 1171 1332 eis
1200 1291 1246 1332 in
1269 1291 1532 1344 provinciam
1572 1289 1730 1345 licebat,
1767 1293 1805 1332 et

86 1379 185 1419 equo
215 1365 305 1408 sine
334 1365 528 1419 reliyione
557 1363 647 1406 vehi
684 1364 822 1406 licuit:
859 1363 969 1417 quod
1001 1362 1067 1404 hic
1104 1362 1293 1418 ostendit,
1330 1362 1439 1404 velut
1466 1362 1514 1403 in
1539 1362 1801 1414 provinciam
1830 1366 1873 1398 15

86 1436 210 1478 misso
236 1436 398 1479 Aeneae
428 1449 575 1490 equum
606 1435 773 1478 datum:
805 1447 906 1477 nam
930 1434 1133 1476 Euander
1157 1433 1230 1476 boc
1254 1434 1316 1476 ait
1341 1432 1487 1492 (475)
1521 1432 1613 1475 ‘sed
1636 1432 1710 1475 tibi
1734 1447 1802 1487 ngo

87 1508 266 1563 inycntes
288 1508 465 1563 populos
495 1507 764 1562 opulentaque
794 1506 931 1560 reynis
961 1506 1127 1560 iunyere
1157 1508 1297 1547 castra
1320 1519 1428 1559 paro
1437 1503 1463 1556 ²,
1504 1504 1648 1546 deinde
1686 1505 1802 1557 infra

86 1580 134 1622 cle
157 1582 354 1634 potestate
384 1580 622 1622 obtinendae
644 1578 886 1633 provinciae
915 1577 1123 1620 subtexuit
1153 1576 1254 1631 ‘ipse
1283 1579 1464 1619 oratores
1494 1577 1552 1618 ad
1581 1590 1643 1618 me
1668 1577 1800 1631 reyni-

85 1664 160 1704 que
202 1663 394 1693 coronam
438 1664 529 1692 cum
571 1653 723 1705 sceptro
766 1647 912 1704 misit',
956 1651 994 1690 et
1034 1647 1291 1690 excusatione
1334 1648 1574 1701 interposita
1612 1648 1802 1691 bortatur

86 1721 288 1776 Aeneam,
319 1725 366 1764 ut
388 1722 596 1774 Etruscis,
628 1735 760 1776 reyem
790 1723 829 1763 et
857 1721 997 1762 ducem
1028 1718 1369 1774 desiderantibus,
1393 1719 1573 1773 praesit:
1605 1720 1668 1761 ait
1691 1721 1800 1762 enim
1825 1726 1871 1757 20

87 1793 232 1847 <511>
264 1791 341 1847 (ἑτι,
373 1793 490 1835 cuius
519 1796 557 1835 et
585 1794 711 1835 annis
741 1795 779 1834 et
803 1792 943 1846 yeneri
971 1791 1109 1844 fatum
1141 1790 1339 1846 indulyet,
1370 1789 1604 1845 ‘in-credere&
1648 1805 1739 1846 ergJo
1764 1795 1803 1834 ct

85 1878 182 1918 equo
223 1865 366 1907 merito
409 1865 472 1906 uti
506 1864 661 1918 potuit,
703 1863 741 1905 si
778 1863 815 1905 ei
851 1863 911 1904 ire
948 1862 994 1904 in
1026 1862 1288 1915 provinciam
1326 1863 1396 1914 fas
1433 1865 1531 1904 erat.
1592 1863 1799 1906 sciendum

86 1939 222 1978 tamen
257 1939 424 1990 poetam
463 1938 694 1995 conte-ntum
738 1947 820 1977 esse
859 1934 1096 1976 universum
1142 1934 1205 1975 ius
1240 1933 1496 1987 pontificale,
1540 1934 1638 1975 dum
1682 1935 1802 1977 aliud

86 2011 254 2063 narrat,
286 2008 493 2062 attinyere.

204 2078 303 2121 553.
353 2089 517 2121 PELLIS
550 2090 660 2121 OBIT
694 2089 856 2120 TOTVM
894 2076 1020 2132 pellis
1061 2075 1306 2118 ostenditur
1338 2075 1595 2131 magnitudo
1628 2076 1672 2118 in
1704 2077 1797 2133 hoe,
1823 2083 1869 2115 25

86 2151 199 2207 quod
232 2150 334 2193 dicit
366 2149 530 2192 ‘totum
563 2149 689 2205 obit',
725 2150 772 2192 id
800 2152 859 2192 est
888 2148 1125 2191 circumdat.
1247 2158 1483 2190 vuevmvs
1515 2158 1683 2190 Avssms
1722 2150 1797 2190 aut

182 2297 199 2327 1
233 2292 343 2328 multi
375 2293 445 2327 hoc
471 2292 554 2327 loco
580 2290 859 2337 reprehendunt
885 2319 892 2326 .
915 2319 921 2326 .
946 2318 951 2325 .
979 2289 1066 2324 dum
1104 2287 1207 2324 aliud
1239 2288 1368 2323 narrat
1401 2286 1588 2332 attingere
1614 2288 1655 2324 in
1680 2300 1793 2333 marty.

82 2352 163 2386 sup.
182 2341 264 2376 hab.
282 2340 315 2375 T
330 2341 342 2386 ΙΙ
361 2344 382 2374 2
402 2338 610 2384 Vergilium
630 2350 695 2374 om.
712 2337 752 2372 F
767 2339 779 2384 Η
798 2337 914 2383 quod]
936 2336 999 2382 qui
1023 2337 1056 2371 T
1085 2348 1149 2371 cur
1169 2336 1368 2372 Schoellius
1386 2337 1398 2380 ΙΙ
1419 2334 1599 2382 Aeneam]
1622 2347 1705 2371 eam
1727 2336 1768 2371 F
1783 2338 1795 2382 Η

85 2394 105 2423 3
132 2399 240 2423 curru
284 2389 388 2433 tyrru
409 2387 448 2422 F
464 2388 476 2433 ΙΙ
496 2387 534 2421 et
559 2398 625 2422 om.
647 2386 687 2420 F
702 2387 715 2431 ΙΙ
734 2390 755 2420 4
782 2386 843 2420 hic
869 2385 980 2430 equo]
1007 2384 1153 2429 haequo
1173 2383 1214 2418 F
1229 2384 1242 2429 ΙΙ
1260 2395 1368 2418 usum
1393 2382 1509 2418 faciat
1536 2383 1793 2420 Commelinus:

83 2435 203 2481 ipsum
246 2434 346 2471 aciat
370 2434 411 2469 F
439 2437 665 2470 evanuerunt
696 2435 783 2469 haec
808 2433 917 2468 verba
941 2433 982 2468 in
1012 2432 1218 2467 Turonensi
1254 2432 1266 2477 ΙΙ
1303 2429 1431 2465 dicens
1464 2430 1618 2477 ducunt]
1653 2432 1794 2467 ducunt

82 2483 212 2527 inquid
242 2482 275 2517 T
291 2484 303 2530 ss
323 2485 344 2517 5
370 2483 553 2517 exsortem
583 2481 615 2515 T
631 2483 644 2526 ΙΙ
662 2480 790 2527 pellib3
818 2480 858 2514 F
873 2481 885 2526 ΙΙ
905 2481 1008 2516 otum
1031 2479 1072 2514 F
1087 2480 1099 2525 ΙΙ
1119 2484 1140 2515 6
1165 2478 1340 2524 inquibus
1365 2478 1405 2512 F
1421 2479 1432 2524 ΙΙ
1451 2478 1619 2523 itemque
1644 2478 1794 2524 iamque

87 2531 130 2575 T,
158 2532 196 2566 et
220 2530 429 2575 iterumque
455 2529 505 2573 F,
531 2530 673 2564 correxi
703 2530 714 2574 ΙΙ
753 2532 772 2564 7
799 2527 938 2574 apertis
963 2538 1029 2562 om.
1056 2526 1097 2561 F
1124 2528 1136 2572 ΙΙ
1173 2531 1194 2562 8
1221 2525 1452 2572 pontificium
1482 2525 1515 2560 T
1543 2527 1555 2571 ΙΙ
1587 2526 1651 2561 sed
1678 2527 1793 2562 etiam

85 2577 249 2614 omnium
278 2578 311 2612 T
342 2579 354 2624 ΙΙ
391 2582 411 2613 9
438 2576 635 2622 Uergilium
664 2576 704 2611 F
728 2577 739 2622 ΙΙ
776 2577 816 2611 ta
842 2575 1034 2611 occasione
1061 2577 1288 2610 evanuerunt
1312 2574 1354 2608 in
1382 2573 1415 2607 T
1444 2574 1455 2619 ΙΙ
1493 2584 1730 2609 romanorum
1757 2574 1798 2609 F

217 2634 235 2651 0

83 2671 322 2705 romanarum
346 2660 379 2695 T
393 2662 404 2707 [Ι
425 2663 469 2695 10
495 2659 633 2695 etenim
661 2687 668 2695 .
691 2687 698 2695 .
720 2688 727 2695 .
754 2659 830 2694 ritu
852 2657 897 2693 T:
924 2668 1026 2693 more
1052 2656 1191 2693 etenim
1216 2657 1334 2693 ueteri
1361 2667 1549 2692 sacrorum
1569 2656 1610 2691 F
1626 2658 1637 2703 ΙΙ
1659 2661 1701 2692 11
1728 2658 1791 2692 fla-

83 2708 225 2744 minum
254 2708 287 2742 T
304 2709 315 2754 Η
345 2708 570 2743 tenebantur
596 2707 803 2742 Masvieius
827 2707 839 2751 ΙΙ
873 2709 914 2740 12
941 2704 1078 2751 neque]
1106 2715 1178 2749 que
1204 2704 1245 2740 F
1260 2706 1272 2751 ΙΙ
1300 2703 1439 2747 diurnis
1466 2732 1473 2739 .
1495 2732 1502 2739 .
1525 2731 1533 2738 .
1559 2705 1793 2750 praetextam

85 2768 204 2801 neque
236 2766 302 2791 om.
330 2754 370 2790 F
402 2756 415 2800 ΙΙ
451 2753 753 2800 destinabantur]
789 2752 1064 2788 distinebantur
1095 2753 1314 2788 Masvieius.
1352 2753 1397 2796 cf.
1426 2751 1565 2786 Gellius
1596 2752 1629 2786 X
1658 2756 1719 2797 15,
1749 2757 1791 2789 16

86 2804 228 2839 ‘Dialis
254 2803 384 2838 cotidie
407 2802 564 2846 feriatus
588 2801 652 2837 est’
683 2802 695 2846 ΙΙ
728 2805 771 2836 14
797 2800 959 2846 gestare]
987 2810 1131 2835 cessare
1162 2800 1195 2834 T
1218 2801 1230 2845 ΙΙ
1261 2797 1489 2845 prouintiam
1515 2798 1556 2834 F
1582 2801 1594 2844 ΙΙ
1629 2804 1670 2835 15
1696 2801 1792 2836 rele—

84 2851 198 2934 ῗὲοἳῑ
217 2849 639 2944 ‘11'''1}³‘d{⁸¹13¹‹?‡{3tffe⁰]
656 2847 1025 2940 tzsstffgusssst'zffiffl
1043 2847 1216 2938 ”iimssoffi'
1232 2848 1447 2930 testei}
1467 2846 1528 2929 {2¹1¹
1548 2845 1763 2930 emitti
1788 2848 1791 2926 f'

84 2945 275 2981 obtinente
301 2945 341 2980 F
357 2946 369 2990 ΙΙ
399 2943 589 2979 subtexuit
613 2938 679 2979 om.
709 2942 742 2978 T
764 2944 776 2988 ΙΙ
809 2946 851 2977 19
878 2942 916 2977 et
945 2942 989 2978 T:
1016 2942 1096 2977 tum
1121 2942 1162 2976 F
1183 2943 1195 2988 ΙΙ
1222 2942 1405 2987 terposita-
1430 2942 1540 2977 horta
1564 2947 1791 2978 evanuerunt

83 2994 124 3028 in
151 2993 184 3028 T
200 2995 212 3038 ΙΙ
231 2997 275 3028 20
302 2992 514 3028 desiderare
544 2991 577 3025 T
593 2992 605 3036 ΙΙ
624 2990 679 3026 ait
703 2990 802 3026 enim
827 2992 869 3025 tu
894 3000 959 3025 om.
985 2989 1046 3036 Tu
1065 2989 1181 3036 enim]
1209 3001 1273 3024 ens
1300 2989 1340 3024 F
1356 2990 1367 3035 ΙΙ
1396 2993 1438 3024 21
1467 2988 1571 3024 cuius
1596 2988 1726 3034 inquid
1752 2993 1790 3024 et

84 3040 189 3075 annis
218 3040 251 3075 T
266 3041 279 3085 ss
298 3039 442 3085 generis
469 3039 609 3074 factum
635 3038 675 3073 F
691 3039 703 3083 ΙΙ
727 3037 922 3083 ingredere
946 3037 1108 3082 reposuit
1135 3036 1324 3072 incredere
1350 3037 1391 3071 1⁴⁷
1412 3035 1597 3081 (incedere
1622 3037 1788 3081 Daniel),

84 3098 148 3121 om.
179 3087 212 3121 T
233 3089 246 3133 ΙΙ
273 3091 318 3122 22
345 3086 495 3132 merito]
522 3086 557 3121 ei
586 3085 624 3121 T.
656 3086 810 3129 fortasse
833 3085 997 3120 voluerat
1021 3086 1200 3129 interp-res
1225 3084 1261 3119 ei
1284 3083 1342 3119 uti
1365 3083 1473 3119 licuit
1490 3085 1502 3129 ΙΙ
1530 3082 1578 3130 si]
1605 3084 1693 3128 quia
1721 3084 1755 3117 T
1777 3084 1785 3127 1,

85 3133 124 3168 in
149 3133 380 3178 prouinciam
406 3134 460 3169 ire
484 3134 516 3168 T
533 3135 544 3179 ΙΙ
564 3137 610 3169 24
634 3134 785 3178 poetam
812 3160 819 3167 .
841 3159 848 3167 .
870 3160 877 3168 .
905 3132 1002 3178 esse]
1028 3135 1179 3177 poetam
1206 3141 1281 3166 con*
1299 3134 1526 3167 evanuerunt
1549 3132 1591 3166 in
1620 3131 1662 3173 T,
1688 3133 1810 3165 eoetat·

85 3181 269 3225 temptum
295 3192 375 3216 esse
406 3182 418 3227 ΙΙ
449 3181 665 3216 uniuersum
689 3181 837 3225 scripsis
863 3179 1051 3215 diuersum
1077 3178 1157 3214 FT
1184 3179 1197 3223 ΙΙ
1234 3182 1279 3213 25
1303 3178 1414 3224 pellis
1441 3177 1546 3213 MF:
1573 3177 1653 3212 obit
1677 3177 1787 3221 pellis

85 3227 168 3271 AS,
188 3239 254 3262 om.
269 3228 394 3263 RLH
412 3230 424 3274 ll
442 3228 528 3274 hoc]
551 3239 594 3263 eo
613 3227 686 3263 AS
692 3227 732 3262 F
748 3229 760 3273 ΙΙ
779 3231 824 3263 26
845 3226 925 3263 obit
943 3238 1009 3264 om.
1024 3226 1096 3262 AS
1114 3228 1126 3272 ΙΙ
1145 3226 1194 3262 ad
1213 3238 1294 3261 onrr
1311 3237 1410 3271 supr.
1425 3237 1512 3261 vers.
1534 3225 1740 3260 circumdat
1758 3224 1790 3258 T
