2092 3614
346 251 433 294 206
1118 255 1278 290 SERVII

346 376 443 403 eum
475 375 569 403 esse
599 361 817 417 frugibus,
855 365 905 404 ut
936 378 1113 419 caprum
1144 364 1324 423 vitibus,
1360 365 1432 420 qui
1463 365 1618 408 Libero
1650 368 1913 411 immolatur.
1973 370 2051 412 alii

342 432 390 474 de
420 446 469 474 ea
497 446 568 475 sue
598 434 756 488 dieunt,
786 433 975 477 habuisse
998 448 1089 486 eam
1117 435 1321 478 Troianos
1346 439 1385 478 et
1412 437 1483 479 ubi
1506 438 1695 491 primum
1715 443 1963 495 yenerasset,
1993 441 2052 483 ibi

341 507 494 546 certam
524 518 635 558 spem
665 506 771 548 sedis
801 507 1045 559 concepisse:
1085 506 1164 548 alii
1193 507 1240 548 in
1272 507 1387 549 litore
1417 507 1621 551 Laurenti
1651 511 1869 553 inventam.
1926 525 2051 565 quam

340 579 494 618 secutos
526 576 730 619 ‚Troianos
760 578 807 618 in
836 591 928 619 eum
959 580 1136 619 montem
1165 579 1413 632 pervenisse,
1451 580 1521 621 ubi
1550 584 1694 633 postea
1724 582 1836 624 Alba
1866 596 1894 624 a
1925 583 2052 626 colore

295 656 315 686 5
333 661 502 700 porcae,
536 648 658 703 lonya
688 663 716 691 a
739 649 962 702 positione,
992 650 1048 691 sit
1077 650 1252 692 condita.
1306 664 1405 693 sane
1434 654 1473 693 et
1504 651 1688 695 ‘litoreis’
1719 657 1757 695 et
1787 653 2050 697 ‘litoralibus'

339 719 502 762 dicitnr.

458 791 527 833 44.
577 803 722 834 ENIXA
753 803 940 835 IACEBIT
971 792 1201 848 participio
1235 796 1357 836 utens
1389 795 1533 852 tangit
1564 795 1805 838 historiam.

458 863 529 906 45.
578 875 696 907 sono
728 875 970 907 RECVBANS
1005 863 1143 907 ‘solo'
1175 865 1345 908 videtur
1378 867 1611 910 abundare.

457 935 528 977 47.
577 947 640 977 Ex
671 946 765 986 Qvo
798 949 884 991 qua
914 935 1260 980 ratiocinatione.

269 1016 313 1047 10
457 1007 528 1048 49.
579 1018 707 1058 QVOD
739 1017 909 1048 INSTAT
948 1007 1061 1063 quod
1099 1008 1239 1050 solum
1271 1024 1323 1051 ex
1354 1010 1575 1052 laboribus
1608 1013 1761 1053 restat:
1800 1026 1904 1054 cura
1936 1011 2050 1055 enim

340 1078 512 1120 Aeneae
543 1078 785 1134 praesentis
817 1078 962 1122 fuerat
991 1081 1279 1124 necessitatis.

457 1150 526 1192 51.
576 1161 789 1193 ARCADES
809 1162 886 1194 nis
908 1162 1011 1194 oms
1038 1159 1190 1195 Gnnvs
1216 1165 1247 1194 A
1266 1164 1514 1196 PALLANTE
1539 1165 1819 1198 Pnoracrvm
1846 1155 2048 1198 Euander

338 1220 475 1263 Arcas
507 1221 610 1278 fuit,
639 1236 776 1278 nepos
801 1221 1034 1279 Pallantis,
1065 1224 1180 1280 regis
1207 1225 1430 1267 Arcadiae.
1481 1225 1551 1267 hic
1582 1228 1750 1281 patrem
1782 1241 1906 1269 suum
1939 1228 2047 1270 occi-

338 1292 414 1348 dit,
441 1293 648 1335 suadente
673 1296 812 1336 matre
837 1294 1103 1351 Nicostrata,
1129 1311 1237 1351 quae
1264 1297 1396 1339 etiam
1423 1295 1669 1340 Carmentis
1697 1298 1811 1341 dicta
1836 1302 1914 1354 est,
1947 1286 2048 1355 quia
2085 1316 2087 1319 ¹

270 1375 312 1406 15
340 1364 602 1407 carminibus
634 1365 964 1408 vaticinabatur.
1025 1367 1104 1409 alii
1133 1368 1269 1421 ipsam
1301 1368 1600 1425 Nicostratam,
1636 1373 1808 1412 matrem
1838 1371 2048 1426 Euandri,

337 1449 429 1478 eum
459 1440 559 1479 esset
587 1439 747 1479 eentum
777 1438 908 1479 decem
938 1451 1163 1494 annorum,
1195 1453 1223 1480 a
1252 1438 1340 1493 filio
1363 1443 1619 1494 peremptam
1651 1442 1831 1484 tradunt.
1891 1446 2049 1485 constat

336 1511 474 1549 autem
498 1508 690 1550 Arcadas
711 1508 949 1562 plurimum
973 1509 1142 1565 vixisse,
1171 1510 1218 1552 in
1245 1514 1424 1563 tantum,
1455 1514 1502 1552 ut
1530 1512 1700 1565 quidam
1730 1526 1856 1566 usque
1886 1515 1942 1556 ad
1971 1517 2045 1556 tre-

336 1583 468 1622 centos
499 1594 632 1623 annos
662 1580 829 1622 vivendo
858 1581 1128 1634 pervenerint.
1190 1582 1275 1635 ipse
1311 1586 1447 1624 autem
1477 1583 1696 1639 Euander,
1735 1583 1913 1627 dimissa
1949 1600 2046 1640 pro-

337 1651 478 1693 vincia
516 1666 594 1694 sua
630 1652 773 1707 exilio,
810 1665 893 1693 non
929 1655 1086 1707 sponte,
1124 1653 1341 1707 conpulsus
1378 1654 1495 1696 venit
1533 1654 1587 1696 ad
1616 1654 1792 1697 Italiam
1830 1658 1874 1698 et
1910 1656 2046 1711 pulsis

265 1735 312 1766 2ο
339 1721 654 1779 Aboriginibus
696 1722 836 1764 tenuit
878 1723 991 1779 loca,
1034 1724 1078 1766 in
1117 1724 1272 1780 quibus
1309 1740 1420 1768 nunc
1452 1725 1591 1768 Roma
1629 1729 1713 1782 est,
1750 1729 1795 1768 et
1831 1727 2046 1770 modicum

337 1795 544 1850 oppidum
575 1795 775 1837 fundavit
805 1794 851 1836 in
881 1797 1027 1837 monte
1059 1795 1280 1852 Palatino,
1310 1797 1416 1839 sieut
1444 1798 1507 1839 ait
1538 1798 1670 1840 Varro
1700 1811 1859 1841 nonne
1888 1799 2045 1842 Arca-

335 1867 416 1908 des
445 1867 611 1910 exules
635 1867 967 1921 confuyerunt
990 1867 1043 1909 in
1067 1867 1345 1924 Palatium,
1370 1869 1486 1911 duce
1510 1869 1777 1912 Euandro?
1806 1869 1876 1913 hic
1902 1873 2045 1914 autem

335 1952 461 1980 mons
492 1937 717 1981 Palatinus
756 1938 990 1981 secundum
1021 1937 1267 1995 Vergilium
1300 1955 1325 1981 a
1356 1939 1572 1996 Pallante,
1612 1956 1692 1984 avo
1728 1940 1941 1997 Euandri,
1979 1944 2045 1984 est

336 2009 495 2065 dictus,
534 2010 768 2052 secundum
799 2009 1041 2052 Varronem
1080 2014 1124 2053 et
1162 2011 1271 2054 alios
1312 2026 1337 2053 a
1369 2011 1457 2053 filia
1487 2011 1682 2055 Euandri
1719 2012 1951 2068 Pallantia,
1989 2014 2043 2056 ab

264 2093 308 2125 25
334 2079 518 2123 Hercule
550 2081 706 2124 vitiata
737 2083 782 2122 et
811 2084 966 2136 postea
996 2082 1087 2125 illic
1113 2082 1302 2139 sepulta,
1332 2084 1400 2125 vel
1427 2086 1541 2126 certe
1567 2100 1593 2127 a
1613 2084 1809 2127 Pallante
1835 2085 1926 2127 eius
1952 2085 2044 2127 filio

334 2152 423 2194 illic
455 2153 624 2209 sepulto
656 2154 892 2196 inmaturae
921 2155 1089 2196 aetatis:
1126 2154 1205 2197 alii
1234 2168 1263 2196 a
1291 2155 1379 2208 filio
1411 2155 1625 2208 Euandri,
1656 2157 1729 2210 qui
1750 2160 1848 2210 post
1875 2160 2043 2199 mortem

431 2322 453 2354 3
479 2329 591 2364 quam
617 2320 763 2355 secutos
789 2330 820 2355 e.
846 2331 880 2364 q.
907 2319 952 2366 8.]
979 2318 1024 2355 cf.
1051 2318 1176 2356 Aurel.
1203 2317 1301 2356 Vict.
1327 2320 1374 2356 de
1399 2331 1451 2356 or.
1478 2322 1578 2367 g.ent
1605 2320 1711 2358 Rom.
1740 2323 1815 2367 1711
1848 2326 1890 2357 12
1918 2319 2043 2358 Euan—

334 2364 400 2402 der
417 2366 534 2402 Arcas
558 2366 632 2402 fuit
656 2378 688 2403 e.
702 2378 737 2411 q.
752 2367 798 2413 s.]
825 2378 940 2403 exscr.
965 2367 1151 2413 mythogr.
1171 2369 1188 2403 I
1209 2368 1321 2413 70,1Ι
1342 2372 1407 2404 153
1428 2370 1440 2416 ΙΙ
1458 2372 1504 2404 22
1529 2369 1590 2404 hic
1617 2370 1742 2405 autem
1767 2367 1873 2405 mons
1900 2381 1930 2406 e.
1945 2382 1979 2415 q.
1994 2370 2040 2417 s.]

334 2413 585 2451 cf.Varrod.
612 2413 943 2460 l.1.V53,1sid.
971 2425 1022 2452 or.
1050 2414 1177 2462 XV3,
1205 2419 1226 2451 5

430 2573 449 2604 1
475 2571 518 2604 ut
542 2580 609 2605 om.
635 2569 682 2604 H
707 2571 719 2617 ΙΙ
749 2581 882 2616 aprum
906 2570 952 2605 H
971 2572 984 2616 ΙΙ
1014 2571 1158 2607 baccho
1183 2571 1220 2607 R
1255 2571 1382 2608 lebeto
1408 2571 1448 2607 F
1470 2573 1482 2618 ΙΙ
1513 2572 1579 2607 alii
1603 2583 1631 2608 e.
1657 2584 1689 2618 q.
1714 2573 1758 2619 s.]
1793 2573 1838 2617 ef.
1865 2571 1965 2608 Serv.
1991 2571 2041 2608 ad

333 2612 430 2652 Aen.
447 2617 499 2651 III
518 2618 658 2671 390112
684 2618 744 2654 dic
770 2619 814 2652 ut
832 2618 872 2653 F
887 2620 900 2664 ss
919 2622 940 2653 4
966 2629 990 2653 a
1015 2618 1137 2654 colore
1157 2619 1311 2655 Daniel:
1338 2620 1462 2655 colore
1489 2619 1530 2654 F
1545 2621 1556 2666 ΙΙ
1576 2624 1595 2655 7
1622 2621 1730 2655 utens
1756 2620 2040 2666 om.H11utens

333 2664 472 2710 tangit]
505 2665 547 2699 ut
571 2665 670 2699 enim
696 2664 778 2710 agit
802 2665 842 2699 F
869 2667 882 2710 ΙΙ
917 2666 1059 2719 tangit]
1084 2666 1208 2711 iungit
1233 2667 1270 2702 R
1300 2669 1313 2712 ΙΙ
1348 2667 1510 2703 hostiam
1535 2667 1618 2702 AS.
1656 2668 1811 2711 fortasse
1840 2666 2039 2713 participio

332 2711 535 2757 praeterito
566 2713 674 2758 utens
707 2712 833 2756 tangit
862 2714 916 2747 vel
946 2712 1071 2758 iungit
1095 2714 1300 2750 historiam.
1350 2715 1494 2750 videtur
1520 2718 1640 2750 autem
1665 2715 1814 2750 Servius
1838 2715 1956 2751 dicere
1979 2726 2039 2750 vo-

333 2760 443 2794 luisse
469 2759 636 2794 ‘iacebit’
662 2760 788 2803 futuri
818 2761 988 2804 temporis
1018 2762 1091 2796 vim
1121 2772 1197 2797 non
1225 2763 1405 2806 pertinere
1436 2763 1523 2798 ad‘
1527 2763 1660 2798 enioea’
1682 2763 1947 2808 participium,
1978 2763 2040 2797 sed

331 2817 431 2842 suem
454 2810 532 2842 tum
556 2804 637 2842 eam
665 2806 862 2842 Tiberinus
886 2808 1029 2855 Aeneae
1052 2809 1184 2852 futura
1206 2810 1430 2854 praediceret
1455 2810 1530 2845 iam
1555 2811 1703 2846 enixam
1726 2821 1809 2846 esse.
1841 2811 1854 2855 ΙΙ
1885 2813 1906 2844 8
1932 2810 2038 2845 schol.

333 2903 392 2939 ad.
417 2913 450 2937 v.
476 2905 522 2937 45
548 2912 614 2938 om.
641 2902 730 2937 ,ΕΗ
751 2902 850 2947 (add.
877 2902 903 2947 l)
936 2904 948 2948 ΙΙ
985 2906 1006 2938 9
1033 2915 1107 2948 qua
1132 2915 1197 2939 om.
1225 2904 1270 2939 H
1294 2906 1306 2949 ΙΙ
1343 2870 1549 2940 ratibiietiR
1579 2906 1591 2950 ΙΙ
1630 2909 1673 2940 10
1700 2905 1835 2950 quod..
1888 2933 1896 2942 .
1922 2905 2040 2940 restat

332 2960 398 2986 om.
419 2949 545 2984 RLH
570 2950 668 2993 (add.
691 2950 716 2995 l)
735 2951 747 2994 ΙΙ
768 2953 811 2984 13
836 2949 999 2994 palantis
1024 2950 1059 2984 L
1077 2953 1089 2995 ΙΙ
1108 2962 1234 2996 regem
1260 2952 1296 2987 R
1315 2953 1326 2999 ΙΙ
1346 2953 1405 2987 hic
1432 2964 1514 2987 cum
1542 2954 1687 2997 patrem
1712 2964 1819 2987 suum
1844 2946 2040 2987 occidisset

332 2997 462 3032 RLH
467 2997 524 3032 M
550 2998 895 3042 mythoyraphorum
920 3008 1057 3043 quoque
1080 3000 1294 3034 testimoniis
1304 3001 1498 3046 probatur
1517 2999 1682 3035 Servium
1710 2999 1898 3034 ‘suadente
1923 3002 2038 3034 matre

332 3045 482 3080 Nicostr
483 3044 570 3080 ata
604 3055 679 3080 non
710 3045 759 3080 ad
794 3045 948 3089 ‘patrem
978 3055 1085 3080 suum
1116 3046 1268 3082 oceidit’
1301 3047 1364 3082 sed
1394 3048 1444 3082 ad
1477 3047 1526 3082 (ἀ.
1580 3075 1586 3082 .
1613 3058 1641 3081 8.
1667 3048 1708 3081 in
1732 3046 1884 3081 Italiam
1916 3046 2034 3081 venit’

331 3093 462 3136 referri
485 3092 641 3127 voluisse
671 3094 682 3138 ΙΙ
715 3095 760 3127 14
784 3092 888 3138 quia]
914 3103 1008 3137 quae
1034 3092 1206 3127 ASLM
1233 3095 1245 3138 ΙΙ
1284 3097 1326 3127 18
1354 3093 1513 3129 demissa
1606 3094 1618 3139 ΙΙ
1648 3092 1839 3138 prouintia
1863 3093 1998 3128 ARH
2035 3093 2038 3140 Ι

334 3144 378 3175 19
405 3140 575 3186 spontem
602 3138 642 3174 F
670 3140 816 3185 (sponte
842 3139 890 3185 G)
926 3142 939 3185 11
975 3139 1028 3185 et]
1061 3140 1103 3174 ut
1128 3139 1168 3174 F
1202 3141 1213 3186 ΙΙ
1250 3144 1293 3174 21
1322 3140 1514 3185 palantino
1541 3140 1582 3174 F
1615 3142 1627 3186 ΙΙ
1664 3144 1708 3175 23
1734 3140 1886 3185 palante
1913 3140 1990 3175 AL

333 3188 439 3232 (corr.
459 3189 496 3233 a)
513 3188 529 3241 fl
548 3190 595 3222 24
619 3198 814 3222 uarranem
840 3187 880 3222 F
895 3189 907 3234 ΙΙ
926 3187 1093 3233 palantia
1117 3187 1197 3222 AL
1216 3188 1228 3232 ΙΙ
1247 3191 1292 3222 25
1318 3188 1379 3222 vel
1406 3188 1505 3223 certe
1531 3215 1539 3223 .
1562 3215 1570 3222 .
1590 3216 1599 3224 .
1628 3188 1791 3234 sepulto]
1819 3187 1884 3223 alii
1909 3199 1933 3223 a
1937 3186 2036 3242 pal.

332 3234 433 3271 lante
460 3235 524 3281 qui
549 3234 594 3270 de
619 3233 698 3270 filia
723 3235 877 3270 euandri
902 3236 1011 3271 natus
1036 3236 1075 3270 et
1099 3234 1153 3270 ibi
1179 3235 1346 3281 sepultus
1372 3237 1429 3271 est
1454 3234 1495 3270 F
1509 3237 1522 3281 ΙΙ
1541 3239 1586 3271 26
1612 3236 1677 3281 qui
1702 3235 1857 3271 Daniel·
1883 3234 1973 3281 quia
1996 3234 2037 3271 F
