2092 3614
247 657 269 688 5

228 1014 272 1045 10

230 1372 272 1402 15

230 1729 276 1760 20

233 2086 278 2118 25

291 252 380 295 554
1065 252 1226 288 SERVH

293 362 427 415 ducit,
465 377 563 404 cum
595 359 709 412 Διός
745 362 970 418 corripiat:
1009 362 1122 404 sicut
1160 376 1181 402 e
1219 363 1371 404 contra
1409 376 1503 403 cum
1537 360 1640 403 ‘lux'
1674 360 1747 403 ‘lu’
1780 360 1998 417 producat,

297 433 503 476 ‘lucerna'
537 432 612 475 ‘lu'
645 434 837 489 corripit.

413 505 512 548 658.
560 516 786 556 PAOISQVE
835 516 992 547 BONAE
1042 516 1275 555 BELLIQVE
1321 515 1566 547 mms'rRAs
1617 518 1855 560 congruum
1904 503 2000 559 paci

294 577 518 632 epitheton
556 576 689 630 dedit,
729 579 777 619 ut
813 591 907 619 eam
944 576 1104 619 bonam
1142 576 1322 630 diceret,
1363 590 1459 618 cum
1498 575 1661 618 bellum
1698 590 1720 617 e
1759 577 1909 618 contra
1943 575 2001 617 sit

294 636 548 704 pessimum:
591 663 692 690 nam
731 647 823 691 sine
862 648 991 691 dubio
1031 651 1074 689 et
1105 638 1226 689 ‘bell'i
1259 646 1392 689 saevi'
1425 647 1602 702 diceret,
1640 646 1677 688 si
1707 647 1820 689 ratio
1852 661 2000 689 versus

296 719 553 762 admitteret.
603 720 773 773 quidam
805 718 984 762 ‘bonum'
1016 720 1227 762 interdum
1250 733 1331 773 pro
1358 719 1513 773 mandi
1543 719 1761 772 accipiunt.
1874 735 2002 767 Bam-

297 808 374 839 QVE
405 808 616 834 mmsrms
645 804 729 833 non
759 791 868 834 nulli
895 790 1143 833 ‘ministras’
1176 791 1293 833 modo
1324 791 1382 832 ad
1411 790 1560 832 bellum
1587 792 1746 832 tantum
1770 790 1918 843 referri
1941 803 2004 832 vo-

297 863 403 918 lunt,
441 863 605 916 ideoque
641 863 962 905 coniunctionem
1002 863 1221 916 inconyrue
1243 862 1442 916 positam,
1479 865 1517 903 et
1546 862 1730 903 ordinem
1760 875 1841 904 esse
1872 861 2005 903 ‘decus

289 935 409 989 pacis
440 937 475 976 et
507 934 726 976 ministras
756 932 877 976 belli'.
915 934 1067 988 poterit
1090 937 1128 975 et
1151 934 1213 975 ita
1239 933 1356 987 ‘quas
1379 933 1459 976 sibi
1484 933 1601 975 decus
1626 933 1768 987 deleyit
1790 933 2005 975 ‘mamistras

298 1006 424 1048 bonae
446 1006 567 1059 pacis
597 1009 635 1047 et
665 1004 785 1048 belli’.
1864 1060 1871 1065 ·

418 1077 516 1119 659.
566 1088 744 1128 QVALES
778 1087 1029 1119 THREICIAE
1062 1075 1221 1118 Tanais
1252 1075 1407 1137 fluvius
1441 1078 1518 1131 est,
1550 1076 1623 1131 qui
1656 1078 1830 1130 separat
1855 1075 2004 1118 Asiam

298 1149 353 1191 ab
374 1148 563 1202 Europa,
589 1147 702 1189 circa
730 1160 858 1202 quem
884 1149 1013 1189 antea
1032 1146 1274 1189 Amazones
1300 1146 1627 1202 habitaverunt3
1653 1147 1765 1189 unde
1792 1162 1836 1189 se
1855 1150 2007 1203 postea

299 1221 351 1262 ad
385 1218 727 1273 Thermodonta,
758 1218 939 1260 fluvium
971 1217 1200 1271 Thraciae,
1232 1219 1567 1261 transtulerunt:
1607 1219 1719 1274 quod
1752 1219 1881 1261 etiam
1915 1219 2008 1262 Sal-

302 1291 460 1333 lustius
487 1291 686 1343 testatur,
718 1289 863 1331 dicens
889 1289 1005 1330 dein
1038 1289 1199 1344 campi
1225 1289 1596 1346 Themiscyrei,
1629 1305 1753 1346 quos
1784 1290 2008 1333 habuere

300 1363 601 1415 Amazones,
640 1359 699 1402 ab
738 1359 897 1402 Tanai
934 1360 1171 1416 flumine,
1208 1361 1461 1403 incertum
1501 1376 1646 1416 quam
1686 1362 1747 1404 ob
1786 1377 2009 1417 causam,

300 1433 575 1488 digressae.
636 1431 712 1473 has
741 1432 912 1485 quidam
943 1433 1086 1475 dicunt
1114 1435 1219 1475 stato
1250 1433 1316 1475 die
1345 1433 1489 1476 solitas
1519 1447 1610 1476 cum
1641 1433 1803 1488 Scythis
1833 1435 1950 1476 coire.

299 1522 347 1548 n
358 1520 475 1547 mma
497 1516 576 1556 pro
595 1503 780 1556 flumine,
807 1506 883 1545 aut
895 1504 1079 1558 fluenta.-
1185 1515 1556 1547 THERMODON'rls
1577 1505 1750 1559 plenum
1772 1508 1838 1547 est
1857 1504 2010 1547 ‘Ther-

300 1572 516 1628 modoon',
548 1573 622 1615 sed
653 1588 731 1629 per
764 1574 1015 1629 synaeresin
1046 1573 1352 1617 ‘Thermodon'
1385 1575 1505 1617 fecit:
1543 1575 1654 1617 unde
1687 1574 1802 1618 ‘don'
1836 1576 2011 1618 circum-

301 1648 458 1690 flexum
491 1645 672 1687 habebit
703 1649 938 1688 accentum.
1001 1644 1162 1687 Graeca
1194 1645 1309 1687 enim
1342 1647 1520 1689 nomina
1550 1661 1724 1689 necesse
1757 1650 1823 1689 est
1853 1650 1903 1689 ut
1934 1648 2012 1689 cir·

302 1718 648 1768 cumflectantur,
695 1717 892 1772 quotiens
940 1717 990 1759 fit
1032 1717 1276 1772 synaeresis
1329 1717 1524 1774 exigente
1573 1718 1700 1760 metri
1743 1718 2013 1761 necessitate.

302 1804 406 1846 ergo
445 1789 481 1831 si
519 1789 577 1830 sit
608 1787 958 1843 ‘Thermodoonz
996 1787 1083 1830 ‘do'
1122 1791 1293 1830 acutum
1333 1789 1511 1831 habebit
1549 1792 1789 1832 accentum:
1829 1790 1942 1846 quod
1976 1790 2014 1831 si

303 1859 611 1903 ‘Thermodon'
645 1860 808 1915 fecerit,
841 1862 883 1901 et
915 1859 959 1902 in
992 1859 1165 1902 finalem
1197 1860 1468 1916 transfertur,
1502 1863 1545 1903 et
1577 1863 1767 1903 mutatur
1793 1863 2012 1904 accentus:

304 1948 405 1975 nam
438 1931 736 1974 circumflexus
767 1931 829 1973 fit.

424 2004 523 2046 660.
573 2014 785 2046 PVLSANT
830 2001 1001 2045 Ennius
1052 2002 1106 2045 ad
1156 2018 1302 2045 musas
1354 2018 1480 2058 quae
1523 2003 1741 2059 pedibus
1786 2004 2013 2059 pulsatis

305 2076 589 2131 Olympum.
709 2086 992 2117 BELLANTVR
1034 2089 1113 2129 pro
1163 2073 1390 2117 ‘bellant'z
1433 2089 1534 2116 nam
1581 2075 1722 2117 solent
1766 2075 1898 2118 verba
1934 2090 2014 2130 pro

305 2146 447 2189 verbis
486 2145 606 2201 poni:
649 2145 762 2187 unde
801 2159 915 2187 nunc
954 2146 1172 2200 passivam
1211 2146 1540 2188 declinationem
1580 2146 1659 2188 sub
1698 2146 1839 2189 activa
1869 2147 2015 2202 posuit

310 2217 650 2274 significatione,
689 2217 801 2259 sicut
838 2218 883 2258 in
920 2217 1134 2273 georgicis
1167 2216 1238 2271 <11
1269 2217 1384 2272 425>
1418 2220 1467 2259 et
1495 2218 1752 2273 placidam
1783 2218 1898 2273 paci
1928 2233 2016 2260 nu-

228 2291 234 2295 “
309 2289 472 2331 tritor
511 2288 695 2331 olivam
734 2288 927 2330 futurum
959 2290 1130 2345 tempus
1163 2303 1187 2330 a
1218 2289 1390 2343 passivo
1423 2288 1570 2344 posuit
1600 2303 1677 2343 pro
1708 2289 1928 2343 praesenti
1961 2290 2014 2331 ab

405 2482 445 2512 11
474 2476 611 2512 Tanais
638 2504 645 2511 .
667 2503 675 2511 .
731 2476 1018 2522 transtuleiunt]
1046 2476 1091 2511 cf.
1119 2477 1303 2512 Ammian.
1330 2477 1442 2511 Mar.c
1469 2476 1571 2511 XXII
1597 2480 1701 2522 8,17
1723 2489 1801 2522 sqq.
1822 2478 1834 2523 ΙΙ
1865 2481 1907 2512 13
1934 2476 2012 2513 Sal-

306 2524 458 2570 lustius]
479 2524 564 2559 hist.
586 2523 637 2558 III
656 2524 773 2566 491).,
793 2526 839 2558 46
863 2524 922 2558 ΚΥ.
949 2523 994 2558 cf
1017 2523 1098 2558 Isid.
1121 2535 1170 2558 or.
1191 2523 1382 2567 X1V3‚27
1403 2525 1479 2570 1124
1500 2524 1656 2570 Ennius]
1678 2535 1762 2559 ann.
1783 2536 1816 2560 v.
1834 2528 1852 2558 1
1874 2525 2014 2571 Vahl.12

308 2576 353 2608 25
380 2584 469 2607 Bam
472 2583 588 2607 ANTvn
611 2582 678 2616 pro
704 2552 862 2617 bellant]
891 2570 935 2605 cf.
962 2569 1058 2606 Non.
1084 2583 1120 2615 p.
1146 2575 1228 2616 472,
1253 2575 1274 2606 9
1301 2571 1351 2606 M.

407 2755 425 2785 1
453 2749 534 2785 dios
553 2749 674 2785 ASF
708 2760 789 2784 1aoc
814 2749 858 2784 H
891 2748 972 2784 dioc
994 2750 1042 2783 M
1058 2750 1071 2794 ΙΙ
1090 2753 1111 2784 5
1137 2750 1176 2784 et
1199 2748 1289 2784 belli
1316 2749 1477 2785 saeuiret
1503 2762 1530 2784 s.
1556 2762 1585 2784 r.
1611 2762 1644 2784 u.
1673 2748 1814 2785 diceret
1834 2749 1873 2783 F
1888 2750 1900 2796 ΙΙ
1919 2753 1940 2784 6
1966 2751 2016 2785 ad

309 2811 341 2835 v.
369 2801 437 2834 658
462 2797 615 2842 quidam
639 2797 777 2832 bonum
804 2796 992 2832 interdum
1023 2808 1091 2841 pro
1123 2797 1258 2842 grandi
1289 2797 1481 2842 accipiunt
1510 2798 1548 2832 et
1579 2797 1650 2832 hoc
1681 2797 1764 2832 loco
1789 2797 1845 2831 ita
1869 2796 2013 2832 intelle-

311 2846 416 2891 gunt.
455 2856 531 2880 non
555 2844 650 2879 nulli
677 2844 868 2879 ministras
895 2873 901 2880 .
924 2872 931 2878 .
954 2872 961 2879 .
989 2845 1027 2878 et
1052 2844 1141 2879 belli
1169 2845 1210 2880 Τ.
1250 2856 1322 2880 non
1348 2844 1441 2879 nulli
1469 2873 1476 2880 .
1498 2873 1506 2879 .
1529 2872 1535 2879 .
1563 2846 1601 2879 et
1625 2845 1715 2879 belli
1740 2855 1784 2879 ex
1807 2844 1872 2879 hoc
1896 2845 2016 2880 codice

311 2893 425 2928 edidit
450 2892 605 2935 Daniel,
629 2902 696 2927 om.
724 2891 764 2926 F
785 2894 796 2936 ΙΙ
830 2896 872 2926 12
899 2892 986 2926 ante
1011 2891 1084 2926 AS
1092 2892 1128 2926 R
1153 2893 1164 2938 ΙΙ
1197 2896 1241 2926 13
1268 2892 1514 2927 hermodonta
1538 2892 1610 2926 AS
1619 2892 1667 2927 M
1703 2891 1915 2926 ermotonta
1938 2891 1983 2926 H
2003 2891 2015 2938 Η

312 2939 444 2986 etiam]
472 2940 509 2974 et
534 2939 574 2973 F
598 2941 611 2984 ΙΙ
646 2942 690 2974 14
716 2940 801 2985 capi
826 2939 862 2973 R
900 2949 1032 2984 campo
1058 2939 1098 2973 F
1114 2940 1125 2985 ΙΙ
1155 2939 1402 2984 themescyrei
1428 2940 1500 2974 AS
1534 2937 1770 2974 themescirei
1794 2938 1832 2973 R
1868 2938 2014 2973 Trenis-

313 2987 414 3032 cyrei
438 2986 483 3021 H
516 2985 670 3021 threisci
697 2987 746 3021 M
781 2985 904 3022 thenis
931 2985 1050 3031 cyrrei
1075 2986 1115 3020 F
1139 2988 1152 3032 ss
1185 2990 1227 3021 15
1255 2987 1389 3032 Tanai]
1416 2987 1503 3021 iana
1527 2987 1568 3020 Η
1585 2988 1598 3031 ΙΙ
1630 2990 1672 3021 16
1699 2986 1863 3038 digresse
1888 2985 1924 3020 R
1961 2985 2015 3021 di-

313 3033 432 3080 gressi
457 3033 546 3068 HF
561 3034 572 3079 ΙΙ
591 3045 674 3069 cum
701 3033 850 3079 Scythis
875 3034 1022 3078 scripsi:
1050 3044 1133 3068 cum
1160 3034 1330 3070 scinthiis
1356 3034 1390 3069 G
1427 3032 1594 3069 scinthiis
1614 3033 1654 3067 F
1689 3031 1845 3067 Sinthiis
1874 3033 2015 3068 Masvi-

313 3083 401 3118 cius.
441 3082 485 3125 cf.
508 3081 640 3116 Strabo
665 3080 717 3115 XI
739 3093 775 3126 p.
798 3084 867 3116 504
885 3081 897 3127 ΙΙ
918 3084 961 3115 17
987 3082 1037 3116 ad
1060 3094 1216 3117 ermmA
1240 3093 1267 3117 ε.
1287 3093 1319 3118 υ.
1343 3081 1481 3116 fluenta
1503 3081 1536 3115 T
1551 3083 1564 3126 fl
1583 3092 1874 3115 rnnnuonoonns
1893 3080 1989 3115 ΒΜ
2006 3080 2016 3126 [Ι

315 3133 359 3164 18
386 3129 478 3164 facit
502 3128 591 3163 HF
606 3130 618 3174 ΙΙ
652 3132 694 3163 19
720 3140 856 3174 graeca
880 3128 979 3163 enim
1006 3155 1012 3162 .
1035 3129 1254 3165 ..habebit
1278 3130 1473 3164 accentum
1497 3139 1563 3163 om
1584 3127 1621 3162 R
1646 3129 1657 3173 ss
1688 3131 1732 3162 23
1761 3126 2016 3163 circumflexus

314 3188 381 3213 om.
402 3176 446 3211 H
461 3177 473 3223 ΙΙ
492 3180 538 3211 24
563 3176 611 3211 ad
636 3177 779 3222 musas]
806 3187 930 3211 musae
958 3175 1030 3211 AS
1045 3178 1056 3219 ΙΙ
1076 3175 1205 3222 quae]
1216 3188 1271 3221 eq.
1297 3176 1334 3210 R
1352 3177 1364 3222 ΙΙ
1383 3174 1538 3221 pedibus
1563 3185 1629 3210 om.
1651 3175 1722 3210 AS
1739 3177 1752 3220 ΙΙ
1771 3178 1815 3210 25
1842 3175 1955 3220 olypu
1978 3174 2014 3209 A

315 3222 447 3269 olimpi
471 3223 508 3258 R
545 3223 636 3268 olipi
662 3223 707 3258 H
725 3225 738 3268 ΙΙ
769 3235 855 3258 nam
883 3250 891 3258 .
913 3251 920 3259 .
943 3251 950 3258 .
978 3223 1081 3258 caelo
1106 3223 1332 3269 praecipitat
1356 3234 1422 3258 om.
1450 3222 1491 3258 F
