2092 3614
503 233 654 271 COMM.
679 233 732 270 IN
757 232 903 270 VERG.
929 233 1040 269 AEN.
1067 232 1155 268 VIII
1183 236 1382 269 104—118.
1704 232 1791 276 215

77 358 158 400 que
190 357 288 386 cum
318 342 410 386 ludi
442 343 654 386 circenses
679 342 875 399 Apollini
901 342 1222 385 celebrarentur
1248 343 1292 384 et
1316 341 1541 385 Hannibal
1566 342 1792 385 nuntiatus

76 416 191 456 esset
222 414 336 457 circa
367 415 539 470 portam
565 413 782 458 Collinam
807 414 906 457 urbi
931 414 1150 470 ingruere,
1183 427 1333 456 omnes
1364 413 1502 469 raptis
1535 413 1668 456 armis
1694 427 1792 457 con-

75 489 311 529 currerunt.
371 486 535 529 reversi
577 489 732 542 postea
777 500 874 528 cum
916 485 1137 540 piaculum
1181 484 1488 539 formidarent,
1532 485 1791 528 invenerunt

74 558 309 600 saltantem
341 557 386 599 in
418 558 530 601 circo
564 573 710 602 senem
745 557 969 615 quendam.
1033 557 1106 612 qui
1143 570 1240 599 cum
1278 556 1572 612 interrogatus
1612 557 1791 600 dixisset

74 643 119 671 se
151 643 239 672 non
269 629 552 685 interrupisse
591 630 886 684 saltationem,
928 628 1089 671 dictum
1122 629 1189 670 est
1220 627 1303 670 hoc
1334 627 1613 682 proverbium
1646 628 1790 671 ‘salva
1816 636 1837 669 5

72 714 141 742 res
188 702 271 757 est,
320 701 453 743 saltat
499 701 663 744 senex’.
720 699 969 744 ‘audacem'
1014 701 1159 760 autem
1205 698 1323 758 dicit·
1352 699 1512 755 ubique
1556 699 1790 756 Vergilius,

72 772 272 827 quotiens
304 772 396 814 vult
427 773 652 815 ostendere
683 773 890 816 virtutem
923 771 1014 814 sine
1046 771 1239 813 fortuna:
1279 771 1390 813 unde
1429 771 1562 814 etiam
1594 764 1789 814 Turnum

72 843 277 886 audacem
308 845 435 886 vocat
467 842 559 899 <IX
585 843 654 899 3).
1462 898 1467 902 ⁶

193 914 289 958 112.
338 926 535 958 IVVENES
575 927 697 966 QVAE
730 926 877 957 CAVSA
916 924 1115 976 SYBEGIT
1156 912 1374 955 succincta
1412 915 1456 956 et
1492 914 1621 970 plena
1658 915 1788 956 inter-

70 985 260 1042 rogatio,
292 986 360 1029 cui
391 1001 468 1041 per
500 986 672 1043 singula
702 985 935 1041 respondet
965 983 1149 1027 Aeneas.
1814 996 1856 1027 10

192 1057 288 1101 113.
337 1075 502 1101 Joivoms
526 1075 732 1101 mmmm
762 1075 849 1101 VJAS
875 1058 963 1099 ideo
990 1055 1195 1110 ‘iynotasz
1226 1057 1327 1110 quia
1351 1057 1458 1099 videl
1482 1071 1546 1100 eos
1571 1072 1653 1100 6336
1673 1072 1786 1112 pere-

65 1130 220 1183 yriuos.
271 1133 310 1171 et
339 1129 433 1172 bene
464 1130 650 1184 breviter,
682 1131 753 1172 sed
778 1129 1032 1183 frequentius
1062 1129 1452 1182 interroyationibus
1482 1143 1548 1172 eos
1578 1133 1711 1185 urget,
1742 1134 1790 1173 ut

71 1200 161 1255 <IX
193 1201 307 1256 374>
338 1204 465 1244 state
495 1202 606 1244 viri.
668 1215 789 1255 quae
819 1214 969 1244 causa
1005 1199 1145 1242 viae?
1184 1200 1326 1253 quive
1362 1201 1480 1243 estis
1517 1200 1570 1242 iu
1599 1202 1787 1245 armis?

69 1286 218 1326 quove
249 1274 426 1315 tenetis
457 1273 582 1315 iter?

190 1344 286 1387 114.
336 1356 417 1396 QVI
442 1355 591 1387 GENVS
620 1359 703 1399 quo
731 1358 901 1400 genere.
938 1346 977 1385 et
1000 1343 1107 1385 bona
1131 1345 1190 1385 est
1213 1342 1390 1386 elocutio.
1493 1355 1619 1385 VNDE
1651 1355 1784 1388 DOMO
1814 1354 1857 1386 15

68 1415 119 1457 de
153 1430 237 1471 qua
268 1415 472 1458 civitate?
595 1427 657 1458 AN
687 1427 816 1458 ARMA
855 1417 1031 1469 tropum
1070 1414 1174 1457 fecit
1205 1415 1332 1457 metri
1364 1429 1512 1457 causa:
1551 1430 1653 1458 nam
1687 1431 1785 1460 con-

69 1501 254 1542 sequens
287 1490 380 1530 erat
412 1490 460 1530 ut
493 1487 652 1531 diceret
684 1486 761 1529 ‘an
795 1485 993 1529 bellum'.

189 1559 287 1603 115.
334 1577 452 1603 PVPPJ
479 1577 541 1603 sm
569 1577 699 1604 nrm
730 1577 781 1602 AB
810 1576 912 1602 ALTA
952 1559 1011 1601 sic
1050 1558 1380 1614 intelleyendum‚
1423 1559 1636 1602 iit-simul
1676 1561 1789 1603 [licat

72 1634 110 1673 el
133 1631 277 1684 faciat.

191 1702 286 1744 116.
328 1713 677 1753 PACIFERAEQVE
699 1713 830 1744 MANV
851 1713 1015 1744 RAMVM
1035 1712 1330 1743 PRAETENDIT
1352 1713 1524 1745 OLIVAE
1542 1717 1596 1745 ne
1617 1717 1784 1746 moram
1810 1714 1856 1745 20

68 1773 230 1816 faceret
261 1773 306 1815 in
337 1774 631 1830 responsione.
720 1790 961 1821 mmmmm
971 1790 1018 1815 νΕ
1035 1791 1073 1815 M.
1094 1791 1128 1817 κ.
1148 1791 1177 1815 ι).
1200 1775 1247 1826 0.]
1275 1775 1472 1827 quoniam
1495 1774 1644 1817 Pallas
1659 1776 1785 1829 prius

67 1847 115 1888 cle
137 1859 241 1899 pace
271 1846 512 1899 quaesierat.
561 1850 599 1888 et
627 1847 715 1888 ideo
741 1860 837 1888 mox
861 1846 1026 1901 sianum
1050 1845 1171 1900 pacis
1196 1847 1386 1902 ostendit,
1416 1850 1465 1888 ul
1487 1850 1617 1889 cetera
1636 1847 1784 1890 Pallas

67 1930 230 1959 securus
262 1918 433 1960 audiret.

191 1989 285 2031 117.
338 2006 426 2032 mot
434 2006 580 2033 varius
610 2006 660 2032 ac
690 2007 787 2033 mm
825 1989 995 2032 breviter
1030 1989 1206 2044 siu-qulis
1243 1990 1439 2044 quaesitis
1468 1991 1685 2043 respoudit.
1748 1994 1786 2033 et

68 2059 366 2115 ‘Troiuyeuas'
398 2061 456 2103 acl
485 2059 579 2115 ‘qui
604 2060 753 2115 yeiziis'
787 2061 1055 2114 referendum.
1167 2072 1290 2102 TELA
1315 2072 1453 2103 VIDES
1485 2073 1671 2104 INIMICA
1703 2073 1782 2104 LA·
1808 2072 1854 2103 25

68 2143 190 2174 '1¹1NIS
233 2131 349 2174 bona
388 2131 653 2175 conciliatio:
697 2147 799 2175 nam
842 2131 1039 2175 audierat
1080 2131 1197 2187 <55>
1237 2131 1289 2174 hi
1335 2132 1528 2175 bellum
1570 2132 1782 2175 adsidue

68 2203 261 2246 ducunt
298 2218 406 2245 cum
446 2205 603 2260 gente
634 2203 831 2246 Latina.
895 2218 985 2258 eryo
1018 2203 1121 2246 ‘tela
1151 2202 1344 2246 inimica’
1377 2205 1435 2246 ad
1468 2204 1577 2247 illud
1596 2205 1785 2259 ’pertinet

69 2274 275 2329 ‘pacemne
304 2274 381 2317 huc
409 2275 528 2328 fertis
559 2290 616 2318 an
646 2275 822 2318 arma'?
927 2296 942 2319 ι

189 2346 285 2388 118.
336 2357 454 2397 Qvos
485 2359 582 2389 1LL1
614 2360 764 2391 BELLo
796 2359 1041 2391 PROFvcos
1074 2347 1186 2390 sicut
1217 2350 1261 2390 et
1293 2362 1381 2390 vos.
1435 2349 1478 2389 et
1509 2350 1653 2390 movet
1684 2363 1781 2391 con-

68 2416 331 2460 ciliationem
363 2418 495 2461 etiam
528 2433 579 2478 ex
611 2419 894 2462 similitudine
925 2420 1136 2463 fortunae.
1258 2436 1431 2463 SVPERBO
1461 2419 1626 2462 iniusto.
1806 2429 1851 2460 30

162 2562 207 2594 30
233 2571 388 2595 SVPERBO
412 2560 569 2608 iniusto]
596 2562 641 2597 cf.
667 2562 762 2598 Non.
790 2574 824 2608 p.
852 2566 933 2605 391,
963 2564 1005 2596 15
1032 2560 1080 2595 M.
1667 2559 1687 2576 s

164 2695 182 2726 1
209 2692 252 2726 ut
269 2691 452 2727 hannibas
473 2691 666 2727 nuntiatus
685 2693 743 2728 est
761 2692 802 2727 1⁴*
818 2693 829 2738 ΙΙ
849 2697 869 2727 2
892 2693 1038 2737 portum
1059 2692 1148 2727 HF
1163 2693 1175 2738 ΙΙ
1195 2691 1414 2728 collinemus
1434 2691 1520 2726 LH
1541 2691 1733 2737 (collinam
1752 2694 1780 2739 l)

65 2737 89 2786 Η.
102 2738 185 2774 urbi
210 2750 276 2774 om.
291 2738 327 2782 R
346 2740 358 2785 ΙΙ
376 2739 547 2785 ingraere
568 2740 603 2774 L
639 2739 832 2785 ingrueret
850 2740 895 2774 H
909 2741 922 2784 [Ι
939 2738 1056 2785 reptis
1073 2740 1114 2775 11
1131 2741 1144 2785 ΙΙ
1163 2744 1184 2775 3
1210 2738 1370 2785 piaculis
1390 2739 1462 2774 AS
1480 2740 1492 2786 ΙΙ
1511 2744 1532 2774 4
1558 2740 1760 2777 saltantem

66 2786 307 2823 saltationem
327 2786 369 2822 F
383 2789 396 2832 ΙΙ
415 2787 515 2822 circu
535 2787 575 2822 F
590 2788 602 2834 ΙΙ
622 2787 809 2833 quendam
829 2799 954 2823 senem
973 2787 1010 2822 R
1029 2788 1041 2834 ΙΙ
1060 2790 1080 2823 5
1102 2787 1367 2823 salutationem
1387 2787 1422 2821 L
1454 2787 1694 2824 saltaciorem
1709 2789 1755 2824 H
1764 2742 1781 2836 ll!

67 2838 88 2869 6
114 2834 382 2870 saltantantem
408 2845 534 2870 senem
555 2835 598 2870 H
634 2835 796 2870 saltante
822 2846 909 2871 sene
930 2834 1131 2871 Fabricius
1149 2837 1161 2883 11
1182 2839 1226 2871 10
1252 2834 1494 2881 responderet
1519 2835 1548 2870 S
1584 2836 1780 2881 respondit

24 2872 37 2889 ⁹
67 2881 192 2917 RLF
220 2883 232 2928 ῃ
271 2887 312 2917 11
340 2883 389 2918 ad
413 2881 564 2927 ignotas
589 2893 690 2928 supr.
716 2893 805 2918 vers.
833 2882 921 2928 quia
945 2883 1043 2919 uidit
1069 2893 1132 2919 eos
1156 2883 1371 2929 peregrinos
1397 2882 1484 2918 ideo
1511 2881 1605 2918 dicit
1630 2883 1778 2929 ignotas

70 2928 102 2963 T
117 2930 131 2974 ΙΙ
164 2933 206 2964 12
232 2929 489 2975 frequentibus
514 2930 731 2966 Masvieius.
769 2931 856 2974 fort.
880 2930 1054 2966 brevibus
1079 2931 1143 2966 sed
1167 2930 1423 2975 frequentibus
1448 2931 1460 2975 ΙΙ
1494 2933 1536 2965 13
1563 2931 1678 2976 gestis
1705 2931 1747 2967 F
1768 2932 1780 2978 Η

70 2980 113 3011 14
139 2988 258 3021 quove
287 2978 422 3013 tenetis
447 2978 535 3024 iter]
566 2988 640 3023 quo
664 2977 818 3014 tenditis
842 2978 883 3014 F
911 2979 923 3026 ΙΙ
961 2982 1004 3014 16
1030 2990 1116 3014 nam
1143 2989 1371 3022 consequens
1396 2977 1478 3013 erat
1501 2979 1543 3012 ut
1569 2989 1653 3013 cum
1678 2979 1780 3015 dicet

68 3023 223 3068 (diceret
243 3024 276 3060 G
301 3023 396 3060 dicit
414 3025 567 3070 Daniel)
593 3036 726 3071 pacem
753 3025 934 3072 subiunge
962 3026 1177 3071 (subiungat
1195 3025 1348 3070 Daniel)
1375 3037 1423 3060 an
1450 3026 1525 3070 (am
1546 3025 1592 3069 G,
1617 3037 1684 3061 om.
1698 3027 1778 3061 Da-

67 3071 153 3115 niel)
178 3072 320 3107 bellum
345 3072 387 3107 F
402 3074 413 3119 ΙΙ
443 3076 487 3108 18
512 3074 562 3109 ad
586 3084 618 3109 v.
648 3076 716 3108 115
741 3074 784 3109 ut
809 3074 920 3109 simul
945 3073 1047 3109 dicat
1072 3075 1111 3109 et
1135 3073 1251 3108 faciat
1278 3073 1312 3115 T,
1328 3075 1340 3118 ΙΙ
1368 3077 1413 3108 26
1439 3073 1482 3108 ut
1505 3073 1547 3108 hi
1571 3073 1612 3108 F
1627 3075 1640 3119 ΙΙ
1668 3077 1713 3108 28
1738 3073 1777 3108 in

45 3146 48 3148 a
70 3127 173 3154 arma
196 3119 236 3153 F
251 3120 263 3165 ΙΙ
283 3123 327 3155 29
354 3122 392 3156 et
417 3131 476 3156 mc
501 3123 629 3156 mouet
655 3121 916 3158 conciliatione
936 3122 976 3158 F
991 3123 1003 3167 ss
1022 3122 1072 3157 ad
1097 3133 1278 3156 rnorvcos
1301 3122 1345 3156 in
1369 3132 1483 3168 mary.
1511 3121 1660 3167 proprie
1686 3120 1776 3175 dici-

68 3164 333 3246 turopffvofugus
358 3168 424 3213 qui
449 3179 472 3204 a
496 3168 572 3205 suis
597 3168 747 3205 sedibus
772 3170 830 3205 est
853 3169 1006 3217 fugatus
1033 3169 1067 3204 Τ
1095 3170 1107 3214 ΙΙ
1138 3172 1184 3204 30
1210 3169 1259 3205 ad
1284 3181 1438 3205 svrsano
1464 3179 1565 3215 supr.
1591 3179 1680 3204 vers·
1706 3169 1775 3205 mi-

70 3223 120 3257 qu
