2092 3614
530 254 681 291 COMM.
708 253 761 290 ΙΝ
785 245 931 291 VER'G.
958 254 1069 291 AEN.
1097 253 1183 290 v111
1210 257 1410 290 713-728.
1724 234 1812 295 305

98 363 290 406 Poenulo
318 363 386 418 <V
405 365 444 415 2,
469 364 552 418 15>
578 364 724 406 dicens
756 377 883 419 quae
917 365 994 404 est
1025 362 1120 404 illa
1152 362 1292 404 avis?
1326 376 1425 404 cum
1452 361 1606 404 Afrum
1633 361 1814 404 vidisset

100 436 264 477 vestem
296 435 519 477 dimissam
551 434 817 490 trahentem3
846 447 973 488 neque
1002 434 1112 492 enim
1142 436 1319 476 utuntur
1347 432 1539 486 hodieque
1568 433 1705 476 zonis:
1739 434 1814 475 aut

101 504 377 548 ‘discinctos'
412 505 521 547 dixit
551 504 768 547 inhabiles
801 504 1002 559 militiae3
1035 518 1185 547 omnes
1218 503 1332 545 enim
1359 504 1432 558 qui
1457 504 1650 546 militant
1681 503 1811 546 cincti
1848 502 1850 504 ’

100 579 218 619 sunt:
251 580 327 619 aut
353 580 468 619 certe
499 576 762 628 inefficaces,
794 578 843 618 ut
868 578 1019 618 contra
1044 573 1347 630 ‘praecinctos'
1380 572 1582 616 strenuos
1614 575 1813 617 dicimus:

99 646 308 690 Horatius
335 648 493 690 alti-us
526 662 581 689 ac
606 662 699 690 nos
731 646 1051 702 praecinctis
1084 661 1247 689 unum.
1296 646 1410 688 unde
1435 648 1479 687 et
1498 645 1659 688 Graece
1686 643 1811 697 εὔζω-
1839 654 1861 686 5

99 733 176 768 νος
203 719 448 774 appellatur
472 717 558 760 non'
586 718 660 774 qui
686 718 845 760 bonam
872 732 1024 761 zonam
1056 717 1205 769 habet,
1238 717 1311 760 sed
1345 717 1418 772 qui
1447 720 1514 759 est
1540 719 1755 759 strenuus.

98 801 334 833 MVLCIBER
364 790 606 843 Vulcanus,
645 790 699 832 ab
739 804 788 832 eo
828 789 942 845 quod
979 791 1123 831 totum
1161 788 1274 844 ignis
1308 789 1564 843 permulcet:
1605 792 1681 830 aut
1710 789 1818 842 quod

97 861 181 914 ipse
199 861 403 904 mulcatus
419 861 543 914 pedes
561 861 627 914 sit,
651 861 758 903 sieut
774 857 1020 914 'quibusdam
1040 860 1223 902 videtur:
1249 863 1324 902 aut
1342 860 1452 913 quod
1469 860 1558 914 iqui
1577 860 1814 902 mulceatur.

219 931 316 974 725.
365 942 579 974 LELEGAS
600 930 854 974 Thessalos:
886 931 1085 974 Lucanus
1118 931 1169 972 de
1191 930 1419 972 Thessalia
1446 929 1539 984 <VI
1560 930 1676 984 383>
1703 945 1816 973 mox

99 1002 338 1058 Lelegum
388 1001 571 1043 dextra
620 1016 852 1056 pressum
899 1001 1167 1044 descendit
1211 1003 1449 1043 aratrum.
1572 1012 1815 1052 CARASQVE
1844 1010 1887 1041 10

98 1071 235 1116 Carae
266 1073 455 1114 insulani
488 1073 639 1127 populi
671 1073 845 1115 fuerunt
876 1073 1062 1128 piratica
1093 1072 1268 1127 famosi,
1304 1072 1408 1115 victi
1440 1088 1465 1115 a
1498 1072 1661 1127 Minoe,
1693 1075 1742 1114 ut
1774 1075 1817 1115 et

98 1143 370 1200 Thucydides
404 1146 447 1185 et
479 1142 712 1187 Sallustius
745 1144 906 1187 dicunt.
1027 1155 1246 1195 GELONOS
1279 1143 1467 1198 populus
1500 1142 1718 1198 Scythiae.

219 1215 316 1257 726.
366 1226 645 1259 EVPHRATES
682 1227 791 1258 IBAT
830 1227 914 1258 IAM
946 1227 1157 1259 MOLLIOR
1194 1227 1337 1258 vums
1380 1215 1571 1258 sentiens
1609 1216 1734 1271 quasi
1771 1230 1815 1258 se

98 1301 192 1329 esse
227 1288 496 1342 superatum:
528 1285 738 1329 Horatius
772 1287 998 1330 minores
1032 1287 1240 1330 volvere
1274 1287 1511 1329 vertices.

220 1358 317 1399 727.
367 1368 538 1399 MORINI
564 1358 714 1412 populi
733 1357 903 1400 Galliae
930 1358 973 1400 in
999 1357 1178 1413 finibus,
1205 1357 1279 1413 qui
1307 1356 1578 1399 Britanniam
1605 1359 1815 1413 spectant,
1844 1365 1886 1396 15

88 1429 277 1483 proximi
313 1442 471 1471 oceano.
592 1440 779 1472 RHENVS
818 1429 974 1471 fluvius
1015 1428 1201 1483 Galliae,
1239 1429 1312 1482 qui
1343 1427 1574 1471 Germanos
1610 1443 1637 1471 a
1670 1428 1814 1471 Gallia

96 1500 253 1542 dividit.
305 1499 529 1543 ‘bicornis'
555 1504 700 1542 autem
726 1503 802 1542 aut
825 1513 1036 1543 commune
1064 1503 1123 1543 est
1146 1500 1334 1542 omnibus
1358 1499 1517 1554 fluviis,
1549 1503 1624 1542 aut
1646 1501 1816 1554 proprie

97 1572 146 1614 de
170 1571 333 1626 Rheno,
366 1572 466 1626 quia
496 1587 573 1626 per
606 1572 712 1614 duos
746 1572 892 1614 alveos
924 1572 1039 1614 fluit:
1071 1586 1148 1627 per
1178 1586 1312 1613 unum
1346 1586 1431 1626 qua
1462 1571 1706 1613 Romanum
1739 1572 1815 1613 im-

96 1642 264 1698 perium
291 1644 374 1697 est,
407 1657 484 1698 per
510 1643 694 1685 alterum
722 1658 807 1698 qua
834 1631 1020 1685 interluit
1044 1642 1258 1698 barbaros,
1290 1643 1360 1685 ubi
1386 1643 1471 1684 iam
1506 1642 1640 1685 Valial
1664 1643 1815 1685 dieitur

97 1716 135 1754 et
162 1713 267 1765 facit
294 1714 478 1755 insulam
509 1714 782 1756 Batavorum.
1842 1721 1887 1753 20

219 1784 316 1827 728.
366 1796 527 1826 DAHAE
560 1785 711 1840 populi
739 1783 963 1840 Scythiae,
997 1799 1025 1827 a
1048 1788 1173 1839 parte
1202 1785 1526 1839 septemtrionali
1557 1785 1687 1827 iuneti
1713 1784 1812 1827 Per-

92 1856 196 1898 sidi:
233 1856 342 1898 unde
371 1855 488 1898 Davi
518 1857 627 1898 dieti.
748 1867 929 1899 ARAXES
966 1856 1032 1899 hie
1071 1856 1230 1898 fluvius
1262 1856 1511 1910 Armeniae,
1551 1871 1677 1911 quem
1709 1871 1813 1911 pon—

37 1952 40 1955 ·
95 1926 215 1968 tibus
253 1928 374 1969 nisus
396 1931 481 1969 est
512 1926 677 1969 Xerxes
709 1926 1007 1970 conscendere.
1069 1928 1136 1969 cui
1166 1927 1406 1969 Alexander
1437 1927 1623 1981 Magnus
1648 1930 1814 1983 pontem

94 1997 206 2052 feeit,
249 2011 367 2052 quem
409 1999 598 2052 fluminis
640 1999 890 2041 incrementa
932 2001 1141 2052 ruperunt.
1196 2001 1339 2052 postea
1377 1998 1592 2052 Auyustus
1631 1999 1815 2052 firmiore

28 2073 35 2083 “
89 2072 214 2123 ponte
249 2083 341 2111 eum
379 2070 538 2124 liyavit,
579 2070 686 2112 unde
722 2071 780 2112 acl
808 2069 990 2124 Auyusti
1016 2069 1196 2124 ,qloriam
1227 2070 1336 2125 dixit
1366 2068 1556 2123 ‘pontem’
1572 2070 1814 2123 incliynatus
1839 2076 1884 2108 25

96 2140 262 2183 Araxes
271 2139 295 2182 '.

192 2237 213 2268 5
239 2233 431 2281 Horatius]
466 2235 534 2270 sat.
562 2234 578 2269 1
605 2238 637 2278 5,
664 2238 684 2269 5
723 2236 734 2281 ΙΙ
773 2238 791 2269 7
819 2233 1010 2270 Vulcanus
1037 2261 1044 2268 .
1067 2260 1074 2268 .
1097 2262 1104 2270 .
1132 2233 1357 2279 permulcet]
1391 2232 1437 2268 cf.
1464 2233 1627 2269 Macrob.
1657 2232 1734 2268 Sat.
1764 2232 1813 2267 VI

98 2284 130 2326 5,
157 2285 189 2317 2.
229 2282 324 2317 Don.
350 2282 398 2317 ad
424 2281 506 2316 Ter.
534 2281 591 2316 ad.
619 2282 635 2317 I
661 2285 694 2324 2,
723 2286 784 2324 10;
811 2282 890 2317 hec.
919 2282 934 2316 l
962 2285 993 2326 1,
1019 2285 1040 2317 8
1068 2282 1079 2328 ΙΙ
1114 2285 1156 2316 12
1184 2280 1440 2326 Thucydides]
1468 2280 1485 2314 I
1511 2284 1532 2314 4
1551 2281 1563 2325 ΙΙ
1596 2279 1811 2326 Sallustius]

95 2328 181 2365 hist.
207 2328 278 2364 inc.
307 2332 328 2364 8
355 2327 531 2373 Dietsch.,
557 2328 573 2363 1
601 2332 644 2364 78
671 2329 784 2364 Kritz.
806 2330 818 2374 ΙΙ
850 2332 893 2364 14
918 2328 1112 2375 Horatius]
1141 2339 1252 2364 carm.
1279 2327 1314 2363 II
1341 2332 1373 2372 9,
1401 2331 1445 2363 22
1465 2330 1477 2373 ΙΙ
1506 2332 1549 2363 22
1578 2326 1718 2363 Araxes
1745 2356 1751 2363 .
1775 2356 1781 2363 .
1805 2356 1812 2363 .

95 2376 302 2421 ruperunt]
319 2377 363 2412 cf.
391 2376 477 2412 Isid.
505 2388 556 2412 or.
582 2375 668 2412 XIII
694 2380 750 2421 21,
774 2381 816 2412 16

193 2463 213 2494 2
239 2458 436 2495 demissam
463 2459 508 2494 H
521 2461 533 2504 ΙΙ
559 2458 718 2505 odieque
745 2460 845 2495 sonis
871 2459 911 2494 F
927 2462 939 2505 ΙΙ
968 2463 990 2495 4
1016 2460 1131 2506 certe]
1159 2460 1284 2494 cetera
1309 2458 1349 2493 F
1365 2460 1377 2505 ΙΙ
1406 2459 1576 2494 strenuos
1603 2486 1610 2493 .
1635 2485 1642 2492 .
1663 2482 1671 2492 .
1698 2469 1814 2493 unum

97 2517 162 2542 om.
190 2506 230 2541 F
256 2508 268 2552 ss
306 2510 327 2541 5
353 2506 576 2552 praecinctis
601 2507 732 2554 unum]
758 2507 968 2553 praecincti
993 2507 1079 2542 sunt
1103 2518 1218 2541 unum
1245 2505 1461 2541 ASRLM
1485 2507 1593 2550 (corr.
1619 2507 1668 2551 m)
1707 2514 1813 2550 prae-

98 2553 212 2590 cincti
244 2555 330 2589 sunt
355 2554 400 2588 H
431 2556 444 2599 ΙΙ
480 2565 639 2590 euzonos
671 2555 764 2590 LM
800 2566 939 2591 euzona
969 2554 1042 2589 AS
1078 2566 1192 2589 uzono
1218 2553 1255 2588 R
1291 2564 1432 2589 euzono
1465 2553 1507 2587 H
1543 2563 1704 2589 euzonus
1731 2553 1771 2587 F
1803 2553 1813 2598 Η

99 2606 119 2637 6
145 2603 210 2646 qui
236 2604 293 2636 est
317 2612 382 2638 om.
404 2601 443 2636 F
459 2602 471 2646 ΙΙ
491 2601 555 2646 qui
580 2613 647 2637 om.
674 2602 835 2637 ASHL
853 2604 865 2648 ΙΙ
891 2602 964 2648 est]
992 2602 1030 2637 et
1056 2601 1090 2636 L
1128 2612 1165 2636 es
1191 2601 1234 2635 H
1249 2601 1262 2646 ss
1287 2601 1471 2636 strenicus
1498 2599 1538 2635 F
1553 2602 1565 2645 ΙΙ
1593 2604 1612 2635 7
1638 2612 1813 2636 nvncmfflz

98 2648 266 2684 ASRH
272 2649 319 2683 M
341 2650 354 2694 ΙΙ
386 2651 407 2683 8
431 2648 516 2694 ipso
541 2648 581 2684 F
597 2650 608 2695 ΙΙ
639 2649 843 2686 mulctatus
871 2650 1078 2685 Masvicius
1103 2650 1115 2694 ΙΙ
1146 2648 1356 2684 mulceatur
1382 2648 1436 2683 F:
1463 2648 1649 2683 mulcatur
1674 2648 1813 2683 Daniel

99 2697 300 2731 mulctatur
321 2695 539 2731 Masvicius.
564 2697 648 2740 fort.
676 2697 755 2743 igni
780 2697 919 2732 ferrum
945 2697 1153 2732 mulceatur
1171 2696 1183 2742 ΙΙ
1212 2699 1232 2731 9
1259 2697 1365 2732 schol.
1394 2697 1443 2731 ad
1467 2706 1624 2730 LELEGAS
1650 2706 1716 2730 om.
1738 2695 1779 2729 F
1801 2695 1812 2741 Η

100 2747 141 2779 11
170 2755 256 2779 cara
275 2741 320 2778 H
334 2744 346 2789 11
364 2742 525 2778 insulam
547 2742 622 2778 SF
644 2744 864 2789 (insularum
889 2746 921 2790 s)
958 2743 1096 2779 insulai
1116 2743 1151 2778 L
1177 2743 1284 2789 (corr.
1306 2744 1332 2789 l)
1353 2744 1364 2789 ΙΙ
1383 2745 1423 2778 et
1448 2754 1513 2778 om.
1530 2742 1570 2777 F
1586 2744 1598 2788 ΙΙ
1619 2746 1661 2777 12
1690 2741 1812 2777 tuehi-

98 2791 202 2827 dides
222 2790 344 2825 ARL
380 2788 577 2835 tucydides
597 2791 625 2826 S
633 2792 678 2826 H
707 2791 937 2837 duchydides
958 2792 1007 2826 M
1041 2790 1254 2827 tuchidides
1274 2790 1315 2825 F
1331 2793 1343 2835 ΙΙ
1362 2790 1456 2826 dicit
1475 2790 1519 2824 H
1533 2791 1545 2835 ΙΙ
1563 2790 1723 2835 populos
1744 2789 1785 2824 F
1801 2790 1813 2835 Η

100 2842 143 2874 15
169 2839 208 2873 in
234 2837 371 2884 galliae
399 2836 533 2872 fimbus
560 2837 601 2872 F
615 2839 628 2884 ΙΙ
654 2842 697 2874 18
725 2838 850 2874 alveos
875 2850 942 2875 om.
969 2839 1013 2874 H
1027 2839 1040 2885 ΙΙ
1060 2838 1151 2884 qua]
1179 2849 1251 2883 quo
1280 2839 1329 2873 M
1345 2839 1358 2883 ΙΙ
1385 2841 1427 2873 19
1448 2841 1535 2883 post
1559 2848 1626 2882 per
1650 2836 1812 2872 alterum

98 2887 140 2921 in
158 2886 359 2933 Reqinensi
382 2885 544 2930 spatium
569 2887 733 2922 relietum
758 2890 809 2921 est
834 2887 876 2921 in
900 2897 970 2932 quo
996 2897 1071 2932 qua
1094 2884 1264 2921 interluit
1290 2886 1469 2921 barbaros
1493 2885 1642 2929 scripsit
1662 2885 1809 2920 Daniel.

98 2932 268 2969 interluit
297 2933 482 2968 Barbaros
517 2933 631 2969 edidit
663 2932 889 2978 Stephanus:
925 2945 1017 2979 quae
1044 2937 1138 2979 puto
1170 2933 1289 2968 Servii
1321 2943 1411 2976 esse,
1448 2933 1510 2968 eui
1546 2933 1659 2967 nolim
1697 2932 1814 2967 tribui

99 2991 165 3026 per
189 2980 347 3016 alterum
375 2991 449 3024 qua
473 2978 604 3016 Dahae
629 2981 761 3026 populi
782 2980 954 3026 Scythiae
972 2982 985 3027 ΙΙ
1004 2985 1047 3016 21
1074 2993 1193 3016 mnu:
1213 2979 1250 3014 A
1287 2991 1404 3015 mma
1430 2979 1459 3015 S
1495 2991 1603 3014 mnu:
1628 2979 1660 3014 L
1687 2978 1810 3022 (Indo—

100 3026 183 3063 miti
208 3028 277 3063 dae
304 3028 330 3072 l)
368 3039 455 3062 INDA
478 3027 525 3061 H
556 3041 718 3063 mnomn
742 3039 862 3063 nAnAu
886 3028 936 3063 M
966 3041 1128 3064 mnomn
1153 3039 1296 3062 nAcflAn
1321 3027 1358 3062 R
1394 3039 1567 3062 nmomrn
1593 3039 1712 3061 DfflAu
1738 3025 1777 3060 F
1800 3026 1811 3069 I]

100 3075 268 3119 seythiae
294 3073 425 3120 populi
456 3074 495 3109 F
512 3075 523 3121 ΙΙ
555 3079 598 3111 22
626 3075 713 3111 dani
738 3076 793 3110 F:
820 3075 917 3111 Dani
941 3076 1079 3112 Daniel
1097 3077 1109 3121 ΙΙ
1134 3075 1322 3110 armeniae
1348 3074 1482 3109 fluuius
1509 3073 1550 3109 F
1564 3075 1576 3118 ΙΙ
1605 3085 1715 3119 quem
1743 3100 1749 3106 .
1772 3099 1778 3105 .
1802 3101 1808 3107 .

101 3122 346 3158 conscendere
372 3133 438 3157 om.
456 3121 506 3156 M
510 3121 566 3158 Fl
586 3125 597 3170 ΙΙ
617 3123 742 3170 quem]
770 3133 867 3168 quae
892 3123 981 3158 ΑΗ
994 3125 1007 3169 ΙΙ
1026 3127 1070 3159 23
1097 3133 1221 3159 xerses
1242 3120 1315 3159 AS
1354 3132 1499 3157 exerses
1520 3121 1555 3156 L
1593 3131 1714 3156 serxes
1735 3119 1775 3153 H
1799 3119 1820 3163 ξ’·

102 3168 177 3214 cui]
216 3169 276 3205 vel
306 3170 366 3205 cui
399 3169 617 3206 Masi-icius.
662 3182 723 3206 cm
755 3171 965 3206 Alexander
991 3200 998 3207 .
1026 3200 1034 3208 .
1062 3197 1069 3205 .
1097 3172 1238 3206 Araxes
1276 3170 1318 3204 in
1348 3180 1462 3214 mary.
1495 3169 1565 3212 inf.
1598 3177 1722 3212 sempe.
1752 3167 1763 3201 l
1800 3153 1811 3212 Il

103 3219 149 3250 24
173 3217 351 3261 ruperant
376 3218 388 3252 l
411 3216 424 3261 ΙΙ
455 3219 499 3251 25
526 3218 589 3264 ad]
618 3218 654 3253 et
681 3219 723 3264 lu
754 3217 845 3254 dicit
871 3219 882 3253 l

176 3281 273 3308 Servii
293 3290 398 3309 comm.
416 3283 486 3310 Vol.
505 3283 547 3309 11.
567 3284 655 3309 Fuso.
674 3284 699 3309 Ι.
1481 3279 1525 3309 20
