2092 3614
336 275 358 316 1
367 275 421 316 78
1108 273 1267 311 SERVII

455 384 553 427 661.
602 395 751 426 ΜῙΧΤΑ
787 395 884 427 nno
922 388 1150 442 μιχθεῖσα,
1193 397 1346 439 graece
1389 383 1508 426 dixit.
1628 396 1802 427 MVLIER
1842 398 2042 439 compen-

335 455 454 498 diose
484 456 714 498 mortalem
745 455 869 498 dixit:
912 470 1176 511 consequens
1208 470 1393 511 namque
1430 455 1571 497 fuerat
1609 458 1657 498 ut
1695 456 1854 498 diceret
1884 455 2043 498 ‘mixta

334 527 412 569 ‹leo
457 526 690 570 mortalis'.
823 538 1091 570 LAVRENTIA
1135 538 1259 569 ARVA
1303 526 1567 569 Laurentum
1611 523 1763 569 civitas
1807 526 2042 581 plurimum

333 598 495 654 potuit,
520 613 621 641 nam
648 598 792 642 omnia
818 599 960 641 vicina
991 599 1088 641 loca
1114 599 1204 641 eius
1230 598 1411 654 imperio
1440 598 1760 641 subiacuerunt:
1793 597 1904 640 unde
1930 612 2042 639 nune

285 678 306 708 5
334 670 395 711 ait
427 669 554 712 ‘arva
583 668 851 724 Laurentia'‚
890 684 986 711 cum
1018 670 1139 711 iuxta
1170 669 1361 712 Tiberim
1393 664 1590 712 armenta
1621 668 1830 711 Hercules
1861 669 2042 724 paverit.

333 741 407 783 sed
451 741 684 783 secundum
729 741 955 795 antiquum
1000 741 1151 797 situm,
1197 744 1298 784 ante
1344 741 1504 783 Albam
1549 743 1592 783 et
1627 740 1830 796 Romam,
1874 739 2042 782 Tiberis

334 811 587 855 Laurentini
618 812 704 854 fuit
734 811 953 854 territorii.

452 883 550 926 662.
601 894 819 926 GERYONE
853 882 1070 939 Geryones
1102 899 1177 927 rex
1208 884 1293 926 fuit
1319 883 1568 939 Hispaniae.
1620 884 1692 939 qui
1722 883 1819 926 ideo
1850 884 2041 926 trimem-

332 954 422 997 bris
453 954 650 1010 fingitur,
683 954 784 1009 quia
814 954 954 996 tribus
987 954 1142 997 insulis
1175 955 1380 1011 praefuit,
1423 959 1530 1009 quae
1563 954 1760 997 adiacent
1789 954 2041 1010 Hispaniae:

262 1035 306 1066 10
332 1025 572 1068 Baliaricae
616 1024 776 1067 minori
821 1027 864 1067 et
908 1025 1063 1068 maiori
1108 1028 1151 1068 et
1194 1026 1355 1069 Ebuso.
1416 1025 1596 1081 fingitur
1640 1025 1771 1068 etiam
1819 1025 2041 1080 bicipitem

331 1110 482 1139 canem
526 1096 748 1151 habuisse,
793 1096 893 1151 quia
935 1099 978 1138 et
1016 1097 1213 1140 terrestri
1257 1099 1300 1140 et
1342 1097 1487 1139 navali
1532 1094 1765 1139 'certamine
1809 1096 2042 1152 plurimum

330 1168 486 1223 potuit.
548 1168 663 1210 hunc
693 1166 900 1209 Hercules
939 1167 1054 1210 vicit.
1117 1168 1190 1223 qui
1231 1168 1327 1211 ideo
1366 1168 1546 1224 fingitur
1582 1168 1636 1210 ad
1668 1183 1765 1210 eum
1798 1168 1886 1210 olla
1917 1181 2042 1210 aerea

330 1242 619 1294 transvectus,
664 1237 779 1294 quod
822 1238 978 1281 habuit
1021 1253 1174 1281 navem
1219 1239 1375 1282 fortem
1421 1242 1464 1282 et
1507 1253 1605 1281 aere
1648 1238 1876 1281 munitam.
1934 1236 2042 1279 hune

331 1309 559 1364 Geryonem
595 1310 674 1352 alii
707 1309 1008 1352 Tartessiorum
1046 1323 1179 1364 reqem
1218 1310 1361 1353 dieunt
1394 1310 1523 1363 fnisse
1559 1313 1597 1352 et
1631 1310 1818 1352 habuisse
1854 1311 2042 1351 armenta

262 1391 305 1422 15
324 1381 625 1435 pulcherrima,
655 1394 758 1435 quae
776 1379 976 1423 Hercules
1007 1381 1132 1423 occiso
1157 1394 1201 1424 eo
1225 1381 1409 1424 abduxit.
1453 1382 1501 1424 de
1525 1382 1642 1424 euius
1666 1381 1867 1435 sanquine
1891 1380 2042 1422 dieitur

330 1450 453 1495 arbor
492 1455 613 1504 nata,
655 1465 759 1506 quae
803 1450 1081 1505 meiliarum
1123 1455 1297 1507 tempore
1328 1466 1457 1506 poma
1497 1453 1543 1494 in
1583 1453 1747 1495 modum
1787 1451 1916 1494 cerasi
1954 1450 2042 1493 sine

329 1523 487 1566 ossibus
514 1524 635 1577 ferat.
699 1536 801 1565 sane
834 1522 1054 1564 sciendum
1086 1522 1290 1566 declinari
1323 1523 1415 1566 ‘hic
1447 1522 1689 1579 Geryones,
1723 1522 1848 1565 huius
1881 1521 2040 1576 Geryo—

329 1593 432 1637 nae'
465 1618 521 1623 -—
554 1593 666 1635 unde
705 1595 771 1635 est
803 1591 940 1647 <VIII
971 1593 1088 1648 202>
1127 1594 1408 1650 tergemini
1445 1608 1564 1636 nece
1596 1593 1861 1649 Geryonae
1894 1618 1948 1623 —
1990 1595 2040 1635 ut

331 1664 563 1708 ‘Anchises
595 1663 853 1706 Anohisae':
896 1664 1011 1706 unde
1051 1666 1278 1721 usurpavit
1317 1664 1549 1708 Sallustius
1589 1664 1842 1720 ‘Geryonis'
1882 1665 2039 1707 dicens.

259 1746 304 1778 20
330 1736 505 1779 veniens
550 1738 695 1778 autem
732 1734 942 1777 Hercules
980 1735 1031 1778 de
1071 1735 1286 1792 Hispania
1325 1751 1402 1792 per
1439 1735 1721 1792 Campaniam
1765 1736 1809 1778 in
1854 1734 2039 1791 quadam

330 1806 594 1863 Campaniae
632 1807 807 1849 civitate
844 1821 1050 1862 pompam
1088 1807 1299 1863 triumphi
1337 1808 1404 1850 sui
1450 1807 1663 1850 exhibuit:
1707 1807 1818 1850 unde
1859 1806 2038 1862 Pompei

329 1878 485 1921 dicitur
504 1878 669 1921 civitas.
711 1880 865 1933 postea
889 1878 1010 1921 iuxta
1029 1878 1159 1921 Baias
1186 1880 1353 1922 caulam
1379 1879 1519 1922 bubus
1545 1879 1648 1922 fecit
1674 1881 1717 1921 et
1745 1893 1837 1921 eam
1859 1878 2038 1934 saepsit:

329 1949 401 2005 qui
434 1950 553 1992 locus
585 1949 770 1992 Boaulia
803 1949 942 1992 dictus
983 1952 1067 2005 est,
1103 1965 1205 1992 nam
1242 1950 1370 1993 hodie
1402 1950 1528 1992 Bauli
1566 1953 1755 1993 vocatur.
1877 1961 2038 1991 TIRYN-

331 2032 470 2063 THIVS
497 2036 522 2063 a
542 2020 751 2076 Tirynthe
778 2021 954 2063 civitate
975 2020 1106 2077 Argis
1139 2022 1299 2077 vicina,
1331 2022 1375 2064 in
1402 2037 1486 2077 qua
1510 2022 1700 2064 nutritus
1728 2023 1794 2063 est
1819 2020 2038 2074 Hercules.

425 2177 446 2208 8
473 2173 664 2218 Geryones
690 2184 720 2209 e.
741 2185 775 2218 q.
797 2174 841 2220 s.]
869 2164 981 2209 exscr.
1008 2174 1193 2220 mythogr.
1213 2173 1248 2208 ΙΙ
1270 2177 1337 2209 152
1363 2175 1402 2209 et
1426 2174 1477 2208 III
1500 2178 1554 2217 13,
1575 2178 1607 2209 6.
1636 2173 1682 2210 cf.
1709 2173 1894 2219 mythogr.
1921 2172 1936 2206 I
1957 2176 2000 2208 68
2027 2172 2036 2218 Η

331 2225 378 2256 20
403 2220 556 2257 veniens
582 2224 710 2257 autem
737 2249 772 2256 ..
794 2250 801 2257 .
829 2220 967 2256 dicitur
993 2220 1140 2267 civitas]
1168 2221 1213 2257 of.
1239 2221 1324 2257 Isid.
1353 2233 1403 2257 or.
1432 2221 1496 2256 XV
1526 2225 1557 2266 1,
1585 2224 1628 2255 51

428 2355 445 2385 1
478 2350 655 2406 micthisa
679 2351 716 2387 R
751 2351 896 2397 megisa
919 2351 955 2386 L
987 2351 1163 2397 (methisa
1187 2352 1212 2396 l,
1237 2352 1280 2387 in
1304 2362 1418 2397 mara.
1445 2352 1490 2387 ab
1516 2352 1594 2387 alia
1618 2362 1732 2387 manu
1756 2352 1928 2395 Muefflox)
1959 2361 2034 2386 me-

358 2407 379 2424 u
1635 2407 1651 2425 0

330 2435 412 2479 gisa
436 2433 479 2468 H
515 2433 678 2469 methisa
703 2434 753 2469 M
788 2433 943 2478 antiqua
964 2434 1004 2469 F
1018 2435 1031 2479 ΙΙ
1050 2433 1287 2479 compediose
1312 2433 1348 2468 L
1386 2434 1646 2480 conpeditione
1666 2434 1711 2468 H
1724 2435 1736 2479 n
1764 2437 1784 2468 2
1812 2432 1934 2468 dicere
1954 2433 2041 2468 LH

332 2480 443 2525 (dixit
468 2482 493 2526 l)
526 2483 539 2526 ΙΙ
570 2491 799 2527 consequens
826 2509 834 2516 .
856 2510 864 2517 .
886 2510 894 2517 .
921 2481 1091 2517 mortalis
1117 2493 1183 2518 om.
1209 2481 1299 2516 LH
1318 2482 1417 2526 (add.
1445 2483 1470 2527 Z)
1501 2482 1513 2526 ΙΙ
1545 2486 1565 2516 6
1592 2482 1655 2517 sed
1681 2492 1748 2517 om.
1775 2479 1980 2526 Stephanus
2004 2483 2038 2515 et

330 2528 471 2564 Daniel
487 2529 500 2573 ΙΙ
521 2533 540 2564 7
565 2528 746 2564 territorii
769 2528 843 2564 fuit
860 2528 946 2564 RF
980 2529 1209 2565 territorium
1234 2528 1307 2564 fuit
1325 2529 1354 2564 S
1390 2529 1461 2564 fuit
1484 2529 1713 2564 territorium
1733 2528 1769 2563 L
1787 2529 1800 2574 ΙΙ
1818 2531 1840 2563 8
1865 2528 2036 2573 geriones

329 2575 503 2611 RLHF
543 2576 695 2620 gerione
728 2575 757 2611 S
792 2586 932 2622 geryon
960 2577 1009 2611 M
1044 2576 1173 2622 gerion
1205 2577 1242 2611 sl
1278 2578 1290 2623 ΙΙ
1326 2576 1571 2622 trimembris]
1606 2575 1721 2612 ternis
1756 2575 1930 2610 membris
1962 2575 1991 2610 S
2024 2574 2036 2621 ΙΙ

334 2627 377 2658 10
402 2622 611 2658 balearicae
637 2623 666 2658 S
674 2623 770 2658 ΗΜ
804 2623 1028 2659 ballearicae
1055 2623 1095 2658 F
1118 2625 1122 2669 Ι
1142 2624 1180 2658 et
1204 2624 1338 2659 maiori
1363 2635 1429 2659 om.
1451 2624 1486 2659 L
1512 2624 1610 2667 (add.
1637 2624 1664 2668 l)
1701 2625 1740 2658 et
1764 2634 1830 2659 om.
1851 2622 1896 2657 H
1908 2623 1921 2668 ss
1947 2623 2036 2657 ebu-

332 2681 419 2705 soae
447 2670 496 2704 M
530 2669 703 2714 Pityusae
728 2671 976 2716 mythoyrapli.
997 2670 1031 2704 II
1051 2674 1083 2706 et
1102 2625 1152 2706 in
1171 2672 1183 2716 ΙΙ
1203 2671 1251 2706 ob
1277 2671 1348 2706 hoc
1372 2670 1525 2716 fingitur
1549 2670 1679 2706 SRM
1695 2672 1706 2716 ΙΙ
1730 2674 1770 2705 12
1796 2669 1941 2705 erculus
1962 2669 2003 2704 F
2032 2668 2036 2715 Ι

334 2721 377 2752 13
411 2716 527 2763 quod]
550 2717 649 2760 aquia
678 2717 763 2751 RF
796 2718 808 2763 ΙΙ
844 2718 943 2752 hunc
975 2717 1183 2763 Geryonem
1210 2746 1217 2753 .
1245 2746 1252 2753 .
1279 2746 1287 2754 .
1314 2718 1411 2754 ferat
1440 2730 1458 2754 e
1486 2719 1691 2760 Turonensi
1716 2718 1830 2752 edidit
1853 2717 1993 2752 Daniel
2031 2716 2034 2763 Ι

334 2768 376 2799 18
403 2765 500 2799 unde
526 2765 583 2798 est
608 2774 673 2799 om.
694 2764 779 2798 LH
800 2765 899 2808 (add.
926 2765 952 2810 l)
973 2766 984 2810 ΙΙ
1003 2765 1099 2800 sicut
1118 2765 1245 2806 ,SRF
1260 2766 1271 2812 fl
1298 2770 1339 2801 19
1365 2765 1546 2801 Anchises
1572 2776 1638 2800 om.
1665 2764 1750 2800 SM
1762 2765 1775 2810 ΙΙ
1793 2764 1890 2799 unde
1916 2774 2032 2808 appa-

331 2812 389 2846 ret
412 2810 647 2856 usurpauisse
673 2810 884 2846 sallustium
913 2812 977 2855 qui
1002 2811 1096 2847 dixit
1126 2811 1289 2857 gerionis
1315 2812 1452 2848 SRFl
1488 2815 1499 2858 ΙΙ
1536 2812 1663 2848 dicens
1688 2823 1754 2847 om.
1783 2811 1833 2846 M
1866 2812 1877 2856 ΙΙ
1914 2814 1960 2845 20
1985 2810 2032 2845 de

332 2858 510 2904 Hispania
529 2868 596 2903 per
616 2856 858 2904 Campaniam
883 2868 948 2893 om.
964 2858 1052 2892 LH
1067 2860 1164 2903 (add.
1181 2861 1206 2905 Z)
1226 2861 1238 2906 ΙΙ
1258 2860 1466 2906 quaeadam
1485 2860 1531 2895 H
1557 2858 1744 2904 quandam
1765 2859 1814 2894 M
1830 2859 1842 2903 ΙΙ
1861 2861 1904 2893 21
1926 2857 2032 2892 Cam·

331 2905 466 2951 paniae
492 2916 557 2940 om.
585 2905 625 2939 F
640 2906 652 2950 ΙΙ
677 2905 871 2941 ciuitatem
896 2905 946 2939 M
950 2905 989 2939 F
1004 2907 1016 2950 [Ι
1041 2906 1098 2940 sui
1122 2905 1304 2952 triumphi
1330 2907 1359 2942 S
1375 2909 1387 2952 ΙΙ
1411 2907 1523 2953 unde]
1553 2918 1597 2942 ex
1622 2917 1694 2951 quo
1720 2906 1768 2941 Sl
1804 2916 1827 2940 a
1851 2916 1924 2950 quo
1949 2904 2034 2940 RF

330 2955 374 2989 ut
398 2953 433 2987 L
452 2954 464 2997 ΙΙ
482 2963 646 2998 pompea
669 2952 705 2987 L
742 2962 879 2998 pompe
905 2952 945 2986 H
963 2952 975 2997 ΙΙ
995 2956 1039 2987 22
1066 2952 1168 2988 dicta.
1193 2956 1251 2989 est
1270 2954 1310 2989 F
1325 2956 1338 2999 ΙΙ
1356 2954 1475 2990 bailas
1501 2955 1530 2990 S
1546 2955 1559 2999 ΙΙ
1578 2955 1702 2989 aulam
1721 2953 1758 2988 R
1766 2951 1809 2987 H
1823 2954 1834 2998 ΙΙ
1852 2951 1971 2987 bobus
1994 2951 2031 2986 L

331 3000 452 3046 pobus
473 3000 522 3034 M
546 3000 621 3045 (sed
639 3010 688 3045 po
707 3000 749 3035 in
767 3010 840 3036 ras.
859 2999 909 3044 m)
927 3000 940 3044 ΙΙ
957 2998 1049 3034 fecit
1074 3000 1112 3034 et
1137 3010 1219 3035 eam
1245 3012 1310 3036 om.
1324 3001 1358 3036 L
1379 3002 1476 3046 (add.
1496 3003 1534 3047 l),
1560 3002 1599 3036 et
1618 3011 1701 3035 eam
1721 2999 1862 3044 saepsit
1881 3010 1947 3034 om.
1961 2998 2007 3033 H
2022 2998 2032 3043 Η

332 3059 416 3083 eam
441 3047 598 3093 saepsit]
626 3046 787 3092 assepsit
811 3047 852 3082 F
866 3048 879 3093 ΙΙ
907 3050 952 3082 23
978 3046 1100 3082 dictus
1126 3047 1198 3093 est]
1229 3048 1319 3082 olim
1345 3049 1429 3084 add.
1451 3047 1586 3084 SRFZ
1604 3049 1615 3093 ΙΙ
1634 3046 1818 3090 hodieque
1845 3046 1895 3080 M
1910 3047 1922 3092 Η
1940 3045 2028 3080 bau-

332 3095 391 3130 loe
417 3094 446 3130 S
487 3094 614 3129 baulei
638 3094 814 3130 RSHM
844 3094 980 3129 baulae
1007 3093 1053 3129 F.
1098 3094 1143 3138 ef.
1170 3095 1292 3130 adnot.
1320 3096 1399 3130 erit.
1426 3096 1476 3130 ad
1497 3107 1535 3140 p.
1562 3098 1624 3138 24,
1652 3097 1695 3128 15
1732 3094 1744 3137 ΙΙ
1782 3092 1919 3128 dieitur
1949 3090 2036 3127 LH

330 3142 512 3177 uocantus
534 3141 578 3176 F
611 3142 624 3187 ΙΙ
661 3141 841 3186 Tirynthe
875 3142 993 3186 edidi,
1026 3152 1244 3187 quamquam
1276 3152 1365 3176 non.
1386 3142 1512 3177 dubito
1546 3142 1636 3186 quin
1668 3140 1851 3185 Tiryntha
1882 3140 2031 3175 Servius

330 3190 534 3235 scripserit:
557 3199 645 3224 nam
669 3188 827 3224 thirinta
851 3200 895 3224 eoe
919 3187 1087 3224 thirinda
1111 3187 1140 3223 S
1174 3188 1392 3224 mintha-R
1428 3189 1597 3233 tyrintha
1621 3187 1707 3222 LH
1713 3188 1762 3222 M
1795 3186 1955 3223 thirinta
1981 3186 2029 3222 F.

332 3236 531 3281 Tyrinthia
554 3236 661 3282 vulyo
692 3237 704 3280 ΙΙ
741 3239 787 3270 24
812 3235 990 3272 Hercules
1014 3247 1080 3272 om.
1107 3235 1196 3270 LII
1217 3236 1316 3281 (add.
1343 3237 1369 3281 Z)
