<?xml version="1.0" encoding="UTF-8"?>
<!DOCTYPE html PUBLIC "-//W3C//DTD XHTML 1.0 Transitional//EN"
    "http://www.w3.org/TR/xhtml1/DTD/xhtml1-transitional.dtd">
<html xmlns="http://www.w3.org/1999/xhtml" xml:lang="en" lang="en">
 <head>
  <title>
</title>
<meta http-equiv="Content-Type" content="text/html;charset=utf-8" />
  <meta name='ocr-system' content='tesseract 3.04.00' />
  <meta name='ocr-capabilities' content='ocr_page ocr_carea ocr_par ocr_line ocrx_word'/>
</head>
<body>
  <div class='ocr_page' id='page_1' title='image "./invergiliicarmin02servuoft_0614.png"; bbox 0 0 2092 3614; ppageno 0'>
   <div class='ocr_carea' id='block_1_1' title="bbox 223 1016 266 1047">
    <p class='ocr_par' dir='ltr' id='par_1_1' title="bbox 223 1016 266 1047">
     <span class='ocr_line' id='line_1_1' title="bbox 223 1016 266 1047; baseline 0.023 -1"><span class='ocrx_word' id='word_1_1' title='bbox 223 1016 266 1047; x_wconf 87' lang='lat'>10</span> 
     </span>
    </p>
   </div>
   <div class='ocr_carea' id='block_1_2' title="bbox 225 1374 267 1406">
    <p class='ocr_par' dir='ltr' id='par_1_2' title="bbox 225 1374 267 1406">
     <span class='ocr_line' id='line_1_2' title="bbox 225 1374 267 1406; baseline 0 0"><span class='ocrx_word' id='word_1_2' title='bbox 225 1374 267 1406; x_wconf 83' lang='lat'>15</span> 
     </span>
    </p>
   </div>
   <div class='ocr_carea' id='block_1_3' title="bbox 227 1733 272 1764">
    <p class='ocr_par' dir='ltr' id='par_1_3' title="bbox 227 1733 272 1764">
     <span class='ocr_line' id='line_1_3' title="bbox 227 1733 272 1764; baseline 0 0"><span class='ocrx_word' id='word_1_3' title='bbox 227 1733 272 1764; x_wconf 90' lang='grc'>20</span> 
     </span>
    </p>
   </div>
   <div class='ocr_carea' id='block_1_4' title="bbox 230 2090 275 2122">
    <p class='ocr_par' dir='ltr' id='par_1_4' title="bbox 230 2090 275 2122">
     <span class='ocr_line' id='line_1_4' title="bbox 230 2090 275 2122; baseline 0 0"><span class='ocrx_word' id='word_1_4' title='bbox 230 2090 275 2122; x_wconf 86' lang='grc'>25</span> 
     </span>
    </p>
   </div>
   <div class='ocr_carea' id='block_1_5' title="bbox 234 2448 279 2479">
    <p class='ocr_par' dir='ltr' id='par_1_5' title="bbox 234 2448 279 2479">
     <span class='ocr_line' id='line_1_5' title="bbox 234 2448 279 2479; baseline 0 0"><span class='ocrx_word' id='word_1_5' title='bbox 234 2448 279 2479; x_wconf 87' lang='lat'>30</span> 
     </span>
    </p>
   </div>
   <div class='ocr_carea' id='block_1_6' title="bbox 288 250 1217 295">
    <p class='ocr_par' dir='ltr' id='par_1_6' title="bbox 288 250 1217 295">
     <span class='ocr_line' id='line_1_6' title="bbox 288 250 1217 295; baseline -0.009 0"><span class='ocrx_word' id='word_1_6' title='bbox 288 253 375 295; x_wconf 84' lang='grc'>600</span> <span class='ocrx_word' id='word_1_7' title='bbox 1058 250 1217 288; x_wconf 82' lang='lat' dir='ltr'><strong>SERVII</strong></span> 
     </span>
    </p>
   </div>
   <div class='ocr_carea' id='block_1_7' title="bbox 289 361 2000 1478">
    <p class='ocr_par' dir='ltr' id='par_1_7' title="bbox 289 361 1993 690">
     <span class='ocr_line' id='line_1_7' title="bbox 407 361 1990 417; baseline -0.001 -13"><span class='ocrx_word' id='word_1_8' title='bbox 407 363 505 405; x_wconf 86' lang='lat'>208.</span> <span class='ocrx_word' id='word_1_9' title='bbox 556 373 639 404; x_wconf 89' lang='grc' dir='ltr'><strong>1Μο</strong></span> <span class='ocrx_word' id='word_1_10' title='bbox 672 374 734 403; x_wconf 90' lang='lat' dir='ltr'>DE</span> <span class='ocrx_word' id='word_1_11' title='bbox 768 373 933 404; x_wconf 84' lang='lat' dir='ltr'>STIRPE</span> <span class='ocrx_word' id='word_1_12' title='bbox 965 361 1060 403; x_wconf 90' lang='lat' dir='ltr'>ideo</span> <span class='ocrx_word' id='word_1_13' title='bbox 1094 375 1248 417; x_wconf 83' lang='lat' dir='ltr'>genere</span> <span class='ocrx_word' id='word_1_14' title='bbox 1283 361 1518 404; x_wconf 85' lang='lat' dir='ltr'>masculino</span> <span class='ocrx_word' id='word_1_15' title='bbox 1550 376 1654 403; x_wconf 87' lang='lat' dir='ltr'>usus</span> <span class='ocrx_word' id='word_1_16' title='bbox 1687 364 1771 416; x_wconf 86' lang='lat' dir='ltr'>est,</span> <span class='ocrx_word' id='word_1_17' title='bbox 1809 361 1909 417; x_wconf 89' lang='lat' dir='ltr'>quia</span> <span class='ocrx_word' id='word_1_18' title='bbox 1939 361 1990 403; x_wconf 88' lang='lat' dir='ltr'>de</span> 
     </span>
     <span class='ocr_line' id='line_1_8' title="bbox 289 432 1993 489; baseline 0 -15"><span class='ocrx_word' id='word_1_19' title='bbox 289 434 514 475; x_wconf 86' lang='lat' dir='ltr'>arboribus</span> <span class='ocrx_word' id='word_1_20' title='bbox 547 432 758 488; x_wconf 88' lang='lat' dir='ltr'>loquitur:</span> <span class='ocrx_word' id='word_1_21' title='bbox 797 447 896 474; x_wconf 88' lang='lat' dir='ltr'>nam</span> <span class='ocrx_word' id='word_1_22' title='bbox 931 432 982 475; x_wconf 88' lang='lat' dir='ltr'>de</span> <span class='ocrx_word' id='word_1_23' title='bbox 1013 433 1275 475; x_wconf 89' lang='lat' dir='ltr'>hominibus·</span> <span class='ocrx_word' id='word_1_24' title='bbox 1294 447 1449 489; x_wconf 86' lang='lat' dir='ltr'>genere</span> <span class='ocrx_word' id='word_1_25' title='bbox 1481 433 1687 475; x_wconf 84' lang='lat' dir='ltr'>feminino</span> <span class='ocrx_word' id='word_1_26' title='bbox 1720 432 1914 488; x_wconf 81' lang='lat' dir='ltr'>dicimus,</span> <span class='ocrx_word' id='word_1_27' title='bbox 1943 434 1993 475; x_wconf 89' lang='lat' dir='ltr'>ut</span> 
     </span>
     <span class='ocr_line' id='line_1_9' title="bbox 289 503 1993 560; baseline 0 -14"><span class='ocrx_word' id='word_1_28' title='bbox 289 504 405 559; x_wconf 86' lang='lat' dir='ltr'>&lt;VII</span> <span class='ocrx_word' id='word_1_29' title='bbox 436 503 552 558; x_wconf 75' lang='lat'>293&gt;</span> <span class='ocrx_word' id='word_1_30' title='bbox 591 504 688 546; x_wconf 89' lang='lat' dir='ltr'>heu</span> <span class='ocrx_word' id='word_1_31' title='bbox 726 504 940 559; x_wconf 88' lang='lat' dir='ltr'>stirpem</span> <span class='ocrx_word' id='word_1_32' title='bbox 980 505 1220 559; x_wconf 70' lang='lat' dir='ltr'>invisam,</span> <span class='ocrx_word' id='word_1_33' title='bbox 1265 504 1372 546; x_wconf 85' lang='lat' dir='ltr'>dixit</span> <span class='ocrx_word' id='word_1_34' title='bbox 1408 507 1571 557; x_wconf 89' lang='lat' dir='ltr'>tamen,</span> <span class='ocrx_word' id='word_1_35' title='bbox 1617 504 1691 546; x_wconf 90' lang='lat' dir='ltr'>sed</span> <span class='ocrx_word' id='word_1_36' title='bbox 1728 504 1993 560; x_wconf 83' lang='lat' dir='ltr'>usurpative,</span> 
     </span>
     <span class='ocr_line' id='line_1_10' title="bbox 290 575 1992 631; baseline 0 -13"><span class='ocrx_word' id='word_1_37' title='bbox 290 575 497 618; x_wconf 74' lang='lat' dir='ltr'>Horatius</span> <span class='ocrx_word' id='word_1_38' title='bbox 543 575 672 618; x_wconf 88' lang='lat' dir='ltr'>etiam</span> <span class='ocrx_word' id='word_1_39' title='bbox 715 575 766 617; x_wconf 91' lang='lat' dir='ltr'>de</span> <span class='ocrx_word' id='word_1_40' title='bbox 810 576 1052 631; x_wconf 83' lang='lat' dir='ltr'>arboribus,</span> <span class='ocrx_word' id='word_1_41' title='bbox 1096 579 1144 618; x_wconf 87' lang='lat' dir='ltr'>ut</span> <span class='ocrx_word' id='word_1_42' title='bbox 1185 576 1477 631; x_wconf 73' lang='lat' dir='ltr'>stirpesque</span> <span class='ocrx_word' id='word_1_43' title='bbox 1520 578 1698 631; x_wconf 86' lang='lat' dir='ltr'>raptas</span> <span class='ocrx_word' id='word_1_44' title='bbox 1744 578 1795 619; x_wconf 87' lang='lat' dir='ltr'>et</span> <span class='ocrx_word' id='word_1_45' title='bbox 1838 590 1992 631; x_wconf 84' lang='lat' dir='ltr'>pecus</span> 
     </span>
     <span class='ocr_line' id='line_1_11' title="bbox 291 646 561 690; baseline 0.007 -2"><span class='ocrx_word' id='word_1_46' title='bbox 291 649 342 689; x_wconf 93' lang='lat' dir='ltr'>et</span> <span class='ocrx_word' id='word_1_47' title='bbox 374 646 561 690; x_wconf 85' lang='lat' dir='ltr'>domos.</span> 
     </span>
    </p>

    <p class='ocr_par' dir='ltr' id='par_1_8' title="bbox 290 718 1994 905">
     <span class='ocr_line' id='line_1_12' title="bbox 409 718 1994 775; baseline 0 -14"><span class='ocrx_word' id='word_1_48' title='bbox 409 719 508 761; x_wconf 84' lang='lat'>209.</span> <span class='ocrx_word' id='word_1_49' title='bbox 557 730 717 761; x_wconf 82' lang='lat' dir='ltr'>MATRE</span> <span class='ocrx_word' id='word_1_50' title='bbox 749 730 898 762; x_wconf 78' lang='lat' dir='ltr'>CARET</span> <span class='ocrx_word' id='word_1_51' title='bbox 931 719 999 761; x_wconf 86' lang='lat' dir='ltr'>vel</span> <span class='ocrx_word' id='word_1_52' title='bbox 1031 721 1165 774; x_wconf 90' lang='lat' dir='ltr'>terra,</span> <span class='ocrx_word' id='word_1_53' title='bbox 1205 722 1252 761; x_wconf 87' lang='lat' dir='ltr'>ut</span> <span class='ocrx_word' id='word_1_54' title='bbox 1284 718 1377 774; x_wconf 87' lang='lat' dir='ltr'>&lt;III</span> <span class='ocrx_word' id='word_1_55' title='bbox 1409 719 1494 774; x_wconf 85' lang='lat'>96&gt;</span> <span class='ocrx_word' id='word_1_56' title='bbox 1527 720 1788 775; x_wconf 87' lang='lat' dir='ltr'>antiquam</span> <span class='ocrx_word' id='word_1_57' title='bbox 1821 718 1994 775; x_wconf 88' lang='lat' dir='ltr'>exqui-</span> 
     </span>
     <span class='ocr_line' id='line_1_13' title="bbox 290 791 1994 847; baseline 0.001 -15"><span class='ocrx_word' id='word_1_58' title='bbox 290 791 389 833; x_wconf 88' lang='lat' dir='ltr'>rite</span> <span class='ocrx_word' id='word_1_59' title='bbox 436 793 668 833; x_wconf 89' lang='lat' dir='ltr'>matrem:</span> <span class='ocrx_word' id='word_1_60' title='bbox 718 791 786 833; x_wconf 87' lang='lat' dir='ltr'>vel</span> <span class='ocrx_word' id='word_1_61' title='bbox 830 791 1002 846; x_wconf 91' lang='lat' dir='ltr'>arbore,</span> <span class='ocrx_word' id='word_1_62' title='bbox 1045 793 1094 833; x_wconf 91' lang='lat' dir='ltr'>ut</span> <span class='ocrx_word' id='word_1_63' title='bbox 1136 807 1294 846; x_wconf 89' lang='lat' dir='ltr'>parva</span> <span class='ocrx_word' id='word_1_64' title='bbox 1339 791 1430 833; x_wconf 90' lang='lat' dir='ltr'>sub</span> <span class='ocrx_word' id='word_1_65' title='bbox 1474 791 1677 847; x_wconf 88' lang='lat' dir='ltr'>ingenti</span> <span class='ocrx_word' id='word_1_66' title='bbox 1721 791 1899 833; x_wconf 87' lang='lat' dir='ltr'>matris</span> <span class='ocrx_word' id='word_1_67' title='bbox 1944 805 1994 833; x_wconf 83' lang='lat' dir='ltr'>se</span> 
     </span>
     <span class='ocr_line' id='line_1_14' title="bbox 291 862 704 905; baseline -0.002 0"><span class='ocrx_word' id='word_1_68' title='bbox 291 862 485 905; x_wconf 90' lang='lat' dir='ltr'>subicit</span> <span class='ocrx_word' id='word_1_69' title='bbox 516 863 704 905; x_wconf 86' lang='lat' dir='ltr'>umbra.</span> 
     </span>
    </p>

    <p class='ocr_par' dir='ltr' id='par_1_9' title="bbox 410 934 1338 977">
     <span class='ocr_line' id='line_1_15' title="bbox 410 934 1338 977; baseline 0 -1"><span class='ocrx_word' id='word_1_70' title='bbox 410 935 509 976; x_wconf 85' lang='lat'>210.</span> <span class='ocrx_word' id='word_1_71' title='bbox 558 946 681 976; x_wconf 83' lang='lat' dir='ltr'>AERE</span> <span class='ocrx_word' id='word_1_72' title='bbox 713 945 901 977; x_wconf 78' lang='lat' dir='ltr'>DECORo</span> <span class='ocrx_word' id='word_1_73' title='bbox 934 934 977 976; x_wconf 92' lang='lat' dir='ltr'>id</span> <span class='ocrx_word' id='word_1_74' title='bbox 1010 936 1076 976; x_wconf 87' lang='lat' dir='ltr'>est</span> <span class='ocrx_word' id='word_1_75' title='bbox 1108 934 1338 976; x_wconf 84' lang='lat' dir='ltr'>orichalco.</span> 
     </span>
    </p>

    <p class='ocr_par' dir='ltr' id='par_1_10' title="bbox 411 1005 1575 1061">
     <span class='ocr_line' id='line_1_16' title="bbox 411 1005 1575 1061; baseline -0.003 -12"><span class='ocrx_word' id='word_1_76' title='bbox 411 1006 510 1049; x_wconf 90' lang='lat'>211.</span> <span class='ocrx_word' id='word_1_77' title='bbox 560 1018 706 1048; x_wconf 81' lang='lat' dir='ltr'>DEDIT</span> <span class='ocrx_word' id='word_1_78' title='bbox 738 1017 950 1049; x_wconf 79' lang='lat' dir='ltr'>GESTARE</span> <span class='ocrx_word' id='word_1_79' title='bbox 983 1009 1032 1048; x_wconf 89' lang='lat' dir='ltr'>ut</span> <span class='ocrx_word' id='word_1_80' title='bbox 1064 1005 1133 1061; x_wconf 90' lang='lat' dir='ltr'>&lt;V</span> <span class='ocrx_word' id='word_1_81' title='bbox 1165 1006 1278 1060; x_wconf 86' lang='lat'>248&gt;</span> <span class='ocrx_word' id='word_1_82' title='bbox 1311 1005 1397 1047; x_wconf 84' lang='lat' dir='ltr'>dat</span> <span class='ocrx_word' id='word_1_83' title='bbox 1428 1005 1575 1046; x_wconf 86' lang='lat' dir='ltr'>ferre.</span> 
     </span>
    </p>

    <p class='ocr_par' dir='ltr' id='par_1_11' title="bbox 293 1075 2000 1478">
     <span class='ocr_line' id='line_1_17' title="bbox 411 1075 1998 1120; baseline -0.001 -1"><span class='ocrx_word' id='word_1_84' title='bbox 411 1078 510 1119; x_wconf 88' lang='lat'>212.</span> <span class='ocrx_word' id='word_1_85' title='bbox 561 1089 759 1120; x_wconf 78' lang='lat' dir='ltr'>TAL113vs</span> <span class='ocrx_word' id='word_1_86' title='bbox 799 1089 944 1119; x_wconf 82' lang='lat' dir='ltr'>INTER</span> <span class='ocrx_word' id='word_1_87' title='bbox 983 1089 1035 1120; x_wconf 81' lang='lat' dir='ltr'>SE</span> <span class='ocrx_word' id='word_1_88' title='bbox 1072 1089 1339 1119; x_wconf 77' lang='lat' dir='ltr'>ElRMABANT</span> <span class='ocrx_word' id='word_1_89' title='bbox 1376 1088 1591 1119; x_wconf 82' lang='lat' dir='ltr'>FOEDERA</span> <span class='ocrx_word' id='word_1_90' title='bbox 1625 1087 1780 1118; x_wconf 81' lang='lat' dir='ltr'>D10T1s</span> <span class='ocrx_word' id='word_1_91' title='bbox 1818 1075 1998 1117; x_wconf 85' lang='lat' dir='ltr'>Latinus</span> 
     </span>
     <span class='ocr_line' id='line_1_18' title="bbox 293 1146 1999 1204; baseline -0.002 -13"><span class='ocrx_word' id='word_1_92' title='bbox 293 1152 336 1191; x_wconf 89' lang='lat' dir='ltr'>et</span> <span class='ocrx_word' id='word_1_93' title='bbox 367 1150 547 1191; x_wconf 86' lang='lat' dir='ltr'>Aeneas.</span> <span class='ocrx_word' id='word_1_94' title='bbox 598 1148 790 1190; x_wconf 84' lang='lat' dir='ltr'>Turnum</span> <span class='ocrx_word' id='word_1_95' title='bbox 824 1151 967 1190; x_wconf 87' lang='lat' dir='ltr'>autem</span> <span class='ocrx_word' id='word_1_96' title='bbox 999 1162 1084 1190; x_wconf 88' lang='lat' dir='ltr'>non</span> <span class='ocrx_word' id='word_1_97' title='bbox 1117 1147 1282 1190; x_wconf 83' lang='lat' dir='ltr'>inducit</span> <span class='ocrx_word' id='word_1_98' title='bbox 1314 1148 1540 1204; x_wconf 86' lang='lat' dir='ltr'>iurantem,</span> <span class='ocrx_word' id='word_1_99' title='bbox 1573 1148 1674 1204; x_wconf 89' lang='lat' dir='ltr'>quia</span> <span class='ocrx_word' id='word_1_100' title='bbox 1706 1147 1790 1189; x_wconf 86' lang='lat' dir='ltr'>dux</span> <span class='ocrx_word' id='word_1_101' title='bbox 1817 1149 1893 1202; x_wconf 90' lang='lat' dir='ltr'>est,</span> <span class='ocrx_word' id='word_1_102' title='bbox 1925 1146 1999 1202; x_wconf 91' lang='lat' dir='ltr'>qui</span> 
     </span>
     <span class='ocr_line' id='line_1_19' title="bbox 293 1218 2000 1276; baseline -0.002 -13"><span class='ocrx_word' id='word_1_103' title='bbox 293 1223 520 1276; x_wconf 73' lang='lat' dir='ltr'>praesente</span> <span class='ocrx_word' id='word_1_104' title='bbox 547 1234 647 1276; x_wconf 87' lang='lat' dir='ltr'>rege</span> <span class='ocrx_word' id='word_1_105' title='bbox 673 1235 760 1263; x_wconf 90' lang='lat' dir='ltr'>non</span> <span class='ocrx_word' id='word_1_106' title='bbox 785 1220 918 1262; x_wconf 83' lang='lat' dir='ltr'>habet</span> <span class='ocrx_word' id='word_1_107' title='bbox 944 1221 1217 1274; x_wconf 86' lang='lat' dir='ltr'>potestatem.</span> <span class='ocrx_word' id='word_1_108' title='bbox 1262 1222 1305 1260; x_wconf 88' lang='lat' dir='ltr'>et</span> <span class='ocrx_word' id='word_1_109' title='bbox 1330 1219 1526 1262; x_wconf 88' lang='lat' dir='ltr'>imitatus</span> <span class='ocrx_word' id='word_1_110' title='bbox 1553 1222 1619 1262; x_wconf 88' lang='lat' dir='ltr'>est</span> <span class='ocrx_word' id='word_1_111' title='bbox 1643 1219 1895 1273; x_wconf 83' lang='lat' dir='ltr'>Homerum,</span> <span class='ocrx_word' id='word_1_112' title='bbox 1928 1218 2000 1273; x_wconf 91' lang='lat' dir='ltr'>qui</span> 
     </span>
     <span class='ocr_line' id='line_1_20' title="bbox 293 1289 1997 1348; baseline -0.002 -14"><span class='ocrx_word' id='word_1_113' title='bbox 293 1294 393 1348; x_wconf 90' lang='lat' dir='ltr'>post</span> <span class='ocrx_word' id='word_1_114' title='bbox 441 1292 507 1334; x_wconf 85' lang='lat' dir='ltr'>ius</span> <span class='ocrx_word' id='word_1_115' title='bbox 557 1292 786 1334; x_wconf 86' lang='lat' dir='ltr'>iurandum</span> <span class='ocrx_word' id='word_1_116' title='bbox 828 1291 1016 1334; x_wconf 86' lang='lat' dir='ltr'>Menelai</span> <span class='ocrx_word' id='word_1_117' title='bbox 1061 1290 1355 1334; x_wconf 84' lang='lat' dir='ltr'>Alexandrum</span> <span class='ocrx_word' id='word_1_118' title='bbox 1398 1291 1520 1347; x_wconf 86' lang='lat' dir='ltr'>quasi</span> <span class='ocrx_word' id='word_1_119' title='bbox 1569 1290 1781 1332; x_wconf 86' lang='lat' dir='ltr'>fervidum</span> <span class='ocrx_word' id='word_1_120' title='bbox 1833 1292 1877 1332; x_wconf 88' lang='lat' dir='ltr'>et</span> <span class='ocrx_word' id='word_1_121' title='bbox 1927 1289 1997 1331; x_wconf 87' lang='lat' dir='ltr'>ad-</span> 
     </span>
     <span class='ocr_line' id='line_1_21' title="bbox 294 1361 1998 1406; baseline -0.002 0"><span class='ocrx_word' id='word_1_122' title='bbox 294 1364 557 1406; x_wconf 88' lang='lat' dir='ltr'>ulescentem</span> <span class='ocrx_word' id='word_1_123' title='bbox 586 1364 753 1406; x_wconf 84' lang='lat' dir='ltr'>inducit</span> <span class='ocrx_word' id='word_1_124' title='bbox 778 1364 997 1406; x_wconf 82' lang='lat' dir='ltr'>exclusum</span> <span class='ocrx_word' id='word_1_125' title='bbox 1027 1367 1070 1405; x_wconf 90' lang='lat' dir='ltr'>et</span> <span class='ocrx_word' id='word_1_126' title='bbox 1095 1363 1315 1405; x_wconf 84' lang='lat' dir='ltr'>Priamum</span> <span class='ocrx_word' id='word_1_127' title='bbox 1343 1362 1583 1405; x_wconf 89' lang='lat' dir='ltr'>adhibitum</span> <span class='ocrx_word' id='word_1_128' title='bbox 1610 1361 1663 1404; x_wconf 88' lang='lat' dir='ltr'>ad</span> <span class='ocrx_word' id='word_1_129' title='bbox 1688 1362 1873 1405; x_wconf 89' lang='lat' dir='ltr'>foederis</span> <span class='ocrx_word' id='word_1_130' title='bbox 1900 1375 1998 1404; x_wconf 83' lang='lat' dir='ltr'>eon-</span> 
     </span>
     <span class='ocr_line' id='line_1_22' title="bbox 295 1435 595 1478; baseline 0 -1"><span class='ocrx_word' id='word_1_131' title='bbox 295 1435 595 1478; x_wconf 87' lang='lat' dir='ltr'>firmationem.</span> 
     </span>
    </p>
   </div>
   <div class='ocr_carea' id='block_1_8' title="bbox 296 1504 2010 2704">
    <p class='ocr_par' dir='ltr' id='par_1_12' title="bbox 296 1504 1999 1634">
     <span class='ocr_line' id='line_1_23' title="bbox 417 1504 1999 1566; baseline -0.002 -17"><span class='ocrx_word' id='word_1_132' title='bbox 417 1508 515 1566; x_wconf 86' lang='lat'>213.</span> <span class='ocrx_word' id='word_1_133' title='bbox 565 1519 672 1549; x_wconf 83' lang='lat' dir='ltr'>RITE</span> <span class='ocrx_word' id='word_1_134' title='bbox 706 1518 940 1550; x_wconf 77' lang='lat' dir='ltr'>SACRATAS</span> <span class='ocrx_word' id='word_1_135' title='bbox 980 1508 1062 1550; x_wconf 87' lang='lat' dir='ltr'>rite</span> <span class='ocrx_word' id='word_1_136' title='bbox 1101 1507 1346 1562; x_wconf 85' lang='lat' dir='ltr'>exploratas</span> <span class='ocrx_word' id='word_1_137' title='bbox 1386 1506 1696 1559; x_wconf 86' lang='lat' dir='ltr'>sollemnitate,</span> <span class='ocrx_word' id='word_1_138' title='bbox 1735 1519 1863 1561; x_wconf 89' lang='lat' dir='ltr'>quam</span> <span class='ocrx_word' id='word_1_139' title='bbox 1894 1504 1999 1546; x_wconf 84' lang='lat' dir='ltr'>dixi-</span> 
     </span>
     <span class='ocr_line' id='line_1_24' title="bbox 296 1578 746 1634; baseline 0.002 -14"><span class='ocrx_word' id='word_1_140' title='bbox 296 1593 390 1621; x_wconf 90' lang='lat' dir='ltr'>mus</span> <span class='ocrx_word' id='word_1_141' title='bbox 424 1593 555 1634; x_wconf 89' lang='lat' dir='ltr'>supra</span> <span class='ocrx_word' id='word_1_142' title='bbox 587 1578 746 1633; x_wconf 84' lang='lat'>&lt;173&gt;.</span> 
     </span>
    </p>

    <p class='ocr_par' dir='ltr' id='par_1_13' title="bbox 416 1648 2010 1705">
     <span class='ocr_line' id='line_1_25' title="bbox 416 1648 2010 1705; baseline -0.003 -12"><span class='ocrx_word' id='word_1_143' title='bbox 416 1651 515 1694; x_wconf 88' lang='lat'>216.</span> <span class='ocrx_word' id='word_1_144' title='bbox 563 1662 727 1693; x_wconf 85' lang='lat' dir='ltr'>VIDERI</span> <span class='ocrx_word' id='word_1_145' title='bbox 758 1662 819 1692; x_wconf 84' lang='lat' dir='ltr'>ET</span> <span class='ocrx_word' id='word_1_146' title='bbox 851 1661 1039 1693; x_wconf 79' lang='lat' dir='ltr'>MlscEm</span> <span class='ocrx_word' id='word_1_147' title='bbox 1069 1650 1227 1693; x_wconf 86' lang='lat' dir='ltr'>infiniti</span> <span class='ocrx_word' id='word_1_148' title='bbox 1259 1652 1359 1692; x_wconf 86' lang='lat' dir='ltr'>sunt</span> <span class='ocrx_word' id='word_1_149' title='bbox 1390 1664 1466 1705; x_wconf 86' lang='lat' dir='ltr'>pro</span> <span class='ocrx_word' id='word_1_150' title='bbox 1500 1648 1754 1691; x_wconf 83' lang='lat' dir='ltr'>indicativis.</span> <span class='ocrx_word' id='word_1_151' title='bbox 2007 1677 2010 1682; x_wconf 84' lang='lat'><em>-</em></span> 
     </span>
    </p>

    <p class='ocr_par' dir='ltr' id='par_1_14' title="bbox 298 1716 2002 1849">
     <span class='ocr_line' id='line_1_26' title="bbox 418 1716 2002 1778; baseline -0.003 -14"><span class='ocrx_word' id='word_1_152' title='bbox 418 1722 516 1764; x_wconf 86' lang='lat'>218.</span> <span class='ocrx_word' id='word_1_153' title='bbox 566 1716 762 1765; x_wconf 77' lang='lat' dir='ltr'><strong>PROPIVS</strong></span> <span class='ocrx_word' id='word_1_154' title='bbox 795 1721 1057 1778; x_wconf 86' lang='lat' dir='ltr'>diligentius,</span> <span class='ocrx_word' id='word_1_155' title='bbox 1089 1724 1137 1764; x_wconf 92' lang='lat' dir='ltr'>ut</span> <span class='ocrx_word' id='word_1_156' title='bbox 1168 1721 1217 1776; x_wconf 87' lang='lat' dir='ltr'>&lt;I</span> <span class='ocrx_word' id='word_1_157' title='bbox 1248 1721 1363 1776; x_wconf 82' lang='lat'>526&gt;</span> <span class='ocrx_word' id='word_1_158' title='bbox 1396 1724 1446 1763; x_wconf 87' lang='lat' dir='ltr'>et</span> <span class='ocrx_word' id='word_1_159' title='bbox 1477 1720 1688 1776; x_wconf 87' lang='lat' dir='ltr'>propius</span> <span class='ocrx_word' id='word_1_160' title='bbox 1720 1734 1799 1761; x_wconf 85' lang='lat' dir='ltr'>res</span> <span class='ocrx_word' id='word_1_161' title='bbox 1833 1718 2002 1774; x_wconf 79' lang='lat' dir='ltr'>aspice</span> 
     </span>
     <span class='ocr_line' id='line_1_27' title="bbox 298 1790 1840 1849; baseline -0.003 -13"><span class='ocrx_word' id='word_1_162' title='bbox 298 1796 517 1837; x_wconf 88' lang='lat' dir='ltr'>nostras.</span> <span class='ocrx_word' id='word_1_163' title='bbox 638 1804 733 1836; x_wconf 79' lang='lat' dir='ltr'>NON</span> <span class='ocrx_word' id='word_1_164' title='bbox 765 1805 949 1836; x_wconf 82' lang='lat' dir='ltr'>VIRIBVS</span> <span class='ocrx_word' id='word_1_165' title='bbox 980 1805 1148 1844; x_wconf 76' lang='lat' dir='ltr'>AEQVIS</span> <span class='ocrx_word' id='word_1_166' title='bbox 1181 1807 1253 1835; x_wconf 90' lang='lat' dir='ltr'>eos</span> <span class='ocrx_word' id='word_1_167' title='bbox 1286 1806 1591 1849; x_wconf 85' lang='lat' dir='ltr'>congressuros</span> <span class='ocrx_word' id='word_1_168' title='bbox 1625 1790 1840 1833; x_wconf 88' lang='lat' dir='ltr'>subaudis.</span> 
     </span>
    </p>

    <p class='ocr_par' dir='ltr' id='par_1_15' title="bbox 418 1863 1795 1920">
     <span class='ocr_line' id='line_1_28' title="bbox 418 1863 1795 1920; baseline -0.003 -12"><span class='ocrx_word' id='word_1_169' title='bbox 418 1867 516 1909; x_wconf 88' lang='lat'>219.</span> <span class='ocrx_word' id='word_1_170' title='bbox 565 1876 755 1908; x_wconf 82' lang='lat' dir='ltr'>INCESSV</span> <span class='ocrx_word' id='word_1_171' title='bbox 787 1876 956 1908; x_wconf 81' lang='lat' dir='ltr'>TAOITO</span> <span class='ocrx_word' id='word_1_172' title='bbox 986 1879 1062 1919; x_wconf 78' lang='lat' dir='ltr'>pro</span> <span class='ocrx_word' id='word_1_173' title='bbox 1094 1864 1200 1920; x_wconf 69' lang='lat' dir='ltr'>‘ipse</span> <span class='ocrx_word' id='word_1_174' title='bbox 1233 1863 1423 1906; x_wconf 85' lang='lat' dir='ltr'>tacitus&#39;:</span> <span class='ocrx_word' id='word_1_175' title='bbox 1456 1863 1688 1920; x_wconf 87' lang='lat' dir='ltr'>hypallage</span> <span class='ocrx_word' id='word_1_176' title='bbox 1720 1865 1795 1904; x_wconf 89' lang='lat' dir='ltr'>est.</span> 
     </span>
    </p>

    <p class='ocr_par' dir='ltr' id='par_1_16' title="bbox 301 1934 2005 2064">
     <span class='ocr_line' id='line_1_29' title="bbox 419 1934 2005 1981; baseline -0.004 0"><span class='ocrx_word' id='word_1_177' title='bbox 419 1937 518 1981; x_wconf 82' lang='grc'><strong>225.</strong></span> <span class='ocrx_word' id='word_1_178' title='bbox 568 1949 644 1980; x_wconf 83' lang='lat' dir='ltr'>CVI</span> <span class='ocrx_word' id='word_1_179' title='bbox 683 1948 834 1979; x_wconf 85' lang='lat' dir='ltr'>GENVS</span> <span class='ocrx_word' id='word_1_180' title='bbox 874 1948 903 1978; x_wconf 84' lang='lat' dir='ltr'>A</span> <span class='ocrx_word' id='word_1_181' title='bbox 941 1948 1139 1980; x_wconf 85' lang='lat' dir='ltr'>PROAVIS</span> <span class='ocrx_word' id='word_1_182' title='bbox 1177 1947 1346 1979; x_wconf 82' lang='lat' dir='ltr'>INGENS</span> <span class='ocrx_word' id='word_1_183' title='bbox 1387 1936 1506 1978; x_wconf 86' lang='lat' dir='ltr'>cuius</span> <span class='ocrx_word' id='word_1_184' title='bbox 1549 1934 1850 1977; x_wconf 85' lang='lat' dir='ltr'>auctoritatem</span> <span class='ocrx_word' id='word_1_185' title='bbox 1891 1948 2005 1977; x_wconf 81' lang='lat' dir='ltr'>eom-</span> 
     </span>
     <span class='ocr_line' id='line_1_30' title="bbox 301 2005 2004 2064; baseline -0.003 -12"><span class='ocrx_word' id='word_1_186' title='bbox 301 2009 534 2052; x_wconf 85' lang='lat' dir='ltr'>mendabat</span> <span class='ocrx_word' id='word_1_187' title='bbox 573 2011 616 2050; x_wconf 91' lang='lat' dir='ltr'>et</span> <span class='ocrx_word' id='word_1_188' title='bbox 654 2009 774 2064; x_wconf 87' lang='lat' dir='ltr'>origo</span> <span class='ocrx_word' id='word_1_189' title='bbox 807 2009 1022 2050; x_wconf 90' lang='lat' dir='ltr'>maiorum</span> <span class='ocrx_word' id='word_1_190' title='bbox 1055 2011 1098 2050; x_wconf 90' lang='lat' dir='ltr'>et</span> <span class='ocrx_word' id='word_1_191' title='bbox 1124 2010 1306 2063; x_wconf 84' lang='lat' dir='ltr'>paterna</span> <span class='ocrx_word' id='word_1_192' title='bbox 1337 2007 1472 2050; x_wconf 88' lang='lat' dir='ltr'>virtus</span> <span class='ocrx_word' id='word_1_193' title='bbox 1507 2008 1550 2048; x_wconf 85' lang='lat' dir='ltr'>et</span> <span class='ocrx_word' id='word_1_194' title='bbox 1580 2005 1756 2061; x_wconf 89' lang='lat' dir='ltr'>propria</span> <span class='ocrx_word' id='word_1_195' title='bbox 1787 2005 2004 2048; x_wconf 88' lang='lat' dir='ltr'>fortitudo.</span> 
     </span>
    </p>

    <p class='ocr_par' dir='ltr' id='par_1_17' title="bbox 303 2076 2008 2266">
     <span class='ocr_line' id='line_1_31' title="bbox 420 2076 2008 2135; baseline -0.003 -12"><span class='ocrx_word' id='word_1_196' title='bbox 420 2081 520 2123; x_wconf 86' lang='lat'>229.</span> <span class='ocrx_word' id='word_1_197' title='bbox 570 2092 662 2123; x_wconf 84' lang='lat' dir='ltr'>PRO</span> <span class='ocrx_word' id='word_1_198' title='bbox 683 2091 877 2123; x_wconf 82' lang='lat' dir='ltr'>OVNGTIS</span> <span class='ocrx_word' id='word_1_199' title='bbox 899 2082 1094 2122; x_wconf 75' lang='lat' dir='ltr'>TALIBVS</span> <span class='ocrx_word' id='word_1_200' title='bbox 1123 2080 1259 2135; x_wconf 88' lang='lat' dir='ltr'>qualis</span> <span class='ocrx_word' id='word_1_201' title='bbox 1286 2079 1414 2121; x_wconf 89' lang='lat' dir='ltr'>etiam</span> <span class='ocrx_word' id='word_1_202' title='bbox 1436 2078 1605 2120; x_wconf 83' lang='lat' dir='ltr'>Turnus</span> <span class='ocrx_word' id='word_1_203' title='bbox 1633 2079 1712 2119; x_wconf 87' lang='lat' dir='ltr'>est:</span> <span class='ocrx_word' id='word_1_204' title='bbox 1746 2079 1789 2119; x_wconf 86' lang='lat' dir='ltr'>et</span> <span class='ocrx_word' id='word_1_205' title='bbox 1814 2076 2008 2119; x_wconf 89' lang='lat' dir='ltr'>adtendit</span> 
     </span>
     <span class='ocr_line' id='line_1_32' title="bbox 303 2148 2005 2207; baseline -0.003 -13"><span class='ocrx_word' id='word_1_206' title='bbox 303 2167 477 2195; x_wconf 86' lang='lat' dir='ltr'>sensum</span> <span class='ocrx_word' id='word_1_207' title='bbox 516 2152 796 2207; x_wconf 89' lang='lat' dir='ltr'>superiorem,</span> <span class='ocrx_word' id='word_1_208' title='bbox 837 2152 911 2194; x_wconf 92' lang='lat' dir='ltr'>ubi</span> <span class='ocrx_word' id='word_1_209' title='bbox 949 2152 1012 2193; x_wconf 86' lang='lat' dir='ltr'>ait</span> <span class='ocrx_word' id='word_1_210' title='bbox 1049 2152 1219 2194; x_wconf 87' lang='lat' dir='ltr'>Turnus</span> <span class='ocrx_word' id='word_1_211' title='bbox 1257 2151 1411 2205; x_wconf 77' lang='lat' dir='ltr'>oblique</span> <span class='ocrx_word' id='word_1_212' title='bbox 1448 2149 1563 2205; x_wconf 79' lang='lat'>(16)</span> <span class='ocrx_word' id='word_1_213' title='bbox 1602 2150 1651 2191; x_wconf 86' lang='lat' dir='ltr'>et</span> <span class='ocrx_word' id='word_1_214' title='bbox 1690 2149 1831 2191; x_wconf 86' lang='lat' dir='ltr'>solus</span> <span class='ocrx_word' id='word_1_215' title='bbox 1869 2148 2005 2190; x_wconf 86' lang='lat' dir='ltr'>ferro</span> 
     </span>
     <span class='ocr_line' id='line_1_33' title="bbox 304 2223 1071 2266; baseline -0.003 0"><span class='ocrx_word' id='word_1_216' title='bbox 304 2224 496 2266; x_wconf 86' lang='lat' dir='ltr'>crimen</span> <span class='ocrx_word' id='word_1_217' title='bbox 527 2238 790 2266; x_wconf 84' lang='lat' dir='ltr'>commune</span> <span class='ocrx_word' id='word_1_218' title='bbox 822 2223 1071 2265; x_wconf 83' lang='lat' dir='ltr'>refellam.</span> 
     </span>
    </p>

    <p class='ocr_par' dir='ltr' id='par_1_18' title="bbox 303 2289 2009 2564">
     <span class='ocr_line' id='line_1_34' title="bbox 422 2289 2007 2346; baseline -0.004 -9"><span class='ocrx_word' id='word_1_219' title='bbox 422 2296 522 2338; x_wconf 87' lang='lat'>230.</span> <span class='ocrx_word' id='word_1_220' title='bbox 571 2306 635 2336; x_wconf 83' lang='lat' dir='ltr'>AN</span> <span class='ocrx_word' id='word_1_221' title='bbox 661 2306 845 2337; x_wconf 79' lang='lat' dir='ltr'>vlmssvs</span> <span class='ocrx_word' id='word_1_222' title='bbox 871 2306 1013 2346; x_wconf 76' lang='lat' dir='ltr'>AEQVI</span> <span class='ocrx_word' id='word_1_223' title='bbox 1040 2305 1138 2338; x_wconf 81' lang='lat' dir='ltr'>NON</span> <span class='ocrx_word' id='word_1_224' title='bbox 1165 2305 1311 2337; x_wconf 78' lang='lat' dir='ltr'>sviuvs</span> <span class='ocrx_word' id='word_1_225' title='bbox 1338 2294 1445 2336; x_wconf 84' lang='lat' dir='ltr'>bene</span> <span class='ocrx_word' id='word_1_226' title='bbox 1472 2292 1635 2335; x_wconf 84' lang='lat' dir='ltr'>addidit</span> <span class='ocrx_word' id='word_1_227' title='bbox 1660 2289 1873 2333; x_wconf 73' lang='lat' dir='ltr'>‘viribus&#39;z</span> <span class='ocrx_word' id='word_1_228' title='bbox 1905 2304 2007 2332; x_wconf 83' lang='lat' dir='ltr'>nam</span> 
     </span>
     <span class='ocr_line' id='line_1_35' title="bbox 303 2362 2007 2423; baseline -0.003 -15"><span class='ocrx_word' id='word_1_229' title='bbox 303 2367 488 2423; x_wconf 87' lang='lat' dir='ltr'>legimus</span> <span class='ocrx_word' id='word_1_230' title='bbox 526 2367 571 2408; x_wconf 91' lang='lat' dir='ltr'>in</span> <span class='ocrx_word' id='word_1_231' title='bbox 610 2364 816 2408; x_wconf 81' lang='lat' dir='ltr'>Sallustio</span> <span class='ocrx_word' id='word_1_232' title='bbox 854 2380 1134 2408; x_wconf 88' lang='lat' dir='ltr'>memorare</span> <span class='ocrx_word' id='word_1_233' title='bbox 1172 2380 1397 2421; x_wconf 89' lang='lat' dir='ltr'>possum,</span> <span class='ocrx_word' id='word_1_234' title='bbox 1444 2364 1630 2420; x_wconf 90' lang='lat' dir='ltr'>quibus</span> <span class='ocrx_word' id='word_1_235' title='bbox 1668 2363 1719 2405; x_wconf 89' lang='lat' dir='ltr'>in</span> <span class='ocrx_word' id='word_1_236' title='bbox 1756 2362 1884 2404; x_wconf 84' lang='lat' dir='ltr'>locis</span> <span class='ocrx_word' id='word_1_237' title='bbox 1922 2377 2007 2418; x_wconf 90' lang='lat' dir='ltr'>po-</span> 
     </span>
     <span class='ocr_line' id='line_1_36' title="bbox 306 2433 2009 2494; baseline -0.002 -15"><span class='ocrx_word' id='word_1_238' title='bbox 306 2439 457 2494; x_wconf 90' lang='lat' dir='ltr'>pulus</span> <span class='ocrx_word' id='word_1_239' title='bbox 484 2436 741 2479; x_wconf 83' lang='lat' dir='ltr'>Romanus</span> <span class='ocrx_word' id='word_1_240' title='bbox 773 2437 1014 2492; x_wconf 86' lang='lat' dir='ltr'>ingentes</span> <span class='ocrx_word' id='word_1_241' title='bbox 1047 2437 1276 2478; x_wconf 89' lang='lat' dir='ltr'>hostium</span> <span class='ocrx_word' id='word_1_242' title='bbox 1309 2436 1482 2490; x_wconf 79' lang='lat' dir='ltr'>copias</span> <span class='ocrx_word' id='word_1_243' title='bbox 1514 2450 1675 2491; x_wconf 85' lang='lat' dir='ltr'>parva</span> <span class='ocrx_word' id='word_1_244' title='bbox 1700 2449 1846 2476; x_wconf 88' lang='lat' dir='ltr'>manu</span> <span class='ocrx_word' id='word_1_245' title='bbox 1872 2433 2009 2490; x_wconf 86' lang='lat' dir='ltr'>fude-</span> 
     </span>
     <span class='ocr_line' id='line_1_37' title="bbox 305 2505 2009 2564; baseline -0.002 -13"><span class='ocrx_word' id='word_1_246' title='bbox 305 2510 393 2564; x_wconf 86' lang='lat' dir='ltr'>rit,</span> <span class='ocrx_word' id='word_1_247' title='bbox 418 2508 637 2564; x_wconf 84' lang='lat' dir='ltr'>Vergilius</span> <span class='ocrx_word' id='word_1_248' title='bbox 664 2506 733 2562; x_wconf 86' lang='lat' dir='ltr'>&lt;V</span> <span class='ocrx_word' id='word_1_249' title='bbox 750 2508 865 2562; x_wconf 84' lang='lat'>754&gt;</span> <span class='ocrx_word' id='word_1_250' title='bbox 893 2507 1064 2561; x_wconf 86' lang='lat' dir='ltr'>exigui</span> <span class='ocrx_word' id='word_1_251' title='bbox 1096 2521 1322 2562; x_wconf 90' lang='lat' dir='ltr'>numero,</span> <span class='ocrx_word' id='word_1_252' title='bbox 1356 2507 1441 2548; x_wconf 91' lang='lat' dir='ltr'>sed</span> <span class='ocrx_word' id='word_1_253' title='bbox 1467 2506 1605 2548; x_wconf 92' lang='lat' dir='ltr'>bello</span> <span class='ocrx_word' id='word_1_254' title='bbox 1631 2505 1805 2548; x_wconf 87' lang='lat' dir='ltr'>vivida</span> <span class='ocrx_word' id='word_1_255' title='bbox 1829 2505 2009 2548; x_wconf 87' lang='lat' dir='ltr'>virtus.</span> 
     </span>
    </p>

    <p class='ocr_par' dir='ltr' id='par_1_19' title="bbox 425 2576 2009 2622">
     <span class='ocr_line' id='line_1_38' title="bbox 425 2576 2009 2622; baseline -0.002 -1"><span class='ocrx_word' id='word_1_256' title='bbox 425 2580 524 2622; x_wconf 83' lang='lat'>231.</span> <span class='ocrx_word' id='word_1_257' title='bbox 574 2591 638 2621; x_wconf 83' lang='lat' dir='ltr'>EN</span> <span class='ocrx_word' id='word_1_258' title='bbox 658 2590 813 2621; x_wconf 82' lang='lat' dir='ltr'>OMNES</span> <span class='ocrx_word' id='word_1_259' title='bbox 839 2593 892 2620; x_wconf 89' lang='lat' dir='ltr'>ne</span> <span class='ocrx_word' id='word_1_260' title='bbox 919 2581 1176 2620; x_wconf 82' lang='lat' dir='ltr'>occurreret:</span> <span class='ocrx_word' id='word_1_261' title='bbox 1209 2577 1283 2619; x_wconf 87' lang='lat' dir='ltr'>sed</span> <span class='ocrx_word' id='word_1_262' title='bbox 1310 2579 1374 2619; x_wconf 85' lang='lat' dir='ltr'>est</span> <span class='ocrx_word' id='word_1_263' title='bbox 1399 2577 1445 2619; x_wconf 89' lang='lat' dir='ltr'>in</span> <span class='ocrx_word' id='word_1_264' title='bbox 1470 2577 1624 2619; x_wconf 88' lang='lat' dir='ltr'>castris</span> <span class='ocrx_word' id='word_1_265' title='bbox 1651 2577 1762 2619; x_wconf 88' lang='lat' dir='ltr'>alter</span> <span class='ocrx_word' id='word_1_266' title='bbox 1787 2576 2009 2619; x_wconf 82' lang='lat' dir='ltr'>exereitus.</span> 
     </span>
    </p>

    <p class='ocr_par' dir='ltr' id='par_1_20' title="bbox 426 2647 2010 2704">
     <span class='ocr_line' id='line_1_39' title="bbox 426 2647 2010 2704; baseline -0.003 -10"><span class='ocrx_word' id='word_1_267' title='bbox 426 2652 525 2694; x_wconf 86' lang='lat'>232.</span> <span class='ocrx_word' id='word_1_268' title='bbox 574 2661 864 2701; x_wconf 75' lang='lat' dir='ltr'>FATALISQVE</span> <span class='ocrx_word' id='word_1_269' title='bbox 894 2661 1050 2692; x_wconf 83' lang='lat' dir='ltr'>MANVS</span> <span class='ocrx_word' id='word_1_270' title='bbox 1082 2649 1387 2704; x_wconf 85' lang='lat' dir='ltr'>Troianorum,</span> <span class='ocrx_word' id='word_1_271' title='bbox 1425 2648 1498 2704; x_wconf 92' lang='lat' dir='ltr'>qui</span> <span class='ocrx_word' id='word_1_272' title='bbox 1529 2648 1721 2691; x_wconf 83' lang='lat' dir='ltr'>fataliter</span> <span class='ocrx_word' id='word_1_273' title='bbox 1752 2648 1804 2690; x_wconf 91' lang='lat' dir='ltr'>ad</span> <span class='ocrx_word' id='word_1_274' title='bbox 1835 2647 2010 2690; x_wconf 89' lang='lat' dir='ltr'>Italiam</span> 
     </span>
    </p>
   </div>
   <div class='ocr_carea' id='block_1_9' title="bbox 307 2731 520 2736">
    <p class='ocr_par' dir='ltr' id='par_1_21' title="bbox 307 2731 520 2736">
     <span class='ocr_line' id='line_1_40' title="bbox 307 2731 520 2736; baseline 0 0"><span class='ocrx_word' id='word_1_275' title='bbox 307 2731 520 2736; x_wconf 95' lang='lat' dir='ltr'> </span> 
     </span>
    </p>
   </div>
   <div class='ocr_carea' id='block_1_10' title="bbox 310 2752 2008 2851">
    <p class='ocr_par' dir='ltr' id='par_1_22' title="bbox 310 2752 2008 2851">
     <span class='ocr_line' id='line_1_41' title="bbox 310 2752 2008 2842; baseline -0.004 -48"><span class='ocrx_word' id='word_1_276' title='bbox 310 2806 336 2842; x_wconf 75' lang='lat' dir='ltr'>C</span> <span class='ocrx_word' id='word_1_277' title='bbox 363 2807 379 2840; x_wconf 56' lang='lat' dir='ltr'>h</span> <span class='ocrx_word' id='word_1_278' title='bbox 404 2763 436 2841; x_wconf 61' lang='lat'>11⁷</span> <span class='ocrx_word' id='word_1_279' title='bbox 456 2755 649 2840; x_wconf 49' lang='lat' dir='ltr'>Hzoratius]</span> <span class='ocrx_word' id='word_1_280' title='bbox 682 2767 793 2792; x_wconf 84' lang='lat' dir='ltr'>earm.</span> <span class='ocrx_word' id='word_1_281' title='bbox 824 2754 876 2789; x_wconf 93' lang='grc' dir='ltr'>ΠΙ</span> <span class='ocrx_word' id='word_1_282' title='bbox 901 2758 965 2799; x_wconf 88' lang='grc'>29,</span> <span class='ocrx_word' id='word_1_283' title='bbox 991 2759 1035 2791; x_wconf 94' lang='grc'>37</span> <span class='ocrx_word' id='word_1_284' title='bbox 1067 2756 1079 2802; x_wconf 80' lang='grc' dir='ltr'>ΙΙ</span> <span class='ocrx_word' id='word_1_285' title='bbox 1111 2758 1130 2790; x_wconf 86' lang='grc'><strong>7</strong></span> <span class='ocrx_word' id='word_1_286' title='bbox 1163 2754 1293 2801; x_wconf 80' lang='lat' dir='ltr'>parva]</span> <span class='ocrx_word' id='word_1_287' title='bbox 1326 2766 1453 2800; x_wconf 86' lang='lat' dir='ltr'>georg.</span> <span class='ocrx_word' id='word_1_288' title='bbox 1479 2753 1513 2789; x_wconf 94' lang='lat' dir='ltr'>II</span> <span class='ocrx_word' id='word_1_289' title='bbox 1542 2758 1584 2790; x_wconf 81' lang='lat'>19</span> <span class='ocrx_word' id='word_1_290' title='bbox 1615 2755 1627 2800; x_wconf 89' lang='grc' dir='ltr'>ΙΙ</span> <span class='ocrx_word' id='word_1_291' title='bbox 1664 2758 1708 2789; x_wconf 87' lang='grc'>29</span> <span class='ocrx_word' id='word_1_292' title='bbox 1741 2753 1779 2788; x_wconf 89' lang='lat' dir='ltr'>in</span> <span class='ocrx_word' id='word_1_293' title='bbox 1813 2752 2008 2799; x_wconf 85' lang='lat' dir='ltr'>Sallustio]</span> 
     </span>
     <span class='ocr_line' id='line_1_42' title="bbox 339 2817 449 2851; baseline 0 -10"><span class='ocrx_word' id='word_1_294' title='bbox 339 2817 388 2841; x_wconf 90' lang='lat' dir='ltr'>a.</span> <span class='ocrx_word' id='word_1_295' title='bbox 441 2834 449 2851; x_wconf 89' lang='lat'>‚</span> 
     </span>
    </p>
   </div>
   <div class='ocr_carea' id='block_1_11' title="bbox 309 2874 592 2879">
    <p class='ocr_par' dir='ltr' id='par_1_23' title="bbox 309 2874 592 2879">
     <span class='ocr_line' id='line_1_43' title="bbox 309 2874 592 2879; baseline 0 0"><span class='ocrx_word' id='word_1_296' title='bbox 309 2874 592 2879; x_wconf 95' lang='lat' dir='ltr'> </span> 
     </span>
    </p>
   </div>
   <div class='ocr_carea' id='block_1_12' title="bbox 311 2895 2015 3279">
    <p class='ocr_par' dir='ltr' id='par_1_24' title="bbox 311 2895 2015 3279">
     <span class='ocr_line' id='line_1_44' title="bbox 406 2895 2010 2945; baseline -0.003 -10"><span class='ocrx_word' id='word_1_297' title='bbox 406 2905 425 2936; x_wconf 83' lang='lat'><strong>7</strong></span> <span class='ocrx_word' id='word_1_298' title='bbox 451 2911 588 2945; x_wconf 81' lang='lat' dir='ltr'>paruas</span> <span class='ocrx_word' id='word_1_299' title='bbox 614 2899 661 2934; x_wconf 87' lang='lat' dir='ltr'>ab</span> <span class='ocrx_word' id='word_1_300' title='bbox 687 2898 729 2934; x_wconf 99' lang='lat' dir='ltr'><em>F</em></span> <span class='ocrx_word' id='word_1_301' title='bbox 760 2900 773 2943; x_wconf 91' lang='grc' dir='ltr'>ΙΙ</span> <span class='ocrx_word' id='word_1_302' title='bbox 809 2901 830 2933; x_wconf 91' lang='grc'>8</span> <span class='ocrx_word' id='word_1_303' title='bbox 857 2898 1006 2944; x_wconf 88' lang='lat' dir='ltr'>umbra]</span> <span class='ocrx_word' id='word_1_304' title='bbox 1043 2898 1094 2933; x_wconf 83' lang='lat' dir='ltr'>sic</span> <span class='ocrx_word' id='word_1_305' title='bbox 1127 2898 1222 2933; x_wconf 90' lang='lat' dir='ltr'>enim</span> <span class='ocrx_word' id='word_1_306' title='bbox 1251 2898 1383 2934; x_wconf 87' lang='lat' dir='ltr'>melius</span> <span class='ocrx_word' id='word_1_307' title='bbox 1412 2897 1567 2933; x_wconf 86' lang='lat' dir='ltr'>carmini</span> <span class='ocrx_word' id='word_1_308' title='bbox 1593 2896 1792 2942; x_wconf 79' lang='lat' dir='ltr'>respondet</span> <span class='ocrx_word' id='word_1_309' title='bbox 1822 2895 2010 2932; x_wconf 86' lang='lat' dir='ltr'>homerico</span> 
     </span>
     <span class='ocr_line' id='line_1_45' title="bbox 312 2942 2008 2994; baseline -0.004 -11"><span class='ocrx_word' id='word_1_310' title='bbox 312 2949 374 2994; x_wconf 87' lang='lat' dir='ltr'>(Il.</span> <span class='ocrx_word' id='word_1_311' title='bbox 395 2948 412 2982; x_wconf 91' lang='grc' dir='ltr'><strong>Ι</strong></span> <span class='ocrx_word' id='word_1_312' title='bbox 431 2950 516 2993; x_wconf 82' lang='grc'><strong>235)</strong></span> <span class='ocrx_word' id='word_1_313' title='bbox 542 2944 659 2992; x_wconf 83' lang='grc' dir='ltr'><strong><em>τομὴν</em></strong></span> <span class='ocrx_word' id='word_1_314' title='bbox 686 2943 726 2981; x_wconf 79' lang='grc' dir='ltr'>ἐν</span> <span class='ocrx_word' id='word_1_315' title='bbox 752 2944 878 2992; x_wconf 81' lang='grc' dir='ltr'><em>ὄρεσσι</em></span> <span class='ocrx_word' id='word_1_316' title='bbox 905 2944 1073 2981; x_wconf 78' lang='grc' dir='ltr'><strong><em>λέλοιπεν</em></strong></span> <span class='ocrx_word' id='word_1_317' title='bbox 1098 2947 1182 2982; x_wconf 79' lang='lat' dir='ltr'>adol.</span> <span class='ocrx_word' id='word_1_318' title='bbox 1201 2946 1240 2981; x_wconf 91' lang='lat' dir='ltr'><em>D</em></span> <span class='ocrx_word' id='word_1_319' title='bbox 1257 2948 1270 2992; x_wconf 84' lang='grc' dir='ltr'>ΙΙ</span> <span class='ocrx_word' id='word_1_320' title='bbox 1291 2950 1334 2981; x_wconf 85' lang='grc'><strong>14</strong></span> <span class='ocrx_word' id='word_1_321' title='bbox 1359 2946 1416 2980; x_wconf 84' lang='lat' dir='ltr'>ius</span> <span class='ocrx_word' id='word_1_322' title='bbox 1441 2956 1506 2981; x_wconf 87' lang='lat' dir='ltr'>om.</span> <span class='ocrx_word' id='word_1_323' title='bbox 1529 2945 1603 2980; x_wconf 83' lang='lat' dir='ltr'>AS</span> <span class='ocrx_word' id='word_1_324' title='bbox 1619 2946 1631 2989; x_wconf 91' lang='grc' dir='ltr'>ΙΙ</span> <span class='ocrx_word' id='word_1_325' title='bbox 1658 2948 1707 2986; x_wconf 79' lang='grc' dir='ltr'>17ι</span> <span class='ocrx_word' id='word_1_326' title='bbox 1726 2943 1936 2989; x_wconf 80' lang='lat' dir='ltr'>exploratas</span> <span class='ocrx_word' id='word_1_327' title='bbox 1956 2942 2008 2978; x_wconf 86' lang='lat' dir='ltr'>F:</span> 
     </span>
     <span class='ocr_line' id='line_1_46' title="bbox 311 2990 2012 3041; baseline -0.004 -10"><span class='ocrx_word' id='word_1_328' title='bbox 311 2996 506 3041; x_wconf 85' lang='lat' dir='ltr'>explorata</span> <span class='ocrx_word' id='word_1_329' title='bbox 531 2994 602 3029; x_wconf 80' lang='lat' dir='ltr'>AS</span> <span class='ocrx_word' id='word_1_330' title='bbox 638 2995 861 3040; x_wconf 83' lang='lat' dir='ltr'>expurgatas</span> <span class='ocrx_word' id='word_1_331' title='bbox 886 2993 975 3029; x_wconf 86' lang='lat' dir='ltr'>RH</span> <span class='ocrx_word' id='word_1_332' title='bbox 982 2993 1030 3027; x_wconf 87' lang='lat' dir='ltr'><em>M</em></span> <span class='ocrx_word' id='word_1_333' title='bbox 1052 2995 1063 3039; x_wconf 87' lang='grc' dir='ltr'>ΙΙ</span> <span class='ocrx_word' id='word_1_334' title='bbox 1094 3005 1168 3038; x_wconf 89' lang='lat' dir='ltr'>qua</span> <span class='ocrx_word' id='word_1_335' title='bbox 1192 2994 1228 3029; x_wconf 81' lang='lat' dir='ltr'><em>R</em></span> <span class='ocrx_word' id='word_1_336' title='bbox 1256 2995 1268 3039; x_wconf 75' lang='lat' dir='ltr'>n</span> <span class='ocrx_word' id='word_1_337' title='bbox 1302 2997 1344 3028; x_wconf 89' lang='lat'>18</span> <span class='ocrx_word' id='word_1_338' title='bbox 1371 3004 1482 3038; x_wconf 83' lang='lat' dir='ltr'>supra</span> <span class='ocrx_word' id='word_1_339' title='bbox 1506 3003 1573 3028; x_wconf 86' lang='lat' dir='ltr'>om.</span> <span class='ocrx_word' id='word_1_340' title='bbox 1599 2992 1639 3027; x_wconf 91' lang='lat' dir='ltr'><em>F</em></span> <span class='ocrx_word' id='word_1_341' title='bbox 1663 2992 1676 3036; x_wconf 78' lang='lat' dir='ltr'>ss</span> <span class='ocrx_word' id='word_1_342' title='bbox 1707 2995 1750 3026; x_wconf 88' lang='grc'><strong>19</strong></span> <span class='ocrx_word' id='word_1_343' title='bbox 1777 2990 1950 3026; x_wconf 88' lang='lat' dir='ltr'>infinitiui</span> <span class='ocrx_word' id='word_1_344' title='bbox 1975 2990 2012 3025; x_wconf 83' lang='lat' dir='ltr'><em>R</em></span> 
     </span>
     <span class='ocr_line' id='line_1_47' title="bbox 311 3037 2015 3088; baseline -0.003 -10"><span class='ocrx_word' id='word_1_345' title='bbox 311 3043 478 3079; x_wconf 81' lang='lat' dir='ltr'>infinitus</span> <span class='ocrx_word' id='word_1_346' title='bbox 498 3042 538 3077; x_wconf 92' lang='lat' dir='ltr'><em>F</em></span> <span class='ocrx_word' id='word_1_347' title='bbox 553 3044 565 3087; x_wconf 87' lang='grc' dir='ltr'>ΙΙ</span> <span class='ocrx_word' id='word_1_348' title='bbox 584 3043 671 3077; x_wconf 82' lang='lat' dir='ltr'>sunt</span> <span class='ocrx_word' id='word_1_349' title='bbox 695 3053 760 3077; x_wconf 88' lang='lat' dir='ltr'>om.</span> <span class='ocrx_word' id='word_1_350' title='bbox 776 3041 816 3076; x_wconf 91' lang='lat' dir='ltr'><em>F</em></span> <span class='ocrx_word' id='word_1_351' title='bbox 831 3043 843 3088; x_wconf 87' lang='grc' dir='ltr'>ΙΙ</span> <span class='ocrx_word' id='word_1_352' title='bbox 862 3044 906 3076; x_wconf 90' lang='grc'>22</span> <span class='ocrx_word' id='word_1_353' title='bbox 932 3040 1133 3086; x_wconf 86' lang='lat' dir='ltr'>hypallage</span> <span class='ocrx_word' id='word_1_354' title='bbox 1154 3044 1209 3076; x_wconf 83' lang='lat' dir='ltr'>est</span> <span class='ocrx_word' id='word_1_355' title='bbox 1229 3053 1295 3077; x_wconf 87' lang='lat' dir='ltr'>om.</span> <span class='ocrx_word' id='word_1_356' title='bbox 1315 3041 1355 3076; x_wconf 89' lang='lat' dir='ltr'><em>F</em></span> <span class='ocrx_word' id='word_1_357' title='bbox 1370 3042 1382 3087; x_wconf 86' lang='grc' dir='ltr'>ΙΙ</span> <span class='ocrx_word' id='word_1_358' title='bbox 1401 3045 1445 3076; x_wconf 90' lang='grc'>23</span> <span class='ocrx_word' id='word_1_359' title='bbox 1472 3040 1530 3076; x_wconf 88' lang='lat' dir='ltr'>eui</span> <span class='ocrx_word' id='word_1_360' title='bbox 1551 3039 1592 3074; x_wconf 93' lang='lat' dir='ltr'><em>F</em></span> <span class='ocrx_word' id='word_1_361' title='bbox 1606 3041 1619 3086; x_wconf 73' lang='grc' dir='ltr'>ΙΙ</span> <span class='ocrx_word' id='word_1_362' title='bbox 1637 3042 1683 3074; x_wconf 82' lang='grc'>25</span> <span class='ocrx_word' id='word_1_363' title='bbox 1709 3039 1767 3074; x_wconf 78' lang='lat' dir='ltr'>est</span> <span class='ocrx_word' id='word_1_364' title='bbox 1789 3049 1857 3074; x_wconf 86' lang='lat' dir='ltr'>om.</span> <span class='ocrx_word' id='word_1_365' title='bbox 1871 3037 1960 3073; x_wconf 82' lang='lat' dir='ltr'>RH</span> <span class='ocrx_word' id='word_1_366' title='bbox 1966 3037 2015 3072; x_wconf 87' lang='lat' dir='ltr'><em>M</em></span> 
     </span>
     <span class='ocr_line' id='line_1_48' title="bbox 312 3084 2014 3138; baseline -0.004 -12"><span class='ocrx_word' id='word_1_367' title='bbox 312 3091 323 3138; x_wconf 69' lang='grc' dir='ltr'>ΙΙ</span> <span class='ocrx_word' id='word_1_368' title='bbox 349 3095 392 3126; x_wconf 88' lang='grc'>27</span> <span class='ocrx_word' id='word_1_369' title='bbox 419 3088 604 3125; x_wconf 85' lang='lat' dir='ltr'>refelliam</span> <span class='ocrx_word' id='word_1_370' title='bbox 629 3089 666 3123; x_wconf 81' lang='lat' dir='ltr'><em>R</em></span> <span class='ocrx_word' id='word_1_371' title='bbox 702 3089 851 3124; x_wconf 83' lang='lat' dir='ltr'>refellat</span> <span class='ocrx_word' id='word_1_372' title='bbox 875 3088 920 3123; x_wconf 88' lang='lat' dir='ltr'><em>H</em></span> <span class='ocrx_word' id='word_1_373' title='bbox 946 3089 958 3135; x_wconf 85' lang='grc' dir='ltr'>ΙΙ</span> <span class='ocrx_word' id='word_1_374' title='bbox 989 3088 1038 3124; x_wconf 70' lang='lat' dir='ltr'>abl</span> <span class='ocrx_word' id='word_1_375' title='bbox 1061 3100 1197 3123; x_wconf 78' lang='lat' dir='ltr'>ANIMAM</span> <span class='ocrx_word' id='word_1_376' title='bbox 1224 3089 1269 3134; x_wconf 85' lang='lat' dir='ltr'>(v.</span> <span class='ocrx_word' id='word_1_377' title='bbox 1296 3089 1380 3133; x_wconf 87' lang='grc'><strong>230)</strong></span> <span class='ocrx_word' id='word_1_378' title='bbox 1406 3086 1595 3123; x_wconf 86' lang='lat' dir='ltr'>hominem</span> <span class='ocrx_word' id='word_1_379' title='bbox 1620 3098 1642 3122; x_wconf 88' lang='lat' dir='ltr'>a</span> <span class='ocrx_word' id='word_1_380' title='bbox 1666 3087 1773 3130; x_wconf 87' lang='lat' dir='ltr'>parte</span> <span class='ocrx_word' id='word_1_381' title='bbox 1798 3086 1919 3122; x_wconf 90' lang='lat' dir='ltr'>totum</span> <span class='ocrx_word' id='word_1_382' title='bbox 1946 3084 1979 3120; x_wconf 80' lang='lat' dir='ltr'><strong><em>T</em></strong></span> <span class='ocrx_word' id='word_1_383' title='bbox 2001 3084 2014 3131; x_wconf 80' lang='grc' dir='ltr'>Η</span> 
     </span>
     <span class='ocr_line' id='line_1_49' title="bbox 313 3132 2011 3183; baseline -0.004 -9"><span class='ocrx_word' id='word_1_384' title='bbox 313 3142 359 3174; x_wconf 90' lang='grc'>28</span> <span class='ocrx_word' id='word_1_385' title='bbox 384 3137 535 3174; x_wconf 86' lang='lat' dir='ltr'>additur</span> <span class='ocrx_word' id='word_1_386' title='bbox 559 3136 604 3172; x_wconf 88' lang='grc' dir='ltr'><strong>Η</strong></span> <span class='ocrx_word' id='word_1_387' title='bbox 619 3138 631 3183; x_wconf 73' lang='grc' dir='ltr'>ΙΙ</span> <span class='ocrx_word' id='word_1_388' title='bbox 660 3140 705 3172; x_wconf 87' lang='grc'>29</span> <span class='ocrx_word' id='word_1_389' title='bbox 731 3147 926 3181; x_wconf 83' lang='lat' dir='ltr'>possumus</span> <span class='ocrx_word' id='word_1_390' title='bbox 951 3135 1024 3171; x_wconf 78' lang='lat' dir='ltr'>AS</span> <span class='ocrx_word' id='word_1_391' title='bbox 1059 3146 1205 3180; x_wconf 83' lang='lat' dir='ltr'>possem</span> <span class='ocrx_word' id='word_1_392' title='bbox 1233 3137 1321 3172; x_wconf 80' lang='lat' dir='ltr'>libri</span> <span class='ocrx_word' id='word_1_393' title='bbox 1345 3135 1568 3171; x_wconf 78' lang='lat' dir='ltr'>Sallustiani</span> <span class='ocrx_word' id='word_1_394' title='bbox 1586 3135 1597 3180; x_wconf 90' lang='grc' dir='ltr'>ΙΙ</span> <span class='ocrx_word' id='word_1_395' title='bbox 1621 3133 1780 3179; x_wconf 82' lang='lat' dir='ltr'>po&#39;pulus</span> <span class='ocrx_word' id='word_1_396' title='bbox 1805 3132 2011 3178; x_wconf 79' lang='lat' dir='ltr'>Romanus]</span> 
     </span>
     <span class='ocr_line' id='line_1_50' title="bbox 313 3180 2012 3231; baseline -0.004 -10"><span class='ocrx_word' id='word_1_397' title='bbox 313 3198 381 3231; x_wconf 86' lang='lat' dir='ltr'>par</span> <span class='ocrx_word' id='word_1_398' title='bbox 406 3185 446 3221; x_wconf 89' lang='lat' dir='ltr'><em>F</em></span> <span class='ocrx_word' id='word_1_399' title='bbox 460 3186 473 3231; x_wconf 86' lang='grc' dir='ltr'>ΙΙ</span> <span class='ocrx_word' id='word_1_400' title='bbox 504 3187 550 3219; x_wconf 92' lang='grc'>30</span> <span class='ocrx_word' id='word_1_401' title='bbox 575 3184 700 3229; x_wconf 86' lang='lat' dir='ltr'>capias</span> <span class='ocrx_word' id='word_1_402' title='bbox 725 3184 766 3219; x_wconf 91' lang='lat' dir='ltr'><em>F</em></span> <span class='ocrx_word' id='word_1_403' title='bbox 782 3186 794 3231; x_wconf 79' lang='grc' dir='ltr'>ΙΙ</span> <span class='ocrx_word' id='word_1_404' title='bbox 820 3183 956 3220; x_wconf 88' lang='lat' dir='ltr'>federit</span> <span class='ocrx_word' id='word_1_405' title='bbox 981 3182 1024 3218; x_wconf 89' lang='lat' dir='ltr'><em>H</em></span> <span class='ocrx_word' id='word_1_406' title='bbox 1039 3184 1051 3229; x_wconf 83' lang='grc' dir='ltr'>ΙΙ</span> <span class='ocrx_word' id='word_1_407' title='bbox 1082 3187 1124 3218; x_wconf 91' lang='grc'><strong>31</strong></span> <span class='ocrx_word' id='word_1_408' title='bbox 1154 3184 1330 3229; x_wconf 82' lang='lat' dir='ltr'>uergilius</span> <span class='ocrx_word' id='word_1_409' title='bbox 1356 3183 1396 3218; x_wconf 89' lang='lat' dir='ltr'><em>F</em></span> <span class='ocrx_word' id='word_1_410' title='bbox 1417 3184 1428 3229; x_wconf 84' lang='grc' dir='ltr'>ΙΙ</span> <span class='ocrx_word' id='word_1_411' title='bbox 1460 3187 1504 3218; x_wconf 84' lang='grc'>32</span> <span class='ocrx_word' id='word_1_412' title='bbox 1529 3182 1592 3228; x_wconf 88' lang='lat' dir='ltr'>ne]</span> <span class='ocrx_word' id='word_1_413' title='bbox 1618 3192 1665 3217; x_wconf 85' lang='lat' dir='ltr'>ne</span> <span class='ocrx_word' id='word_1_414' title='bbox 1690 3180 1736 3216; x_wconf 89' lang='grc' dir='ltr'><strong>Η</strong></span> <span class='ocrx_word' id='word_1_415' title='bbox 1767 3192 1836 3216; x_wconf 84' lang='lat' dir='ltr'>nec</span> <span class='ocrx_word' id='word_1_416' title='bbox 1861 3180 1902 3215; x_wconf 92' lang='lat' dir='ltr'><em>F</em></span> <span class='ocrx_word' id='word_1_417' title='bbox 1915 3181 1929 3225; x_wconf 73' lang='grc' dir='ltr'>ΙΙ</span> <span class='ocrx_word' id='word_1_418' title='bbox 1954 3191 2012 3215; x_wconf 85' lang='lat' dir='ltr'>oc-</span> 
     </span>
     <span class='ocr_line' id='line_1_51' title="bbox 315 3230 1175 3279; baseline -0.003 -11"><span class='ocrx_word' id='word_1_419' title='bbox 315 3245 418 3270; x_wconf 85' lang='lat' dir='ltr'>curre</span> <span class='ocrx_word' id='word_1_420' title='bbox 444 3233 490 3268; x_wconf 86' lang='lat' dir='ltr'><em>H</em></span> <span class='ocrx_word' id='word_1_421' title='bbox 514 3234 527 3279; x_wconf 84' lang='lat' dir='ltr'>ss</span> <span class='ocrx_word' id='word_1_422' title='bbox 557 3236 601 3268; x_wconf 89' lang='grc'>33</span> <span class='ocrx_word' id='word_1_423' title='bbox 629 3231 875 3268; x_wconf 82' lang='lat' dir='ltr'>Troianorum</span> <span class='ocrx_word' id='word_1_424' title='bbox 900 3230 1044 3267; x_wconf 82' lang='lat' dir='ltr'>scilieet</span> <span class='ocrx_word' id='word_1_425' title='bbox 1068 3232 1175 3276; x_wconf 62' lang='lat' dir='ltr'>vulgo</span> 
     </span>
    </p>
   </div>
  </div>
 </body>
</html>
