2092 3614
280 683 301 716 5

258 1040 302 1071 10

255 1396 299 1427 15

253 1753 299 1784 20

333 279 419 321 226
1105 281 1268 316 SERVII

329 389 519 442 quamvis
549 389 626 431 alii
656 389 798 432 dicant
819 390 907 431 ideo
933 388 1056 444 ‘terqo
1081 388 1223 443 bovis',
1253 390 1363 442 quod
1384 389 1442 431 ad
1464 403 1585 432 aram
1615 391 1846 433 maximam
1876 391 2040 445 aliquid

327 460 487 502 servari
517 461 564 502 de
595 463 714 502 tauro
744 460 864 513 nefas
893 463 971 510 est;
1003 474 1104 502 nam
1128 463 1166 502 et
1190 460 1348 506 corium
1377 461 1493 503 illius
1523 462 1736 504 mandunt.
1840 474 2037 506 LVSTRA—

328 542 462 573 LIBVS
504 534 580 573 aut
618 532 870 588 pinguibus:
913 532 1045 574 moris
1087 532 1201 573 enim
1243 531 1385 573 fuerat
1422 532 1636 587 completo
1676 533 1814 575 lustro
1853 534 2035 590 pingues

327 602 525 644 victimas
564 603 715 645 offerre
755 617 970 646 censores:
1013 606 1088 645 aut
1126 605 1240 645 certe
1277 603 1328 644 de
1366 603 1677 658 quinquennali
1719 604 1845 659 bove,
1889 605 1932 647 id
1971 608 2038 647 est

326 672 542 728 perfectae
581 674 757 716 aetatis:
799 689 901 716 nam
933 659 1149 716 fiomerus
1182 673 1285 716 dicit
1316 674 1790 731 πίοναπενταέτηρον.
1833 678 1909 717 aut
1936 677 2036 730 quia

318 759 398 798 per
426 746 754 799 quinquennium
783 746 886 800 ipsis
909 746 1085 788 victimis
1116 745 1214 788 urbs
1244 745 1419 788 lustrari
1447 745 1609 788 solebat.
1658 747 1736 788 alii
1758 748 1927 801 proprie
1950 746 2036 805 flu-

325 815 491 858 stralia’
523 818 666 859 dieunt
693 831 797 871 quae
827 817 986 859 duabus
1016 817 1210 859 manibus
1234 819 1394 870 accepta
1420 817 1467 858 in
1491 830 1614 858 aram
1639 817 1828 871 pontifex
1857 818 1917 861 vel
1947 832 2034 860 een-

328 901 397 930 sor
426 889 611 942 inponit:
643 903 747 943 quae
777 902 861 931 non
882 891 1164 942 prosecuntur.

449 961 545 1003 184.
594 971 846 1010 POSTQVAM
871 971 1095 1002 EXEMPTA
1119 970 1271 1002 FAMEs
1298 971 1357 1001 ET
1377 971 1506 1002 AMOR
1531 971 1826 1004 compnnssvs
1852 973 2035 1003 nonum

328 1033 560 1086 postquam
594 1034 638 1072 et
667 1031 917 1074 necessitati
950 1031 1055 1073 satis
1086 1030 1248 1073 factum
1282 1033 1348 1072 est
1379 1034 1422 1072 et
1452 1031 1678 1086 voluptati.

403 1131 407 1136 -
448 1102 544 1144 185.
594 1119 671 1144 REX
699 1119 860 1145 EVANDR
869 1118 912 1145 vs
943 1105 1017 1144 aut
1045 1115 1129 1144 non
1158 1102 1334 1144 servavit
1360 1102 1543 1144 nominis
1572 1102 1904 1145 declinationem:
1934 1118 2036 1146 nam

326 1171 558 1215 ‘Euander'
587 1172 709 1228 facit,
739 1173 846 1214 sieut
874 1173 960 1227 ipse
984 1173 1087 1215 alibi
1110 1171 1178 1226 <X
1198 1172 1314 1227 515>
1341 1171 1517 1215 Pallas
1541 1172 1778 1216 Euan-der
1808 1175 1861 1216 in
1890 1175 2035 1229 ipsis.-

325 1247 400 1286 aut
424 1257 567 1298 yraece
596 1243 817 1286 declinavit
846 1239 869 1285 ὁ
905 1239 1153 1299 Εὔανδρος.
1275 1254 1373 1285 NON
1405 1254 1530 1286 HAEC
1567 1244 1709 1286 variat
1745 1245 1789 1286 in
1821 1259 1906 1287 uno
1938 1261 2034 1301 pro-

325 1315 500 1357 nomine
532 1314 641 1358 ‘non
671 1315 779 1357 haec
811 1314 1039 1357 sollemnia
1070 1313 1216 1365 nobis,
1246 1313 1326 1356 has
1360 1328 1411 1356 ex
1442 1329 1561 1356 more
1593 1314 1743 1371 dapes,
1781 1315 1892 1358 hanc
1922 1317 2034 1359 tanti

326 1386 518 1429 numinis
551 1385 706 1429 aram'.

447 1458 543 1501 187.
593 1470 719 1500 VANA
745 1468 1047 1501 SVPERSTITIO
1080 1456 1332 1512 superstitio
1360 1459 1425 1499 est
1454 1457 1588 1499 timor
1619 1457 1857 1512 superfluus
1889 1460 1933 1500 et
1952 1458 2034 1500 de·

324 1529 439 1571 lirus.
492 1531 567 1571 aut
599 1530 653 1572 ab
680 1529 865 1572 aniculis
892 1529 1009 1571 dicta
1041 1528 1312 1583 superstitio,
1344 1528 1444 1583 quia
1476 1528 1638 1570 multae
1670 1529 1927 1584 superstites
1959 1543 2035 1584 per

325 1603 512 1643 aetatem
552 1600 738 1643 delirant
775 1603 819 1642 et
856 1600 1011 1642 stultae
1050 1601 1167 1642 sunt:
1210 1602 1285 1642 aut
1324 1599 1558 1642 secundum
1589 1599 1835 1642 Lucretium
1867 1600 1915 1655 <1
1947 1600 2033 1655 66>

326 1671 579 1727 superstitio
612 1674 678 1714 est
709 1672 1048 1727 superstantium
1079 1685 1241 1725 rerum,
1271 1670 1316 1712 id
1342 1673 1408 1712 est
1433 1670 1685 1713 caelestium
1711 1674 1753 1712 et
1781 1671 2035 1725 divinarum,

326 1757 434 1798 quae
467 1757 595 1797 super
627 1757 708 1786 nos
742 1744 879 1798 stant,
920 1742 1062 1784 inanis
1102 1745 1145 1784 et
1184 1741 1422 1796 superfluus
1454 1741 1596 1783 timor.
1717 1734 2033 1794 VETERVMQVE

325 1825 502 1857 IGNARA
539 1825 733 1856 DEORVM
771 1814 854 1856 duo
894 1813 1012 1856 dicit:
1057 1828 1145 1856 non
1181 1813 1277 1855 ideo
1309 1812 1543 1855 Herculem
1581 1813 1783 1868 colimus,
1828 1815 1904 1855 aut
1935 1813 2035 1869 quia

326 1900 498 1929 omnem
527 1885 785 1941 religionem
815 1900 961 1928 veram
998 1887 1218 1941 putamus,
1258 1886 1333 1926 aut
1370 1884 1471 1940 quia
1509 1884 1610 1926 deos
1642 1884 1892 1940 ignoramus
1924 1884 2033 1926 anti-

326 1972 446 2013 quos.
508 1960 681 1999 cautum
720 1956 833 1999 enim
870 1957 1012 1999 fuerat
1043 1958 1087 1999 et
1119 1955 1231 2011 apud
1263 1955 1550 1997 Athenienses
1583 1956 1627 1996 et
1659 1955 1772 2010 apud
1803 1954 2034 2010 Romanos,

255 2025 257 2027 ’
319 2043 379 2071 ἠε
422 2028 519 2083 quis
559 2042 695 2070 novas
736 2019 1028 2071 introduceret
1059 2026 1311 2082 religiones:
1353 2025 1463 2067 unde
1496 2028 1539 2068 et
1571 2024 1768 2068 Socrates
1807 2026 2034 2068 damnatus

255 2109 301 2141 25

328 2102 393 2142 est
424 2101 468 2141 et
498 2097 707 2142 Chaldaei
745 2100 813 2142 vel
843 2098 992 2141 Iudaei
1030 2101 1134 2140 sunt
1171 2097 1276 2139 urbe
1315 2096 1496 2151 depulsi.
1557 2109 1657 2150 sane
1686 2097 1856 2151 quidam
1888 2100 2036 2139 veteres

420 2233 442 2264 3
469 2229 535 2264 aut
559 2228 760 2274 pinguibus
786 2254 794 2263 .
815 2257 823 2265 .
845 2254 853 2263 .
882 2227 1070 2274 censores]
1100 2226 1146 2263 cf.
1172 2225 1277 2262 Luot.
1302 2225 1405 2261 Plac.
1432 2224 1480 2260 ad.
1506 2224 1599 2261 Stat.
1627 2225 1743 2260 Theb.
1769 2225 1785 2260 Ι
1811 2228 1878 2261 507

423 2351 441 2381 1
468 2348 518 2382 ad
542 2359 656 2381 Tnssco
675 2357 776 2392 supr.
796 2357 885 2382 vers.
912 2346 1063 2391 quidam
1091 2344 1221 2380 dicunt
1244 2346 1352 2390 tergo
1378 2344 1576 2389 propterea
1601 2342 1688 2388 quia
1713 2342 1761 2378 ad
1786 2353 1891 2378 aram
1916 2342 2032 2379 maxi-

327 2405 425 2432 mam
452 2394 594 2439 aliquid
620 2405 766 2429 seruare
791 2394 837 2429 de
862 2395 972 2428 tauro
998 2392 1102 2428 'nefas
1129 2393 1208 2427 erat
1238 2391 1270 2426 Τ
1305 2392 1317 2437 ΙΙ
1353 2391 1475 2437 bovis]
1503 2390 1600 2425 iouis
1627 2390 1674 2426 F.
1713 2390 1881 2436 ‘terqum’
1908 2401 2033 2426 moneo

329 2441 497 2477 ‘corium’
525 2442 685 2487 intellegi
710 2442 755 2476 ab
781 2441 974 2486 interprete
993 2442 1005 2487 11
1036 2439 1085 2474 ad
1109 2450 1175 2475 om.
1202 2439 1250 2475 F.
1277 2450 1342 2474 ara
1366 2438 1405 2473 in
1430 2438 1593 2473 maxima
1617 2437 1717 2474 Lion
1745 2439 1758 2483 ΙΙ
1791 2442 1811 2473 2
1838 2441 1923 2473 ante
1946 2448 2034 2473 nam

326 2490 499 2525 lacunam
523 2489 703 2524 indicavit
722 2489 860 2524 Daniel
877 2490 890 2534 ss
907 2487 1090 2523 mandant
1109 2486 1157 2531 F,
1184 2497 1273 2523 corr.
1295 2486 1433 2521 Daniel
1458 2487 1470 2532 ΙΙ
1497 2488 1517 2520 ὅ
1543 2497 1657 2520 mom
1675 2497 1923 2521 nesraefflron
1942 2484 2032 2520 AS:

328 2549 415 2571 mon
441 2547 666 2571 πεΝΤΕΤΗΡοΝ
691 2535 727 2570 R
764 2548 1016 2571 mormulam-AEN
1042 2535 1077 2569 L
1113 2545 1330 2569 ΜοΝΛΝεΝΤΛ.
1359 2544 1414 2568 en.
1441 2544 1524 2578 pon.
1552 2533 1598 2567 H
1638 2544 1851 2569 πΤοΝΠεΝΤΑ
1876 2544 1916 2568 ετ
1940 2544 2034 2568 upon

329 2584 379 2618 Μ
412 2594 525 2618 mona
550 2594 665 2618 Meum
689 2594 796 2618 εΤΡοΝ
822 2583 862 2617 F
896 2579 1037 2628 ἄρσενα
1063 2580 1318 2626 πενταέτηρον
1344 2581 1524 2615 Homerus
1550 2581 1601 2616 Il.
1628 2579 1859 2627 V11315nc
1884 2579 2034 2615 lustrari

327 2630 481 2666 Daniel:
508 2630 695 2665 lustralim
714 2629 755 2665 F
770 2632 781 2676 ss
801 2631 850 2665 ad
868 2641 1103 2666 LVSTBALIBVS
1123 2640 1223 2674 supr.
1242 2639 1331 2664 vers.
1358 2627 1509 2674 quidam
1534 2627 1683 2673 proprie
1710 2628 1839 2662 dicunt
1864 2626 2035 2663 lustralia

328 2683 432 2723 quae
448 2678 621 2713 manibus
647 2678 790 2713 duabus
815 2677 877 2712 uel
903 2688 1033 2712 censor
1058 2677 1120 2712 uel
1145 2675 1313 2721 pontifex
1336 2675 1444 2721 ponit
1467 2675 1506 2709 in
1531 2685 1631 2710 aram
1663 2675 1697 2709 T
1722 2676 1735 2720 ΙΙ
1768 2678 1810 2709 10
1835 2675 2033 2720 postquam

328 2727 455 2761 autem
479 2725 514 2759 L
532 2726 543 2771 Ι]
562 2724 796 2760 necessitatis
821 2724 963 2759 factum
982 2724 1022 2758 F
1039 2725 1050 2770 ΙΙ
1070 2723 1159 2759 satis
1185 2734 1251 2759 om.
1272 2723 1307 2757 L
1333 2723 1434 2768 (add.
1455 2722 1481 2767 l)
1501 2723 1514 2767 ss
1534 2726 1578 2757 13
1604 2733 1779 2758 evauapoc
1802 2722 1871 2768 Fu
1891 2726 1935 2758 14
1960 2722 2032 2757 sol-

327 2772 494 2818 lempnia
512 2771 553 2806 F
569 2773 580 2818 ΙΙ
602 2775 644 2806 16
671 2771 817 2807 delerus
842 2771 879 2806 R
918 2770 1047 2806 dilisus
1067 2771 1108 2805 F
1123 2772 1134 2817 ΙΙ
1157 2775 1198 2806 17
1225 2769 1441 2816 superstitio
1468 2772 1526 2804 est
1544 2769 1581 2804 R
1599 2771 1611 2816 fl
1630 2769 1734 2816 quia]
1762 2780 1856 2814 quae
1881 2768 2000 2804 ASF
2022 2768 2034 2815 ΙΙ

329 2819 470 2855 multae
495 2818 577 2853 LH
613 2819 730 2854 multe
755 2818 809 2853 R:
834 2818 962 2853 multis
988 2818 1061 2853 AS
1098 2818 1208 2853 multi
1233 2818 1273 2852 F
1306 2816 1481 2852 mulieres
1508 2818 1564 2852 M.
1593 2818 1638 2861 cf.
1660 2817 1754 2852 Isid.
1781 2827 1831 2851 or.
1853 2816 1939 2851 VIII
1958 2820 1992 2860 3,
2011 2819 2032 2850 6

333 2867 418 2902 ‘alii
442 2867 572 2902 dieunt
597 2867 687 2911 (scil.
707 2866 998 2910 superstitionem
1022 2866 1158 2900 dietam
1177 2866 1261 2908 esse)
1286 2877 1310 2900 a
1328 2865 1486 2908 senibus,
1511 2864 1600 2909 quia
1624 2864 1749 2899 multis
1774 2863 1885 2898 annis
1907 2874 2031 2907 super—

329 2914 429 2950 stites
447 2924 517 2959 per
542 2916 692 2948 aetatem
717 2912 890 2949 delirant'
920 2916 952 2948 et
976 2913 1149 2958 mythoqr.
1178 2912 1228 2946 III
1248 2916 1280 2955 5,
1301 2916 1321 2947 2
1351 2912 1430 2947 ‘hoe
1455 2915 1575 2947 autem
1599 2911 1653 2946 vel
1677 2911 1723 2946 ab
1749 2910 1908 2946 aniculis
1933 2910 2034 2945 ultra

329 2961 622 2998 consuetudinem
645 2961 827 2996 humanae
845 2961 940 2995 vitae
958 2960 1226 3004 superstitibus,
1251 2963 1336 2995 teste
1355 2959 1494 3001 Servio,
1509 2959 1732 2994 vocabulum
1753 2961 1935 3002 swmptum
1953 2957 2032 2993 est'.

329 3009 425 3045 Don.
454 3009 511 3044 ad.
543 3008 623 3043 Ter.
650 3009 770 3044 Andr.
797 3008 849 3043 III
873 3011 906 3051 2,
933 3011 953 3042 7
982 3007 993 3053 ΙΙ
1026 3010 1069 3042 18
1096 3006 1249 3041 dilirant
1273 3005 1357 3041 LF
1384 3006 1396 3051 ΙΙ
1428 3010 1475 3040 19
1497 3008 1554 3041 est
1579 3006 1617 3040 et
1641 3004 1930 3050 superstantium
1955 3004 1996 3039 Η
2020 3004 2033 3051 Η

329 3068 562 3096 vmsnvuqvn
586 3055 695 3090 RM:
722 3067 931 3091 vnmnnvmvn
955 3054 1087 3099 reliqui
1106 3055 1117 3100 ΙΙ
1142 3057 1186 3088 22
1213 3054 1355 3097 veram]
1382 3064 1484 3088 ream
1509 3053 1555 3087 H
1568 3053 1580 3098 ΙΙ
1607 3054 1672 3087 aut
1697 3050 1787 3096 quia.
1811 3051 1900 3087 deos
1925 3052 2032 3097 igno-

329 3115 452 3139 ramus
500 3102 600 3148 apud
626 3104 731 3148 (aput
755 3103 805 3148 A)
836 3101 1010 3146 antiquos
1037 3101 1135 3136 enim
1162 3102 1311 3134 cautum
1337 3100 1460 3135 fuerat
1483 3099 1601 3134 ΑΒΕ
1637 3101 1648 3145 ΙΙ
1685 3102 1730 3133 23
1756 3100 1907 3134 cautum
1933 3099 2033 3134 enim

330 3150 469 3197 fuerat]
494 3161 583 3186 nam
608 3151 817 3194 statuntum
843 3150 966 3185 fuerat
991 3149 1040 3184 M
1057 3150 1068 3194 ΙΙ
1097 3151 1142 3183 25
1167 3147 1244 3192 vel]
1272 3148 1310 3182 et
1334 3146 1540 3191 Stephanus
1559 3147 1570 3191 ss
1594 3157 1682 3181 sane
1708 3146 1859 3190 quidam
1885 3157 1912 3182 e.
1933 3158 1964 3191 q.
1984 3146 2031 3192 s.]

330 3200 377 3243 ef.
403 3198 543 3234 Arnob.
569 3198 651 3234 adv.
677 3202 753 3233 nat.
781 3197 834 3232 III
859 3200 904 3233 38
923 3208 972 3242 sq.
1012 3197 1109 3231 unde
1133 3188 1377 3231 dubitandum
1402 3204 1473 3229 esse
1497 3194 1634 3228 videbis
1658 3197 1795 3229 rectene
1818 3197 1949 3230 veteres
1973 3194 2034 3229 dei

330 3247 505 3282 dicantur
528 3245 745 3289 novensiles,
770 3246 804 3281 si
828 3246 910 3290 quis
934 3254 992 3280 eos
1015 3254 1060 3279 eae
1083 3241 1289 3279 hominibus
1312 3241 1429 3285 factos
1452 3241 1645 3287 intelleqat.
