2092 3614
542 237 692 274 COMM.
720 237 773 273 IN
798 236 941 274 VERG.
969 236 1080 273 AEN.
1107 237 1140 271 X
1167 240 1367 272 273—275.
1727 234 1814 276 423

101 361 300 402 apparere
338 347 496 402 ferunt,
541 348 613 401 qui
654 348 699 390 in
739 346 1022 401 septentrionis
1055 349 1179 399 parte
1217 346 1442 399 aliquando
1482 345 1612 398 fuisse
1651 345 1814 387 dicitur.

101 418 209 461 hicne
227 418 444 473 Aethiopes
468 419 663 461 dicuntur
687 421 726 460 et
749 417 900 460 Persae
923 417 1070 459 vidisse
1102 419 1140 459 et
1169 417 1354 458 omnium
1383 416 1588 458 malorum
1620 418 1658 458 et
1684 416 1815 468 famis

101 491 354 533 necessitates
380 490 606 544 pertulisse.
651 502 830 543 quarum
860 490 888 542 †
893 489 965 543 ple
995 488 1060 531 uel
1090 487 1338 541 inpleniores
1369 487 1641 542 differentias,
1673 487 1734 529 vel
1765 487 1811 529 in

103 560 337 616 Campestro
369 562 430 604 vel
459 562 506 603 in
537 561 733 615 Petosiri,
763 561 919 613 siquem
950 559 1218 613 delectaverit,
1249 562 1430 612 quaerat.
1466 554 1483 566 ‘

219 633 319 676 273.
370 644 519 676 SIRIVS
552 643 712 675 ARDOR
745 630 880 673 Sirius
914 631 1039 673 stella
1071 632 1137 672 est
1168 631 1212 672 in
1247 644 1319 672 ore
1352 629 1489 682 canis,
1528 645 1655 685 quae,
1688 631 1736 672 ut
1767 629 1813 671 in
1839 636 1860 669 5

100 704 230 747 tertio
264 704 405 759 <141>
437 704 639 756 diximus,
678 706 887 759 quantum
924 703 970 745 in
1008 702 1104 757 ipsa
1135 703 1220 755 est,
1260 701 1468 756 pestifera
1507 705 1589 755 est,
1628 701 1701 743 sed
1733 717 1811 757 pro

102 775 312 831 qualitate
339 774 625 817 adiacentium
653 777 728 816 aut
752 774 940 816 vincitur
966 776 1041 816 aut
1066 773 1304 816 maioribus
1331 773 1469 814 utitur
1496 772 1679 815 viribus:
1712 773 1812 815 hinc

102 849 168 889 est
199 846 330 902 quod,
362 861 458 888 eum
485 848 599 889 certo
625 848 818 900 tempore
846 859 1014 899 semper
1046 845 1229 899 oriatur,
1261 859 1347 886 non
1375 858 1543 898 semper
1571 847 1638 887 est
1668 844 1811 888 noxia.

99 919 170 961 sed
190 919 410 961 secundum
426 917 735 973 physioloyicos,
760 917 909 959 idcirco
936 914 1088 973 (canis)
1116 916 1266 958 caloris
1289 916 1404 958 sidus
1423 919 1612 970 putatur,
1637 917 1746 969 quod
1768 917 1814 958 icl

99 990 261 1033 animal
284 991 448 1044 iyneam
473 990 555 1031 vim
580 989 718 1031 habet:
749 1002 850 1031 nam
875 988 983 1042 quod
1005 990 1162 1030 natura
1192 987 1409 1029 inimicum
1439 1000 1622 1029 umorem
1653 987 1810 1043 habeat,
1839 996 1882 1028 10

94 1064 310 1115 propterea
344 1062 438 1115 fieri
473 1064 520 1103 ut
550 1074 668 1115 aeqre
697 1073 851 1113 aquam
882 1059 1053 1101 hauriat
1082 1060 1140 1101 aol
1168 1059 1500 1113 restinyuenclam
1537 1059 1673 1101 sitim:
1711 1073 1813 1101 nam

100 1134 188 1175 ideo
218 1146 299 1184 eos,
339 1133 411 1186 qui
447 1132 585 1174 rabidi
616 1132 732 1174 canis
762 1144 902 1190 morsu
933 1131 1241 1185 continyuntur,
1279 1144 1432 1184 aquam
1463 1130 1644 1184 refuyere
1674 1133 1726 1181 et,
1765 1131 1813 1173 ni

99 1205 177 1247 cito
202 1204 476 1258 subveniatur,
498 1204 634 1257 perire
657 1203 746 1257 siti,
768 1203 868 1256 quia
892 1202 919 1254 †
933 1202 1048 1256 nisus
1073 1203 1159 1245 eius
1185 1202 1402 1256 animalis,
1427 1202 1535 1255 quod
1557 1189 1812 1244 contrarium

98 1276 235 1318 umori
265 1276 335 1330 sit,
367 1275 558 1318 similiter
587 1275 634 1317 in
665 1287 827 1327 corpore
857 1273 1039 1315 humano
1071 1274 1236 1316 saeviat.

217 1347 317 1389 275.
367 1357 520 1404 LAEVO
548 1345 675 1388 noxio
701 1344 785 1396 hic,
817 1348 864 1387 ut
889 1344 1064 1399 <1154>
1090 1346 1134 1387 si
1157 1359 1289 1388 mens
1312 1359 1408 1388 non
1438 1345 1578 1388 laeva
1605 1345 1810 1398 fuisset:
1838 1354 1882 1386 15

98 1418 200 1460 alibi
223 1431 304 1472 pro
335 1417 453 1471 bono,
484 1420 533 1459 ut
561 1418 747 1471 siquem
778 1416 988 1458 numina
1020 1416 1158 1458 laeva
1188 1417 1374 1459 sinunt.
1424 1431 1482 1458 an
1499 1417 1641 1470 potius
1668 1415 1809 1459 ‘laevo'

97 1490 226 1545 notio,
256 1489 357 1542 quia
382 1489 498 1531 canis
524 1489 632 1531 circa
658 1491 845 1530 austrum
872 1491 931 1530 est
954 1491 992 1530 et
1015 1488 1209 1542 astroloyi
1233 1490 1349 1530 notia
1379 1502 1483 1542 quae
1506 1491 1605 1530 sunt
1626 1489 1673 1530 in
1704 1489 1810 1531 caelo

96 1561 271 1604 sinistra
301 1560 474 1602 vocant?
524 1560 638 1616 quod
671 1562 816 1602 autem
850 1559 912 1602 ait
944 1558 1200 1602 ‘contristat
1230 1559 1428 1612 lumine',
1467 1574 1563 1602 eum
1599 1559 1649 1601 de
1682 1560 1810 1602 stella

97 1633 363 1688 loqueretur,
395 1646 523 1686 quam
558 1631 689 1674 armis
723 1630 1049 1687 splendentibus
1075 1632 1362 1686 comparavit,
1394 1632 1505 1674 bene
1536 1631 1618 1674 hoe
1645 1630 1809 1674 Statius

99 1704 154 1746 ad
185 1703 283 1760 ipsa
315 1718 435 1746 arma
470 1703 709 1759 transtulit,
741 1703 885 1755 dicens
918 1718 1158 1759 armaque
1190 1703 1243 1745 in
1275 1717 1396 1746 auro
1429 1703 1617 1746 tristia.
1836 1712 1881 1743 20

192 1824 213 1857 5
244 1819 364 1856 Sirius
396 1848 404 1856 .
431 1849 439 1856 .
463 1796 476 1857 ›·
508 1831 582 1855 nou
620 1830 766 1865 semper
796 1820 852 1856 est
885 1820 1012 1867 noxia]
1053 1831 1166 1856 exscr.
1200 1820 1315 1855 schol.
1350 1820 1488 1855 Strozz.
1522 1819 1571 1854 ad
1596 1819 1718 1856 Germ.
1747 1820 1808 1855 Ar.

96 1873 227 1952 &hlg'l
240 1869 387 1951 Ιῧιὲγὶέ
420 1868 459 1904 et
489 1869 676 1914 mythogr.
703 1867 755 1902 111
783 1871 822 1913 9,
849 1871 869 1903 6
907 1869 919 1915 ΙΙ
958 1872 1000 1903 16
1039 1867 1201 1914 siquem]
1237 1878 1365 1914 georg.
1392 1867 1442 1902 IV
1469 1872 1489 1903 6
1527 1870 1539 1914 11
1579 1872 1621 1903 19
1649 1867 1807 1915 Statius]

158 1927 177 1953 e
206 1943 214 1951 .
344 1928 351 1935 ·

194 2027 212 2059 1
240 2022 534 2068 septemtdouib:
565 2022 604 2057 F
639 2020 899 2068 septemtrioni
929 2021 962 2056 T
985 2023 997 2066 ss
1029 2025 1049 2056 2
1077 2024 1115 2057 et
1139 2021 1242 2057 omni
1266 2021 1450 2057 malorum
1478 2022 1516 2057 et
1540 2021 1659 2057 fames
1684 2033 1808 2058 neces-

98 2070 221 2107 sitatis
253 2070 350 2114 FT,
383 2082 474 2107 corr.
504 2071 712 2106 Masvicius
748 2071 759 2116 ΙΙ
797 2074 818 2105 3
845 2070 1017 2115 quarum]
1049 2070 1072 2105 i.
1101 2081 1126 2105 e.
1153 2070 1349 2105 stellarum.
1402 2081 1558 2115 quorum
1590 2071 1808 2110 Masvicius,

95 2120 251 2163 fortasse
281 2122 372 2153 recte
408 2119 420 2165 ΙΙ
456 2118 517 2164 ple
542 2118 604 2153 uel
628 2117 853 2163 inpleniores
879 2117 1096 2152 diserentias
1123 2116 1164 2152 F
1202 2118 1314 2163 plena
1340 2116 1399 2151 uel
1425 2117 1464 2151 in
1490 2116 1678 2162 pleniores
1705 2117 1807 2153 diffe-

97 2166 235 2202 rentias
264 2166 305 2200 T.
342 2167 497 2210 fortasse
526 2166 651 2211 plures
678 2164 906 2200 differentias
933 2164 993 2200 vel
1017 2164 1057 2199 in
1082 2163 1222 2208 Plinio,
1260 2169 1300 2200 ut
1326 2165 1386 2200 vel
1411 2164 1448 2199 in
1475 2164 1593 2209 plinio
1619 2165 1661 2200 in
1687 2166 1807 2201 arche-

96 2218 182 2261 typo
207 2214 260 2249 vel
284 2216 383 2259 supr.
404 2224 491 2249 vers.
513 2214 566 2248 vel
586 2214 628 2248 in
647 2224 762 2258 mai-9.
784 2213 1012 2257 adscriptum
1035 2213 1167 2256 fuerit:
1193 2213 1280 2247 n'am
1305 2223 1380 2247 non
1399 2216 1492 2257 puto
1517 2212 1563 2247 ab
1589 2212 1669 2256 ipso
1695 2214 1807 2248 inter-

91 2265 194 2307 prete
222 2261 390 2297 Plinium
416 2261 607 2296 laudatum
633 2271 715 2295 esse.
759 2260 884 2305 plures
911 2259 1140 2295 differentias
1166 2261 1227 2295 vel
1252 2260 1291 2294 in
1317 2259 1460 2294 Avieno
1487 2259 1685 2295 Schoellius
1721 2261 1732 2306 fl
1769 2259 1807 2295 in

98 2308 332 2355 Campestro]
359 2308 398 2343 in
417 2307 588 2354 Neeepso
611 2308 838 2350 Masvicius;
862 2308 923 2343 sed
949 2308 994 2351 cf.
1008 2307 1126 2342 Zinck
1147 2307 1228 2342 ‘der
1247 2306 1403 2352 Mythol.
1425 2305 1657 2352 Fulgentius’
1675 2319 1713 2352 p.
1731 2311 1774 2342 91
1795 2307 1808 2354 Η

97 2359 119 2391 4
144 2355 206 2391 uel
230 2355 392 2401 impetus
419 2355 590 2400 sirisique
617 2355 656 2390 F
691 2355 754 2390 uel
777 2355 939 2400 impetus
967 2354 1189 2399 syrisiquem
1219 2355 1267 2398 Τ,
1294 2366 1385 2390 corr.
1415 2354 1665 2390 Oommelinus.
1706 2355 1806 2390 Peto-

96 2405 192 2439 sirin
226 2404 377 2438 Plinius
410 2404 506 2438 inter
542 2407 706 2438 auctores
741 2403 828 2438 libri
860 2403 1011 2438 secundi
1044 2406 1292 2438 commemorat
1324 2406 1357 2437 et
1388 2402 1577 2438 Firmicus
1610 2403 1808 2438 Maternus

96 2451 205 2486 math.
231 2450 350 2496 praef.
379 2454 404 2487 2
436 2453 469 2486 et
500 2450 587 2486 aliis
618 2450 715 2486 locis.
765 2451 809 2494 cf.
841 2450 979 2494 Teuffel
1010 2449 1133 2486 Geseh.
1167 2451 1202 2485 cl.
1234 2461 1338 2485 roem.
1372 2450 1447 2484 Lie.
1476 2451 1528 2484 ed.
1557 2449 1607 2484 IV
1630 2462 1667 2494 p.
1696 2454 1763 2486 952
1796 2451 1837 2497 Ηκ.

97 2502 118 2534 6
145 2497 228 2544 sed]
255 2499 294 2533 et
319 2497 386 2544 Fu
415 2502 434 2534 7
461 2499 528 2533 aut
553 2525 560 2533 .
583 2526 590 2533 .
612 2525 620 2533 .
646 2500 815 2543 tempore
842 2509 907 2534 om.
935 2497 974 2532 F
990 2499 1002 2543 ss
1031 2502 1052 2533 8
1078 2498 1220 2532 oriatur
1245 2509 1311 2533 om.
1340 2497 1380 2533 F
1396 2499 1408 2544 ΙΙ
1436 2502 1456 2532 9
1483 2497 1707 2543 fisiologieos
1734 2497 1775 2533 F
1796 2498 1807 2545 ΙΙ

96 2545 234 2581 idcirco
259 2545 441 2580 Barthius
467 2546 516 2581 ad
535 2546 628 2581 Stat.
654 2544 760 2582 Theb.
782 2546 796 2580 l
818 2549 903 2581 634:
930 2544 1070 2580 idcirea
1090 2545 1129 2579 F
1163 2545 1199 2580 id
1229 2545 1328 2581 circa
1346 2545 1485 2580 Daniel
1504 2547 1515 2588 ΙΙ
1535 2545 1637 2580 canis
1664 2547 1805 2581 addidi.

90 2593 213 2638 possis
238 2596 270 2628 et
295 2592 498 2628 secundum
525 2592 763 2638 physiologos
789 2593 891 2628 canis
917 2592 1054 2628 idcirco
1085 2595 1097 2638 ΙΙ
1128 2591 1286 2628 calidius
1315 2593 1522 2628 Masvicius
1553 2594 1564 2639 ΙΙ
1601 2592 1640 2627 id
1666 2593 1806 2628 animal

96 2640 246 2687 igneam
270 2640 422 2684 scripsi:
447 2639 512 2675 ida
538 2640 724 2685 aligneam
744 2640 784 2675 F
818 2639 886 2675 Ida
912 2640 1115 2685 malignam
1141 2641 1280 2675 Daniel
1317 2640 1371 2675 ita
1396 2640 1600 2685 malignam
1626 2640 1806 2676 Barthius

96 2688 118 2724 l.
140 2689 163 2724 l.
183 2688 196 2733 ΙΙ
216 2691 259 2723 10
285 2689 419 2722 natura
443 2687 636 2722 inimicum
655 2699 822 2723 umorem
842 2699 921 2733 eqo,
946 2692 1118 2722 naturam
1139 2688 1330 2723 inimicam
1349 2687 1498 2723 humori
1517 2688 1698 2723 Barthias
1719 2689 1741 2724 l.
1764 2689 1804 2723 l.:

96 2736 230 2771 natura
257 2734 450 2770 inimicum
474 2745 616 2770 morem
642 2734 682 2769 F
723 2736 894 2770 naturam
921 2734 1110 2770 inimicam
1138 2735 1192 2770 ori
1220 2736 1429 2771 Masvicius
1456 2733 1599 2770 'natura
1624 2735 1805 2771 vermicu-

95 2781 175 2818 lum
198 2781 238 2817 in
264 2793 326 2818 ore
353 2783 444 2817 conl.
467 2782 566 2817 Plin.
594 2793 630 2818 n.
656 2782 689 2817 h.
716 2781 834 2817 XXIX
856 2785 876 2825 ξ
898 2786 966 2818 100
992 2782 1190 2818 Schoellius
1209 2784 1221 2828 ΙΙ
1249 2787 1290 2818 11
1317 2793 1427 2828 aegre
1453 2783 1600 2827 scripsi:
1629 2793 1741 2827 aegro
1769 2783 1810 2817 F

97 2840 188 2876 agro
219 2830 400 2865 Barthius
426 2830 447 2865 l.
476 2830 497 2865 l.
536 2830 548 2875 ΙΙ
585 2840 721 2873 aquam
752 2830 788 2864 h.
815 2840 846 2864 a.
875 2841 902 2864 r.
930 2841 956 2865 s.
990 2829 1172 2866 idoneam.
1213 2831 1284 2865 Eos
1316 2842 1342 2866 e.
1369 2843 1400 2875 q.
1427 2841 1454 2866 s.
1480 2830 1664 2866 Barthius
1690 2831 1711 2866 l.
1739 2831 1760 2865 l.
1795 2831 1806 2877 Η

99 2880 141 2913 13
174 2877 249 2913 cito
281 2877 436 2912 Daniel:
467 2876 543 2911 tico
571 2875 611 2911 F
643 2878 656 2920 ΙΙ
692 2875 791 2911 nifus
818 2876 871 2912 F:
906 2876 1009 2911 nisus
1038 2877 1175 2914 Daniel
1212 2879 1312 2913 virus
1335 2878 1517 2914 Barthius
1542 2879 1564 2913 l.
1593 2879 1614 2913 l.
1652 2879 1806 2922 fortasse

97 2935 214 2969 aquae
252 2926 391 2968 metus;
428 2936 516 2960 nam
547 2935 606 2968 aq3
641 2924 679 2969 (i.
706 2935 733 2960 e.
763 2924 940 2969 ἀμπ’)
967 2929 1051 2968 post
1075 2936 1115 2970 q2
1148 2927 1208 2969 (=--
1234 2926 1335 2970 quia)
1368 2926 1478 2969 facile
1509 2926 1628 2960 omitti
1647 2929 1803 2970 poterat.

97 2970 209 3007 λύττα
233 2973 287 3009 vel
312 2970 426 3007 λύσσα
453 2971 653 3008 Schoellius
671 2972 684 3016 ΙΙ
713 2975 757 3006 14
782 2971 903 3006 umori
928 2971 1125 3013 Barthius:
1153 2973 1209 3008 ori
1236 2973 1274 3008 F
1296 2974 1307 3018 ΙΙ
1339 2976 1380 3008 16
1406 2972 1558 3007 nomina
1584 2972 1625 3008 F
1645 2974 1657 3018 ΙΙ
1682 2974 1805 3008 sinum

99 3018 139 3053 F
153 3020 167 3065 u
194 3020 243 3055 ad
266 3032 382 3055 navo
402 3030 431 3055 s.
450 3030 482 3056 v.
508 3018 620 3054 noxio
647 3018 724 3053 siue
750 3018 853 3054 notio
879 3018 968 3064 quia
991 3018 1059 3055 illa
1085 3031 1181 3064 quae
1207 3020 1357 3056 sinistra
1382 3025 1469 3055 sunt
1493 3020 1533 3055 in
1558 3020 1661 3055 caelo
1687 3023 1804 3055 astro-

98 3064 177 3110 logi
195 3066 299 3102 notia
317 3068 455 3102 uocant
474 3078 496 3101 a
515 3068 605 3102 noto
625 3065 663 3101 id
685 3068 739 3101 est
759 3067 886 3101 austro
904 3065 937 3100 T
951 3068 963 3113 1}
981 3067 1065 3102 leue
1080 3067 1120 3102 F
1135 3069 1147 3114 ΙΙ
1169 3071 1209 3102 17
1231 3067 1342 3103 noxio
1360 3068 1495 3103 Daniel
1513 3069 1525 3112 ΙΙ
1544 3067 1722 3111 astralogi
1740 3066 1778 3100 F
1794 3067 1804 3110 Η

98 3112 203 3148 notia
226 3115 321 3158 quod
348 3114 382 3149 T
404 3114 545 3151 exhibet
569 3114 777 3150 coniectura
802 3114 942 3150 invenit
965 3114 1146 3150 Barthius
1171 3116 1193 3151 l.
1221 3116 1261 3150 l:
1287 3115 1431 3150 'uotitia
1458 3115 1497 3150 F
1531 3114 1670 3149 iudicia
1698 3114 1804 3148 Mas-

97 3160 214 3195 vicius
237 3162 249 3205 ΙΙ
278 3159 318 3195 in
342 3172 386 3197 eo
413 3162 518 3198 caelo
546 3162 756 3197 Masvicius
779 3162 790 3207 ΙΙ
824 3164 866 3196 18
892 3160 947 3196 ait
971 3172 1036 3197 om.
1059 3161 1100 3198 F
1120 3164 1132 3209 ΙΙ
1161 3166 1206 3198 20
1232 3165 1358 3198 austro
1385 3162 1435 3197 M
1455 3163 1559 3207 (corr.
1582 3163 1629 3206 m)
1648 3162 1659 3207 ΙΙ
1684 3159 1808 3196 tristi-

98 3205 152 3243 tia
177 3207 344 3243 ASHF
378 3208 538 3245 tristicia
563 3209 597 3243 L
623 3210 728 3255 (corr.
750 3210 777 3253 l)
