2092 3614
298 271 384 314 366
1070 273 1229 310 SERVII

295 377 536 437 Ἀχιλλεύς,
569 397 695 438 quem
727 383 914 438 legimus
945 383 990 425 in
1016 383 1105 426 talo
1132 398 1225 426 esse
1252 384 1538 430 vulneratum.
1581 386 1641 428 vel
1666 386 1753 428 ideo
1779 385 1864 440 ‘per
1882 390 2006 441 eaput

296 456 334 495 et
364 467 467 496 cava
498 453 707 508 tempora’,
738 458 785 497 ut
813 455 1012 498 divinitus
1042 455 1165 497 misso
1198 455 1273 498 telo
1303 456 1423 499 nulla
1445 470 1552 510 pars
1581 457 1671 499 alia
1701 458 1897 514 eorporis,
1937 459 2008 501 sed

296 528 420 579 eaput
448 525 749 582 vulneraretur,
779 527 930 569 seilicet
957 529 1005 568 ut
1033 525 1228 581 hominis,
1259 527 1332 580 qui
1356 527 1536 580 infanda
1559 532 1597 570 et
1619 529 1751 583 impia
1775 529 1823 571 de
1846 529 2004 584 reliqu)—

296 596 418 638 nibus
448 597 628 650 dixerat,
658 598 920 653 saerileyium
951 598 1081 651 eapite
1111 598 1357 652 expiaretur.

250 676 270 706 5
416 668 513 711 631.
563 681 806 712 VIRTVTEM
838 681 1017 720 [NLVDE
1052 668 1214 712 ‘inludo
1247 669 1344 712 tibi’
1385 672 1428 713 et
1469 670 1645 714 ‘insulto
1677 671 1772 714 tibi’
1805 672 2004 715 dicimus:

297 754 398 782 nam
431 739 594 783 ‘inludo
625 740 684 783 te'
717 742 953 797 figuratum
986 743 1072 796 est,
1102 743 1151 783 ut
1180 741 1263 784 hoc
1294 741 1408 797 loco,
1446 742 1553 784 item
1586 741 1763 786 ‘insulto
1796 742 1874 786 te’:
1915 742 2005 785 Sal-

296 810 453 853 lustius
483 812 672 855 multos
705 827 730 854 a
760 811 991 868 pueritia
1022 812 1182 855 bonos
1215 812 1575 856 insultaverat.

416 883 515 926 632.
565 901 670 927 HAEC
692 900 863 928 ernzs
884 898 965 939 pro
998 883 1155 927 ‘talia':
1187 885 1334 927 vitavit
1360 899 1596 939 pronomen.

415 954 512 997 633.
562 967 656 998 Hoc
687 966 879 997 TANTVM
911 966 1133 998 ASGANIVS
1167 958 1209 997 et
1240 956 1348 998 dixit
1380 958 1422 998 et
1452 956 1566 999 fecit.

227 1032 270 1064 10
415 1026 513 1069 634.
564 1038 837 1077 ANIMOSQVE
869 1038 931 1069 AD
962 1038 996 1070 S.
1018 1017 1062 1068 ”Τ.
1096 1029 1171 1070 aut
1203 1042 1325 1083 suos,
1359 1030 1434 1069 aut
1467 1027 1664 1084 Ascanii,
1695 1043 1769 1083 per
1801 1029 2006 1073 favorem.

418 1097 516 1139 636.
565 1114 677 1141 ΑσιΕε
711 1115 860 1145 VRBEMQ
869 1114 918 1140 Vh:
945 1098 1142 1152 syllepsis.

418 1168 515 1211 637.
566 1181 689 1212 NVBE
722 1180 902 1212 SEDENS
924 1168 1047 1225 ‚sicut
1079 1170 1221 1213 solent
1251 1169 1444 1213 numina:
1483 1170 1591 1212 Iuno
1625 1171 1738 1225 <XII
1771 1173 1886 1227 810>
1916 1186 2006 1215 nec

297 1240 352 1281 tu
384 1254 457 1282 mc
489 1240 630 1283 aeria
662 1240 827 1283 solam
857 1241 1135 1283 nuncsede
1167 1241 1368 1284 videres
1395 1241 1549 1298 digna
1580 1242 1794 1299 indigna
1825 1243 1946 1298 pati.

304 1325 494 1354 wewam!
527 1311 621 1355 bene
656 1313 694 1355 ei
730 1312 802 1366 qui
838 1325 971 1354 unum
1007 1312 1223 1366 occiderat,
1263 1314 1425 1356 addidit
1453 1314 1702 1368 diynitatem.
1823 1331 2007 1358 Ammrvzz

230 1390 272 1422 15
298 1399 431 1426 ινινΜ
457 1397 542 1426 non
571 1384 651 1440 ita,
680 1387 729 1426 ut
758 1384 881 1427 Iulus
911 1384 1084 1427 audiret.

418 1455 516 1498 641.
567 1466 722 1499 MACTE
753 1456 893 1511 magis
927 1458 1069 1511 aucte,
1102 1456 1268 1499 adfecte
1300 1456 1451 1512 gloria.
1497 1458 1539 1498 et
1570 1459 1636 1499 est
1668 1471 1809 1500 sermo
1842 1459 2005 1499 tractus

299 1542 324 1568 a
356 1526 508 1569 sacris:
551 1526 751 1582 quotiens
792 1526 906 1569 enim
945 1529 1021 1570 aut
1058 1529 1128 1569 tus
1162 1530 1237 1570 aut
1269 1527 1417 1570 vinum
1450 1542 1578 1583 super
1608 1528 1830 1571 victimam
1861 1528 2007 1571 funde-

298 1597 445 1653 batur,
476 1598 679 1641 dicebant
706 1597 894 1640 fmaetus
929 1600 996 1641 est
1026 1600 1176 1642 taurus
1203 1599 1303 1642 vino
1330 1599 1397 1642 vel
1423 1598 1547 1655 tum',
1579 1599 1660 1642 hoc
1692 1602 1758 1642 est
1790 1601 2007 1643 cumulata

298 1670 365 1711 est
396 1669 542 1712 hostia
574 1672 618 1712 et
649 1669 789 1726 magis
822 1671 960 1716 aucta.
1022 1662 1180 1713 ‘'maete'
1212 1685 1304 1726 erqo
1328 1685 1409 1726 pro
1441 1669 1613 1714 ‘mactus
1643 1670 1751 1727 esto',
1781 1672 2006 1714 vocativum

230 1749 277 1781 20
295 1754 376 1794 pro
413 1742 667 1784 nominativo
696 1742 855 1797 posuit,
892 1744 940 1784 ut
968 1741 1139 1784 Persius
1169 1741 1261 1795 <111
1293 1741 1378 1797 28>
1410 1745 1660 1786 stemmate
1696 1744 1822 1797 quod
1853 1743 2007 1786 Tusco

297 1826 487 1855 ramum
526 1813 786 1856 millesime
825 1814 962 1856 ducis
1001 1827 1303 1856 censoremve
1344 1817 1479 1856 tuum
1517 1815 1592 1857 vel
1628 1816 1754 1869 quod
1790 1815 2008 1857 trabeate

296 1885 492 1927 salutas
517 1899 595 1939 pro
628 1883 912 1928 emillesimus'
945 1887 983 1927 et
1014 1884 1273 1938 etrabeatus'‚
1304 1889 1342 1927 et
1379 1886 1583 1941 Vergilius
1615 1886 1708 1942 <111
1739 1887 1854 1941 382>
1885 1887 2007 1929 viei-

297 1970 478 2010 nosque
508 1957 683 2011 iqnare
706 1971 864 2011 paras
895 1957 1130 1999 invadere
1152 1959 1332 2011 portus
1354 1971 1436 2011 pro
1463 1957 1676 2014 ‘iynarus',
1707 1962 1746 2001 et
1768 1958 1870 2001 alibi
1895 1958 2007 2013 <VII

299 2027 413 2083 685>
444 2007 563 2082 qiios
590 2028 833 2072 Amasene
856 2032 1002 2083 pater
1027 2042 1106 2083 pro
1139 2027 1429 2071 ‘Amasenus'.·
1460 2030 1518 2072 sie
1547 2043 1639 2084 erqo
1670 2033 1711 2090 et
1737 2029 1901 2072 ‘macte'
1926 2044 2006 2084 pro

226 2107 272 2139 25
300 2098 499 2143 emaetus’.
558 2102 667 2154 quod
697 2105 835 2144 autem
867 2100 979 2144 ‘esto'
1010 2114 1095 2143 non
1125 2101 1304 2156 addidit,
1335 2101 1387 2143 ab
1418 2102 1662 2155 antiquitate
1691 2101 1875 2152 deseivit;
1906 2115 2007 2143 nam

298 2175 444 2214 veteres
475 2171 619 2214 ‘macte
648 2172 744 2215 esto’
777 2172 971 2215 dicebant.
1015 2173 1085 2216 sed
1113 2171 1186 2215 hoe
1209 2176 1367 2215 secutus
1391 2187 1511 2216 suam
1532 2173 1861 2215 consuetudinem
1888 2173 2006 2226 feeit:

298 2257 398 2285 nam
428 2247 466 2285 et
495 2243 599 2286 alibi
628 2243 742 2297 <VII
777 2243 860 2298 11>
892 2245 1025 2287 dives
1061 2245 1336 2304 inaccessos
1365 2245 1448 2287 ubi
1479 2243 1613 2288 Solis
1647 2244 1770 2297 filia
1802 2244 1935 2286 lucos
1971 2247 2009 2286 et

298 2316 447 2358 iterum
479 2314 572 2370 <IV
603 2314 720 2370 263>
759 2316 892 2358 dives
928 2330 1049 2370 quae
1085 2330 1289 2358 munera
1319 2316 1449 2358 Dido
1481 2315 1761 2369 praetermisit
1795 2305 1912 2357 euius
1948 2316 2008 2357 rei

299 2387 426 2442 dives,
457 2400 549 2429 eum
573 2389 719 2430 veteres
743 2385 868 2430 ‘dives
887 2388 1002 2430 illius
1020 2385 1094 2429 rei'
1121 2387 1313 2442 dicerent,
1344 2388 1453 2441 quod
1474 2388 1559 2441 ipse
1584 2386 1685 2429 alibi
1709 2386 1842 2429 dives
1868 2401 2007 2441 opum

396 2520 416 2551 6
444 2515 657 2560 Sallustius]
690 2515 774 2552 hist.
808 2515 879 2550 inc.
906 2518 951 2550 83
978 2514 1154 2559 Dietseh„
1180 2518 1225 2550 50
1252 2515 1314 2550 Kr.
1354 2516 1399 2551 cf.
1428 2516 1528 2551 Serv.
1555 2515 1604 2551 ad
1635 2514 1726 2550 Aen.
1754 2514 1786 2549 X
1812 2519 1881 2550 643
1911 2516 1924 2560 ΙΙ
1964 2519 2006 2550 16

299 2575 415 2598 mem
450 2562 571 2607 magis
603 2563 727 2607 aucte]
759 2562 804 2598 cs.
831 2563 927 2598 Non.
954 2574 990 2607 p.
1017 2565 1098 2607 341,
1124 2566 1168 2597 29
1195 2561 1243 2597 Μ.
1282 2564 1294 2607 ΙΙ
1332 2564 1370 2598 et
1401 2565 1459 2599 est
1485 2574 1604 2598 sermo
1632 2590 1639 2597 .
1662 2590 1670 2598 .
1692 2590 1700 2598 .
1726 2561 1847 2607 magis
1879 2563 2005 2609 aucta]

300 2610 473 2655 cxscrips.
501 2609 585 2645 Isid.
612 2620 663 2645 or.
690 2608 724 2644 X
751 2613 818 2645 165
851 2612 889 2645 et
918 2609 1103 2654 mythogr.
1129 2609 1181 2645 III
1207 2614 1245 2654 6,
1272 2614 1327 2645 32.
1368 2610 1412 2646 cf.
1440 2610 1543 2647 Luct.
1570 2610 1670 2646 Plac.
1689 2610 1744 2653 vad.
1770 2610 1862 2646 Stat.
1889 2610 2005 2646 Theb.

300 2658 369 2693 Vll
395 2661 464 2693 280
492 2658 504 2704 ΙΙ
536 2661 580 2692 29
607 2657 715 2704 alibi]
742 2668 866 2703 georg.
893 2656 927 2691 II
952 2660 1021 2692 468

398 2782 415 2812 1
440 2773 634 2823 Ἀχιλλεύς]
662 2778 701 2812 et
719 2776 811 2812 alibi
836 2776 899 2822 (Il.
919 2775 935 2810 I
960 2776 1038 2819 121)
1066 2774 1258 2821 ποδάρκης
1278 2778 1358 2818 δῖος
1374 2773 1550 2822 Ἀχιλλεύς
1570 2778 1655 2813 add.
1670 2777 1707 2812 D
1726 2778 1738 2823 ΙΙ
1757 2781 1778 2812 3
1799 2777 1919 2822 capud
1941 2776 1975 2812 G
1993 2776 2006 2823 Η

299 2823 510 2871 legionibus
536 2825 570 2860 θ’
588 2825 600 2871 11
620 2829 640 2860 6
666 2824 905 2870 infiguratum
933 2823 973 2858 F
988 2825 1000 2868 [Ι
1019 2823 1075 2869 ut]
1103 2823 1143 2858 in
1168 2823 1203 2859 L
1222 2826 1233 2871 ΙΙ
1261 2829 1280 2860 7
1306 2825 1472 2870 puericia
1500 2825 1549 2859 M
1565 2826 1577 2871 ΙΙ
1606 2828 1627 2860 8
1652 2825 1702 2860 ad
1726 2835 1816 2859 usuc
1840 2835 1867 2860 s.
1892 2835 1924 2859 v.
1951 2825 2004 2860 ta-

300 2873 352 2907 lia
380 2872 413 2906 Τ
429 2872 441 2918 ΙΙ
467 2876 487 2907 9
514 2874 552 2907 et
577 2871 684 2918 dixit]
710 2871 828 2908 edixit
854 2871 921 2917 Fu
952 2875 991 2905 11
1020 2870 1232 2916 syllempsis
1258 2872 1299 2907 F
1313 2873 1326 2917 ΙΙ
1355 2876 1398 2907 12
1425 2872 1521 2908 sicut
1547 2871 1684 2918 solent]
1710 2873 1752 2906 ut
1777 2871 1906 2906 sedent
1933 2871 1973 2905 F
1994 2871 2006 2918 11

303 2924 345 2955 13
372 2918 512 2954 aeriam
537 2919 626 2954 LH
646 2922 750 2963 (corr.
779 2920 805 2965 l)
844 2929 968 2954 aream
993 2918 1033 2952 F
1058 2919 1069 2963 ΙΙ
1100 2918 1227 2954 uidere
1253 2919 1327 2955 AS
1354 2921 1365 2965 ΙΙ
1405 2924 1448 2955 14
1473 2920 1523 2955 ad
1547 2931 1724 2955 wei-onum
1749 2930 1781 2953 A.
1808 2932 1833 2954 1.
1857 2929 1885 2953 s.
1911 2929 1943 2954 v.
1970 2918 2006 2954 ei

301 2964 1347 3060 §.1132”tuta5200033532213‘33⁰sadsstssssssassssff¹igffiffsss²12¹*
1372 2967 1696 3059 tgeffia‘ssaegssffl
1715 2965 2005 3050 Ἒῖθὲἓῗὲἓιέἒὲέ

299 3061 442 3107 gloriae
469 3061 514 3096 H
549 3061 721 3097 affectate
746 3061 889 3107 gloriae
915 3061 964 3095 M
968 3061 980 3095 l
1020 3060 1165 3096 adfecte
1196 3062 1336 3107 gloriae
1363 3062 1409 3097 F.
1449 3061 1595 3096 adfecte
1626 3059 1746 3106 gloria.
1777 3070 1838 3105 eqo
1858 3062 1970 3105 posui
1993 3060 2005 3107 Η

304 3114 344 3145 17
372 3108 503 3155 sacris]
531 3108 650 3154 grecis
677 3109 713 3144 R
736 3110 749 3155 ΙΙ
777 3111 842 3144 aut
865 3108 944 3155 tus]
970 3110 1036 3142 aut
1060 3107 1147 3143 thus
1173 3109 1209 3144 R
1247 3111 1377 3145 auctus
1405 3109 1454 3143 M
1488 3108 1632 3143 mactus
1658 3107 1707 3151 F,
1733 3117 1799 3142 om.
1827 3107 1900 3143 AS
1922 3109 1934 3154 ΙΙ
1961 3111 2004 3143 18

301 3157 411 3192 thure
437 3156 473 3192 R
497 3158 511 3202 ll
541 3160 585 3191 21
613 3167 878 3202 censoremque
906 3155 1029 3192 Persii
1054 3155 1142 3190 libri
1161 3160 1308 3201 praeter
1335 3156 1696 3201 Montepessulanum
1724 3158 1801 3198 125,
1833 3155 1898 3200 qui
1922 3167 2004 3191 cen-

301 3215 469 3240 soremue
494 3204 636 3239 exhibet
654 3205 666 3249 ΙΙ
685 3208 730 3239 22
756 3204 973 3249 uicinasque
993 3205 1026 3238 et
1045 3213 1154 3247 pares
1175 3204 1215 3238 F
1231 3205 1242 3250 ΙΙ
1261 3208 1305 3239 25
1332 3202 1471 3239 desiuit
1489 3202 1530 3238 F
1544 3204 1556 3249 11
1575 3207 1620 3238 26
1641 3203 1762 3238 macto
1783 3202 1823 3237 F
1838 3204 1851 3248 ΙΙ
1869 3206 1913 3238 27
1941 3202 2005 3237 ubi

302 3263 330 3287 s.
356 3263 391 3297 p.
412 3242 443 3287 Ἰ.
469 3251 509 3286 F
524 3252 537 3298 ΙΙ
568 3254 613 3286 29
639 3252 801 3298 veteres]
827 3252 1010 3288 iterantur
1033 3250 1076 3286 in
1101 3252 1221 3287 codiee
1245 3252 1450 3288 inaccessos
1476 3279 1483 3286 .
1506 3277 1514 3286 .
1535 3277 1543 3285 .
1571 3261 1653 3286 cum
1679 3251 1824 3286 ueteres
1843 3251 1856 3295 ΙΙ
1873 3250 1949 3285 illis
1967 3249 2008 3284 F
