2092 3614
570 248 720 286 GOMM.
746 248 801 285 1N
824 249 970 286 VERG.
995 249 1107 287 AEN.
1133 248 1202 285 XII
1226 251 1426 285 453-492-.
1762 247 1846 289 617

143 365 190 406 at
217 362 289 405 ubi
318 362 427 404 inter
456 361 629 415 equitem
658 362 698 402 et
718 360 896 414 peditem
925 374 1066 415 puyna
1093 363 1160 414 est,
1193 357 1292 416 (ait)
1319 358 1388 414 <X
1405 358 1519 414 889>
1545 361 1589 401 et
1611 360 1850 413 uryuetur

136 448 309 489 puyna
340 445 628 488 eonyressus
657 432 844 486 iniqua.
944 443 1035 475 Nnc
1066 443 1190 474 TELA
1222 442 1462 474 FERENTES
1494 427 1776 481 InsEerrvn
1806 429 1850 471 id

144 507 210 548 est
246 520 326 548 nec
364 505 595 561 fugientes,
631 517 710 545 nec
749 505 900 546 contra
932 505 1096 546 stantes
1126 503 1330 559 dignatur
1359 502 1562 545 occidere.
1617 503 1660 543 et
1688 514 1849 557 magna

142 578 313 619 Aeneae
341 575 581 619 ostenditur
605 575 757 630 pietas,
783 575 856 631 qui
880 589 958 617 nec
987 575 1236 618 vulneratus
1262 573 1472 628 irascitur,
1497 575 1546 615 ut
1571 573 1677 616 velit
1698 575 1848 616 contra

142 649 283 705 legem
315 647 499 691 foederis
531 647 576 689 in
605 646 768 689 bellum
800 647 977 690 moveri.

261 720 360 762 468.
409 729 585 762 VIRAGO
617 718 768 774 virago
802 717 959 761 dicitur
983 718 1150 773 mulier,
1182 717 1290 773 quae
1315 717 1439 760 virile
1464 717 1620 772 implet
1645 716 1850 772 officium,

141 793 188 835 id
215 795 273 835 est
301 791 460 846 mulier,
491 804 594 844 quae
623 790 706 832 viri
735 790 926 832 animum
956 789 1095 832 habet:
1126 788 1202 831 has
1233 790 1398 843 antiqui
1427 789 1541 831 viras
1570 789 1765 832 dicebant.

261 863 361 905 471.
417 878 620 906 VNDANTES
649 862 749 915 quia
778 862 825 904 in
854 865 967 904 motu
997 861 1207 904 undarum
1238 861 1354 903 niodo
1384 861 1612 914 fleetuntur.

260 935 361 977 474.
408 945 657 976 PERVOLAT
689 947 766 988 per
796 947 977 989 magnas
1010 932 1136 975 'aedes
1167 933 1302 975 volat:
1334 946 1436 974 nam
1469 946 1586 975 more
1614 947 1691 975 suo
1717 932 1848 974 verbo

143 1007 260 1050 dedit
291 1007 528 1049 detractam
559 1005 728 1047 nomini
759 1004 1136 1061 praepositionem.

259 1077 359 1121 475.
402 1093 534 1124 melsa
542 1093 589 1119 VE
618 1093 809 1124 LOQVAGIB
817 1093 862 1119 VS
892 1092 1010 1119 escas
1033 1076 1129 1118 ordo
1155 1079 1213 1119 est
1237 1074 1437 1130 eescasque
1462 1073 1592 1132 (nidis
1617 1076 1849 1130 loquacibus

142 1148 318 1206 leyens’).

261 1222 362 1264 476.
412 1230 579 1263 VACVIS
600 1219 783 1276 magnis,
803 1219 1064 1275 111-,(1Ιὸ28)
1087 1234 1244 1262 vacua
1264 1219 1398 1262 atria
1418 1220 1613 1262 lustrat
1633 1219 1848 1263 saucius.

260 1294 359 1336 477.
409 1309 557 1336 SIMILJS
579 1306 659 1347 pro
692 1291 923 1334 ‘similiter'.

261 1366 361 1408 480.
410 1375 503 1407 NEC
530 1375 778 1407 CONFERRE
799 1375 966 1406 MANVM
992 1378 1089 1406 cum
1109 1363 1274 1406 Aenea:
1300 1378 1402 1406 nam
1430 1364 1540 1408 alios
1566 1364 1850 1420 persequitur.

202 1449 315 1481 AVIA
348 1437 401 1479 ab
435 1451 485 1479 ea
518 1436 683 1478 scilicet
713 1438 848 1490 parte,
881 1451 965 1491 qua
996 1436 1198 1479 veniebat
1229 1435 1411 1479 Aeneas,

261 1510 362 1552 481.
411 1519 591 1551 TORTOS
625 1518 771 1550 ORBES
805 1506 1002 1562 obliquas
1035 1509 1078 1549 et
1109 1507 1327 1562 inplicitas
1359 1507 1464 1549 vias.

259 1581 361 1624 482.
409 1590 734 1630 VESTIGATQVE
771 1591 920 1622 VIRVM
961 1579 1158 1635 inquirit:
1204 1578 1440 1621 translatio
1477 1593 1502 1621 a
1542 1578 1732 1622 canibus.

142 1664 360 1696 DISIECTA
391 1663 480 1694 PER
511 1662 694 1694 AeMmA
725 1651 936 1706 dissipata
968 1650 1156 1693 adventu
1189 1651 1372 1694 Aeneae.

261 1722 359 1766 485.
404 1739 578 1766 AVERsos
607 1739 796 1766 RETORSIT
818 1736 896 1776 pro
929 1720 1108 1765 ‘retorsit
1136 1726 1174 1765 et
1202 1721 1376 1765 avertit'.

260 1795 359 1837 486.
410 1806 506 1837 HEV
541 1805 654 1845 QVID
690 1804 814 1836 AGAT
856 1807 982 1836 omne
1022 1793 1270 1836 adverbium
1308 1794 1439 1836 verbo
1478 1794 1696 1837 cohaeret:
1742 1794 1851 1837 unde

142 1865 256 1909 ‘heu'
296 1865 378 1908 ‘en'
415 1868 459 1908 et
498 1864 640 1908 ‘attat'
680 1867 722 1907 et
760 1865 940 1920 similia,
977 1865 1078 1921 quia
1115 1865 1248 1908 verbo
1282 1865 1510 1909 cohaerere
1541 1880 1629 1909 non
1659 1868 1852 1922 possunt,

144 1940 344 1993 separata
388 1938 583 1980 fecerunt
627 1937 755 1979 aliam
800 1939 966 1992 partem
1012 1936 1237 1992 orationis,
1288 1937 1452 1980 scilicet
1494 1938 1851 1994 interiectionem,

87 2058 90 2059 ⁷
144 2023 273 2064 quam
306 2009 400 2051 sola
433 2008 646 2051 Latinitas
678 2007 883 2063 possidet.
938 2021 1037 2051 sane
1066 2007 1139 2050 hoe
1161 2011 1286 2062 poeta
1315 2009 1425 2051 dedic
1453 2023 1593 2051 rerum
1623 2009 1852 2052 miseratio-

142 2095 236 2123 nem
266 2094 439 2124 movens.
488 2081 566 2123 alii
596 2080 647 2123 ab
679 2081 841 2122 Aeneae
864 2093 1045 2134 persona
1075 2081 1228 2123 dietum
1259 2081 1476 2136 accipiunt,
1507 2083 1555 2123 ut
1583 2080 1730 2123 diceret
1760 2080 1851 2124 ‘lieu

142 2154 244 2208 quid
272 2152 441 2208 ayavn'?

263 2225 362 2267 488.
412 2237 525 2268 Hvlc
556 2239 635 2280 pro
669 2223 730 2266 ‘in
761 2223 904 2266 hunc'.
953 2226 996 2266 et
1028 2227 1094 2266 est
1127 2225 1230 2268 ordo
1264 2224 1379 2266 ‘huic
1411 2222 1587 2279 dirigit’.

262 2297 362 2340 491.
413 2307 650 2339 COLLEGIT
672 2308 721 2338 IN
742 2307 872 2338 ARMA
897 2295 960 2338 ita
987 2310 1031 2338 se
1057 2296 1180 2351 texit,
1205 2298 1254 2339 ut
1273 2296 1391 2338 nulla
1410 2297 1533 2352 parte
1553 2298 1701 2351 posset
1719 2296 1851 2339 feriri.

261 2368 361 2411 492.
412 2379 584 2411 APICEM
616 2379 777 2410 TAMEN
808 2378 969 2409 INOITA
995 2378 1189 2410 SVMMVM
1220 2367 1369 2423 galeae
1402 2367 1691 2423 eminentiam,
1723 2382 1851 2422 quam

146 2439 300 2482 Graeci
333 2453 488 2482 conum
520 2441 689 2494 vocant,
719 2439 765 2482 in
797 2454 882 2495 qua
914 2439 1105 2482 eminent
1137 2439 1307 2482 cristae.
1349 2442 1484 2493 potest
1510 2438 1582 2482 hoe
1614 2442 1750 2481 tamen
1779 2454 1849 2482 no·

241 2561 262 2593 6
288 2557 418 2604 virago
444 2585 452 2593 .
474 2586 482 2593 .
504 2585 511 2592 .
539 2557 728 2604 dicebant]
756 2557 802 2592 cf.
827 2556 913 2592 Isid.
941 2568 991 2593 or.
1012 2557 1063 2592 XI
1083 2561 1116 2602 2,
1136 2560 1180 2592 22
1203 2568 1269 2603 sq.,
1295 2556 1370 2592 diff.
1398 2557 1498 2593 verb.
1521 2558 1621 2602 5901}
1650 2560 1695 2592 29
1721 2557 1850 2603 galeae

178 2633 215 2641 ..
241 2604 389 2650 cristae]
416 2616 531 2640 exscr.
558 2604 644 2641 Isid.
671 2616 722 2641 or.
749 2604 871 2640 XVIII
898 2609 953 2650 14,
979 2609 1000 2640 2

243 2716 258 2747 1
288 2712 343 2747 ait
360 2712 503 2747 inserui
521 2712 533 2757 ΙΙ
552 2715 572 2746 6
592 2711 722 2757 virago
741 2722 806 2749 om.
822 2711 908 2747 AF
923 2713 935 2759 ΙΙ
956 2715 975 2747 7
995 2713 1044 2748 ad
1063 2724 1197 2748 vaco
1222 2723 1250 2748 s.
1271 2723 1302 2747 υ.
1330 2722 1425 2756 quae
1450 2710 1522 2746 uiri
1547 2711 1711 2746 animum
1737 2711 1852 2747 habet

147 2771 236 2805 quas
271 2759 416 2803 antiqui
446 2759 546 2793 uiras
572 2758 747 2795 dicebant
775 2760 808 2794 T
841 2761 853 2806 ΙΙ
889 2762 911 2794 8
938 2760 986 2795 ad
1011 2771 1191 2796 vsmnres
1216 2771 1243 2795 s.
1269 2771 1301 2795 v.
1327 2759 1411 2794 ideo
1438 2757 1531 2793 dicit
1554 2758 1736 2794 undantes
1763 2759 1851 2803 quia

208 2807 441 2842 .flectuntu1·
469 2806 502 2841 T
518 2807 530 2852 ΙΙ
556 2806 756 2853 undarum]
784 2807 823 2842 in
848 2807 1030 2842 undarum
1057 2807 1097 2842 F
1130 2808 1295 2853 ipsarum
1322 2807 1500 2842 undarum
1531 2806 1562 2840 T
1579 2807 1591 2852 Η
1622 2810 1642 2841 9
1669 2817 1754 2841 nam
1781 2834 1789 2842 .
1811 2834 1819 2842 .
1841 2834 1848 2842 .

146 2854 459 2908 praepositionem
486 2864 551 2890 om.
571 2853 611 2888 F
627 2855 639 2900 ΙΙ
660 2857 704 2889 10
729 2853 878 2890 nomine
898 2854 935 2889 R
953 2856 965 2899 ΙΙ
987 2858 1028 2889 11
1056 2854 1153 2892 nidis
1178 2854 1398 2899 loquacibus
1423 2854 1551 2899 legens
1578 2854 1662 2889 add
1677 2854 1848 2890 Daniel

150 2907 193 2938 14
218 2914 285 2949 pro
311 2900 483 2937 similiter
508 2902 590 2938 hab.
612 2901 646 2936 T
667 2902 679 2947 Η
709 2905 751 2937 15
777 2902 879 2948 nam]
906 2913 975 2937 nec
1001 2902 1040 2937 F
1062 2903 1074 2949 ΙΙ
1107 2906 1150 2938 16
1177 2902 1263 2956 quia
1291 2903 1340 2937 M
1362 2903 1373 2948 ΙΙ
1406 2905 1448 2936 17
1476 2901 1688 2946 implacitas
1713 2901 1749 2936 R
1767 2902 1780 2947 ΙΙ
1807 2905 1849 2936 18

147 2950 323 2986 tractatio
338 2949 379 2985 F
394 2950 406 2996 11
426 2961 448 2984 a
467 2948 637 2995 canibus]
659 2948 723 2993 qui
741 2959 808 2993 per
826 2949 988 2995 uestigia
1007 2952 1046 2985 et
1063 2950 1199 2995 pedum
1221 2951 1327 2994 signa
1346 2950 1463 2984 feram
1483 2948 1663 2994 indagant
1682 2950 1766 2984 add.
1782 2949 1821 2984 D
1841 2949 1849 2994 Η

147 3002 191 3033 21
218 2998 347 3044 verbo]
374 2997 436 3032 uel
461 2996 574 3032 uerbo
600 2996 640 3031 F
656 2997 667 3040 ΙΙ
687 2997 894 3032 cohaeret.
947 3026 954 3034 .
980 2997 1093 3033 verbo
1119 3009 1185 3033 om.
1206 2998 1250 3032 H
1265 2999 1276 3043 ΙΙ
1295 2997 1392 3031 unde
1418 2996 1506 3042 quia
1531 2997 1603 3032 heu
1622 2997 1662 3031 F
1678 2997 1689 3043 Ι]
1716 3001 1759 3031 22
1788 2997 1847 3042 en]

148 3045 234 3080 hem
261 3045 479 3086 Masvicius,
503 3044 588 3088 fort.
614 3047 706 3079 recte
729 3045 741 3088 ΙΙ
767 3046 804 3079 et
828 3025 949 3080 tactat
966 3044 1004 3079 A
1041 3043 1211 3091 etslactat
1235 3044 1263 3080 S
1279 3046 1291 3089 ΙΙ
1319 3048 1363 3079 23
1391 3046 1602 3089 separatam
1628 3044 1668 3078 F
1703 3054 1849 3089 separa—

147 3093 215 3127 tim
237 3092 442 3128 Maevicius
459 3093 472 3137 ΙΙ
492 3095 537 3126 24
562 3090 743 3137 possidet]
770 3103 853 3126 cum
879 3092 1003 3137 graeci
1028 3092 1095 3128 sub
1119 3092 1296 3127 aduerbio
1317 3091 1634 3136 comprehendunt
1655 3092 1736 3136 (sie)
1755 3092 1850 3126 tales

148 3151 260 3176 uoces
286 3140 373 3176 add.
391 3140 430 3175 D
455 3141 466 3186 ΙΙ
495 3150 523 3174 s.
550 3150 582 3174 v.
608 3142 677 3174 486
703 3139 772 3174 hoc
797 3141 912 3184 poeta
936 3139 1212 3176 miserationem
1238 3139 1291 3175 rei
1314 3139 1512 3174 intendens
1538 3139 1691 3184 posuit.
1713 3138 1777 3173 alii
1802 3139 1850 3174 ab

149 3199 242 3223 enea
261 3186 402 3223 dictum
421 3187 555 3222 'uolunt
574 3188 617 3222 ut
636 3185 777 3222 diceret
795 3186 868 3222 heu
888 3187 976 3231 quid
997 3198 1107 3234 agam
1125 3187 1158 3223 T
1171 3189 1183 3232 ΙΙ
1204 3186 1482 3222 miserationum
1497 3186 1537 3221 F
1551 3188 1563 3232 ΙΙ
1583 3190 1626 3222 27
1640 3185 1680 3220 111
1699 3197 1765 3221 om.
1781 3186 1825 3221 H
1838 3186 1850 3233 ΙΙ

150 3238 194 3271 28
219 3235 325 3271 schol.
352 3235 401 3271 ad
425 3246 455 3270 v.
483 3238 551 3269 491
578 3244 644 3269 om.
665 3233 706 3269 F
733 3234 745 3280 ΙΙ
777 3238 821 3270 29
847 3235 978 3280 galeae
1002 3235 1042 3270 id
1067 3236 1123 3271 est
1147 3234 1349 3270 eminentia
1375 3233 1416 3269 F
1443 3236 1455 3280 ΙΙ
1486 3238 1532 3270 30
1557 3244 1677 3270 conon
1701 3233 1738 3268 R

1877 1011 1920 1042 10

1878 1371 1921 1402 15

1876 1730 1922 1761 20

1877 2089 1921 2121 25

1878 2447 1922 2479 30
