2092 3614
495 258 646 295 OOMM.
672 258 726 295 IN
748 258 893 295 VERG.
919 256 1030 296 AEN.
1056 259 1143 294 VIII
1169 263 1368 295 334—343.
1686 257 1774 300 249

69 385 96 413 a
127 367 354 412 Carmente
387 367 676 412 Carmentalis
714 355 829 411 dicta
866 370 949 424 est,
983 370 1082 423 post
1113 369 1321 410 scelerata
1353 384 1378 410 a
1409 368 1558 411 Fabiis
1591 366 1776 421 GGOVL

69 441 142 497 qui
171 455 248 496 per
276 441 416 496 ipsam
447 440 494 482 in
525 434 689 483 bellum
718 435 922 496 profecti,
953 454 1040 482 non
1071 442 1173 482 sunt
1203 439 1377 482 reversi.
1480 451 1613 483 VATIS
1646 452 1776 482 PATI-

67 523 211 555 chE
244 512 353 554 bene
386 512 549 554 addidit
581 511 832 554 ‘fatidicae'z
863 526 966 554 nam
997 513 1140 554 vatem
1170 512 1214 553 et
1244 513 1420 566 poetam
1451 526 1680 566 possumus
1712 512 1776 554 in-

68 583 294 639 tellegere,
334 583 446 626 unde
485 584 624 626 solum
661 584 838 638 plenum
875 597 963 625 non
1002 585 1104 625 erat.
1167 596 1268 638 ergo
1300 582 1389 624 tale
1422 585 1488 624 est
1518 585 1567 623 ut
1596 582 1702 624 illud
1733 583 1779 624 in

69 653 273 698 Sallustio
306 655 358 698 in
388 655 600 711 tugurio
633 654 867 696 mulieris
901 654 1141 709 ancillae,
1172 668 1258 696 non
1286 654 1386 708 quia
1411 654 1602 696 mulieris
1629 653 1778 696 statim

59 729 117 778 *et
147 727 346 782 ancillae,
378 726 415 769 si
447 728 591 768 autem
623 725 805 768 ancillae
839 726 989 768 statim
1022 728 1066 768 et
1096 725 1303 768 mulieris.
1417 781 1422 788 .

189 799 287 841 340.
337 810 460 850 QVAE
493 809 637 840 PRIMA
668 798 768 853 quia
800 800 954 853 postea
985 798 1117 839 etiam
1150 797 1307 852 sibylla
1339 787 1479 839 dixit?

189 870 288 912 341.
335 880 509 912 NOBILE
536 881 853 911 PALLANTEVM
885 869 1079 911 futurum
1111 868 1293 924 scilieet,
1325 868 1439 911 sicut
1467 871 1510 911 et
1536 867 1780 911 Aeneadas:

67 942 126 984 ad
152 954 320 995 sequens
350 941 462 983 enim
490 940 778 983 Romanorum
811 941 953 983 retulit
982 944 1148 995 tenipus.

116 1026 121 1030 ·
188 1013 286 1055 342.
335 1024 522 1055 ASYLVM
559 1024 766 1055 RETVLIT
808 1015 1042 1068 postquam
1079 1011 1287 1055 Hercules
1331 1013 1538 1068 migravit
1582 1028 1604 1057 e
1642 1014 1782 1069 terris,

68 1086 248 1139 nepotes
287 1084 378 1126 eius
405 1084 611 1126 timentes
643 1083 822 1126 insidias
855 1098 1005 1126 eorum
1039 1099 1146 1139 quos
1180 1100 1285 1127 avus
1318 1084 1560 1138 adflixerat,
1595 1083 1780 1128 Athenis

70 1156 153 1198 sibi
182 1155 311 1210 primi
336 1157 523 1211 asylum,
555 1155 636 1198 hoc
672 1158 738 1197 est
769 1156 980 1211 templum
1007 1156 1344 1211 misericordiae,
1376 1157 1644 1199 collocarunt
1669 1157 1782 1199 unde

68 1227 214 1270 nullus
240 1229 388 1283 posset
414 1227 585 1281 abduci,
610 1227 724 1283 quod
751 1228 883 1269 etiam
910 1226 1075 1270 Statius
1102 1228 1223 1284 dicit,
1254 1232 1302 1270 ut
1327 1228 1614 1270 Herculeos
1646 1228 1783 1271 fama

70 1301 148 1341 est
179 1298 425 1341 fundasse
456 1301 684 1353 nepotes,
735 1298 831 1340 ideo
864 1313 967 1354 ergo
1000 1298 1063 1341 ait
1094 1298 1224 1355 ‘quod
1251 1299 1462 1342 Romulus
1489 1313 1587 1342 acer
1614 1300 1781 1355 asylum

68 1370 252 1426 retulit',
293 1371 375 1414 hoc
407 1373 473 1413 est
503 1370 605 1412 fecit
639 1370 694 1411 ad
726 1369 1013 1412 imitationem
1046 1369 1325 1413 Atheniensis
1366 1371 1493 1426 asyli:
1532 1370 1646 1426 quod
1687 1371 1782 1414 ideo

67 1441 279 1484 Romulus
310 1441 433 1497 fecit,
464 1444 513 1484 ut
544 1442 724 1484 haberet
750 1442 937 1484 advenas
970 1442 1116 1496 plures
1148 1436 1435 1498 cum‘quibus
1467 1442 1672 1485 conderet
1698 1442 1782 1484 Ro-

69 1528 195 1555 mam.
245 1527 337 1567 eryo
362 1512 530 1556 ‘retulit'
562 1516 638 1555 aut
666 1514 846 1556 restituit
875 1516 948 1555 aut
976 1514 1216 1556 nominavit.
1267 1514 1482 1556 Iuvenalis
1511 1513 1645 1569 <VIII
1665 1514 1781 1568 272>

69 1587 119 1627 et
156 1586 327 1627 tamen
365 1586 419 1626 ut
455 1585 608 1639 longe
646 1587 853 1640 repetas
898 1585 1157 1640 longeque
1200 1586 1437 1628 revolvas
1479 1600 1677 1640 nomen,
1722 1586 1782 1628 ab

68 1656 253 1698 infami
286 1658 491 1712 gentem
523 1655 731 1698 deducis
771 1656 931 1711 asylo.
986 1670 1086 1699 sane
1115 1656 1187 1699 hoe
1217 1671 1302 1699 non
1333 1658 1391 1699 ad
1420 1657 1620 1716 Euandri
1642 1671 1782 1711 perso-

67 1742 169 1770 nam
199 1727 450 1782 adplicatur,
482 1728 590 1781 quod
622 1729 708 1782 ipse
739 1728 901 1770 Aeneae
931 1728 1125 1771 retulerit.

189 1799 286 1841 343.
338 1810 516 1841 GELIDA
548 1810 801 1842 monsTRAT
840 1810 925 1842 svn
957 1811 1078 1841 RVPE
1112 1811 1358 1842 LVPERCAL
1398 1801 1479 1842 sub
1519 1803 1665 1842 monte
1703 1800 1783 1843 Pa-

68 1870 205 1913 latino
237 1872 304 1911 est
330 1870 542 1925 quaedam
570 1870 792 1925 spelunca,
824 1870 868 1912 in
896 1885 979 1925 qua
1005 1871 1056 1913 de
1083 1886 1212 1925 capro
1240 1871 1459 1927 luebatur,
1491 1873 1534 1914 id
1560 1874 1626 1915 est
1653 1873 1784 1915 sacri-

70 1941 296 1983 ficabatur:
328 1940 442 1983 unde
474 1944 518 1984 et
549 1942 740 1996 lupercal
772 1957 859 1985 non
889 1943 1000 1985 nulli
1032 1943 1196 1986 dictum
1228 1946 1394 1999 putant.
1449 1945 1522 1987 alii
1547 1945 1662 2000 quod
1692 1945 1783 1987 illic

68 2013 170 2068 lupa
202 2012 386 2055 Remum
420 2015 463 2054 et
494 2012 728 2056 Romulum
758 2014 977 2057 nutrierit:
1016 2015 1107 2068 alii,
1149 2016 1263 2070 quod
1297 2018 1340 2058 et
1370 2015 1608 2071 Vergilius,
1640 2017 1784 2059 locum

70 2098 164 2126 esse
201 2083 315 2126 hunc
355 2086 571 2126 sacratum
610 2084 737 2141 Pani,
776 2085 855 2128 deo
887 2085 1117 2142 Arcadiae,
1155 2087 1223 2129 cui
1261 2087 1395 2130 etiam
1434 2102 1558 2130 mons
1591 2087 1783 2144 Lycaeus

70 2146 114 2197 in
140 2154 328 2198 Arcadia
353 2158 626 2198 consecratus
653 2158 729 2198 est.
774 2159 817 2198 et
843 2156 982 2199 dictus
1007 2157 1221 2212 Lycaeus,
1255 2159 1369 2213 quod
1401 2159 1530 2213 lupos
1555 2173 1642 2201 non
1669 2159 1786 2201 sinat

70 2227 117 2269 in
155 2241 255 2269 oves
295 2227 474 2270 saevire.
537 2241 641 2283 ergo
681 2227 778 2270 ideo
821 2218 873 2269 et·
901 2227 1104 2270 Euander
1144 2229 1224 2271 deo
1267 2230 1413 2285 gentis
1456 2245 1558 2272 suae
1599 2232 1786 2274 sacravit

69 2298 210 2341 locum
243 2300 288 2340 et
316 2298 560 2342 nominavit
595 2300 803 2355 lupercal,
845 2300 960 2355 quod
997 2300 1211 2355 praesidio
1242 2302 1380 2357 ipsius
1412 2301 1598 2344 numinis
1630 2303 1723 2358 lupi
1755 2318 1781 2344 a

70 2369 303 2425 pecudibus
341 2373 601 2414 arcerentur.
661 2375 760 2414 sunt
795 2372 867 2426 qui
902 2372 1044 2415 dicant
1078 2372 1185 2415 hune
1215 2373 1350 2415 Πᾶνα
1388 2370 1619 2428 ἐνυάλιον,
1661 2375 1780 2416 deum

167 2503 189 2533 4
213 2499 252 2533 in
279 2498 472 2546 Sallustio]
500 2501 578 2546 lug.
607 2505 663 2545 12,
689 2504 720 2536 5.
761 2501 805 2535 cf.
835 2501 937 2537 Serv.
964 2501 1011 2536 ad
1036 2502 1127 2537 Aen.
1149 2503 1164 2536 Ι
1184 2506 1253 2538 409
1273 2503 1285 2547 ΙΙ
1306 2506 1350 2537 10
1377 2504 1574 2548 postquam
1600 2502 1779 2538 Hercules

72 2576 79 2582 .
96 2574 103 2581 .
120 2576 127 2582 .
151 2546 303 2582 deducis
323 2547 444 2594 asylo]
466 2558 580 2583 exscr.
602 2548 787 2594 mythogr.
808 2548 824 2583 I
842 2552 897 2584 60.
924 2548 971 2584 cf.
991 2548 1026 2583 II
1042 2553 1108 2585 166
1128 2550 1140 2595 ΙΙ
1162 2553 1203 2584 13
1226 2548 1383 2597 Statius]
1403 2549 1519 2587 Theb.
1536 2550 1605 2586 XII
1618 2554 1686 2586 497
1699 2563 1778 2596 sqq.

168 2670 186 2700 1
214 2665 377 2700 celerata
398 2665 438 2700 F
452 2667 465 2712 ΙΙ
493 2679 618 2702 cccvn.
640 2667 729 2702 LH
760 2667 937 2702 trecentis
962 2668 1051 2703 viris
1078 2667 1285 2713 Stephanus
1310 2670 1322 2716 ΙΙ
1353 2673 1374 2704 3
1401 2669 1636 2716 intellegere]
1665 2670 1781 2706 Luca-

70 2725 139 2748 nus
166 2712 309 2757 (Lucill.
326 2712 528 2750 Fabricius
551 2713 717 2749 Lucilius
735 2715 856 2761 vulyo)
884 2714 968 2750 ‘nec
993 2714 1024 2749 si
1050 2716 1087 2750 te
1106 2717 1258 2760 pectore
1277 2719 1382 2752 uates
1402 2717 1602 2763 accipiam'
1626 2719 1710 2754 add.
1731 2718 1779 2754 D.

69 2761 143 2796 vid.
170 2761 301 2796 Phars.
329 2761 344 2794 Ι
372 2765 415 2796 63
448 2762 460 2807 ΙΙ
497 2765 519 2796 4
544 2761 658 2808 unde]
685 2763 726 2796 ut
748 2761 791 2796 Ἐ
819 2763 831 2808 ΙΙ
869 2763 911 2797 ut
935 2773 1001 2797 om.
1028 2763 1176 2798 ASMz
1205 2765 1218 2809 ΙΙ
1254 2763 1366 2810 illud]
1392 2764 1493 2800 illud
1513 2766 1570 2800 est
1595 2765 1684 2800 LH
1712 2768 1784 2808 (est

71 2809 139 2844 dez.
166 2809 191 2852 l)
210 2809 223 2855 ΙΙ
253 2812 272 2843 7
299 2807 462 2844 sibillam
490 2808 527 2844 R
565 2809 739 2844 sibullam
765 2810 810 2844 H
829 2810 841 2856 ΙΙ
870 2812 891 2844 8
918 2810 1100 2846 aeneades
1126 2811 1266 2846 LHM
1289 2813 1300 2858 ΙΙ
1331 2815 1375 2847 10
1400 2825 1551 2848 Rnrvmr
1578 2813 1681 2855 libri,
1707 2814 1783 2848 nisi

70 2856 166 2901 quod
191 2868 358 2891 mirrvmr
384 2868 408 2891 a
427 2857 439 2903 ΙΙ
469 2860 511 2891 12
539 2856 611 2892 sibi
633 2856 771 2901 asilum
796 2855 910 2902 primi
933 2857 968 2891 L
993 2858 1005 2904 ΙΙ
1030 2869 1138 2903 mage
1164 2858 1199 2893 L
1224 2859 1517 2904 (misericordiae
1542 2861 1570 2905 l)
1595 2861 1680 2897 mae
1707 2861 1752 2895 Η
1771 2861 1783 2907 ΙΙ

76 2907 118 2938 13
144 2903 312 2938 hercules
332 2903 372 2938 F
387 2904 400 2950 ΙΙ
430 2903 475 2938 14
500 2904 572 2950 est]
600 2904 638 2939 et
663 2903 703 2938 F
718 2905 730 2950 ΙΙ
757 2908 801 2940 15
827 2904 898 2940 hoc
924 2905 982 2940 est
1004 2905 1189 2951 templum
1214 2906 1306 2942 fecit
1332 2908 1381 2942 M
1397 2908 1410 2954 ΙΙ
1436 2911 1479 2943 17
1507 2919 1595 2953 ergo
1623 2937 1629 2943 .
1653 2937 1661 2944 .
1683 2936 1689 2942 .
1716 2920 1782 2943 no—

72 2950 230 2986 minavit
254 2961 330 2985 non
354 2952 470 2987 edidit
495 2952 633 2987 Daniel
652 2952 663 2998 ΙΙ
693 2955 736 2986 18
764 2952 818 2998 et]
846 2951 911 2987 sed
936 2952 971 2987 L
990 2953 1002 2999 ΙΙ
1026 2953 1083 3000 ut]
1111 2955 1149 2989 et
1173 2954 1260 2988 LH
1273 2955 1286 3001 ΙΙ
1310 2955 1422 3000 longe
1448 2956 1597 3000 repetas
1622 2966 1687 2991 om.
1710 2956 1750 2990 F
1772 2955 1783 2999 ζ’,

73 2997 263 3033 reuoluam
290 2998 331 3032 F
345 2999 357 3045 ΙΙ
378 3002 421 3034 19
448 2998 583 3034 asilum
607 3001 641 3033 A
679 2999 826 3044 asylum
852 2998 881 3034 S
916 2999 1009 3036 asilo
1032 3000 1112 3035 LF
1128 3002 1140 3047 ΙΙ
1159 3005 1204 3036 20
1231 3002 1347 3048 quod]
1372 3003 1459 3046 sort.
1479 3003 1618 3048 quasin
1637 3007 1681 3037 23
1708 3014 1781 3037 non

75 3045 168 3079 nulli
192 3046 327 3090 putant
352 3046 493 3081 dictum
519 3047 592 3082 AS
616 3047 628 3093 ΙΙ
659 3051 705 3081 24
730 3046 830 3090 quod
856 3049 895 3082 et
920 3047 1089 3092 uirgilius
1116 3049 1152 3083 R
1162 3049 1245 3083 LH
1250 3064 1257 3083 :
1285 3049 1384 3093 quod
1411 3051 1469 3085 est
1493 3049 1618 3085 uerius
1644 3049 1782 3084 ASFZ

1810 1022 1852 1053 10

1810 1381 1853 1411 15

1808 1738 1853 1769 20

1810 2097 1854 2128 25

74 3092 174 3136 quod
198 3093 256 3127 est
280 3093 360 3128 ueri
385 3093 542 3129 similius
570 3095 618 3129 M
635 3095 647 3140 ΙΙ
666 3097 712 3129 25
738 3104 815 3130 esse
841 3105 908 3130 om.
928 3094 965 3130 R
984 3096 996 3142 ΙΙ
1015 3099 1060 3131 26
1087 3097 1143 3131 est
1167 3108 1232 3131 om.
1256 3096 1324 3143 ΕΙΙ
1343 3097 1443 3141 quod
1467 3093 1604 3137 λύκους
1629 3098 1701 3132 hoc
1726 3098 1784 3131 est
1819 3127 1824 3129 .

75 3138 183 3183 lupos
210 3138 409 3176 Fabricius
436 3142 448 3188 ΙΙ
480 3141 569 3176 sinit
593 3141 628 3176 L
659 3143 671 3188 ΙΙ
703 3146 746 3177 29
774 3143 860 3177 sunt
885 3142 949 3187 qui
975 3143 1102 3178 dicant
1129 3171 1135 3178 .
1157 3171 1164 3178 .
1187 3171 1194 3178 .
1221 3143 1367 3179 februm
1393 3144 1580 3180 vocabant
1603 3145 1684 3178 hab.
1715 3144 1749 3177 T
1773 3143 1782 3186 ΙΙ

77 3185 179 3231 ειωῆ
206 3186 245 3220 in
270 3186 311 3241 F
326 3189 338 3235 ΙΙ
357 3189 471 3243 Πᾶιῖα
498 3186 691 3271 {mmmm}
716 3201 816 3242 pana.
841 3190 1014 3243 enyalion
1044 3191 1078 3225 T
1110 3202 1258 3238 paneny
1284 3191 1350 3227 alii
1370 3191 1410 3226 F
1433 3192 1613 3238 (panaens
1642 3190 1708 3225 alii
1735 3190 1782 3229 G)

76 3232 216 3267 Panem
241 3233 308 3269 alu
331 3235 470 3272 Dasmel
492 3237 506 3282 n
537 3236 648 3272 deum
687 3247 786 3273 uisse
811 3236 1033 3273 bellicosum
1062 3238 1096 3272 T
