2092 3614
558 245 708 284 COMM.
734 247 788 283 IN
814 246 958 284 VERG.
985 245 1096 284 AEN.
1123 248 1157 283 X
1183 252 1382 285 342-370.
1740 247 1824 289 431

234 356 334 399 354.
383 369 659 399 EXPELLERE
680 367 683 369 ·
704 369 926 400 TENDVNT
967 357 1041 400 hoc
1083 361 1142 400 est
1189 358 1283 400 loco
1329 373 1373 400 se
1419 357 1605 401 invicem
1655 372 1829 401 movere

116 428 391 471 contendunt.
1031 487 1034 492 1

235 499 333 542 355.
383 511 551 543 LIMINE
583 502 764 543 decenter
793 502 964 557 dietum,
997 501 1040 543 id
1073 503 1139 543 est
1169 501 1216 542 iu
1247 501 1386 543 litore.

235 571 332 614 356.
382 582 544 615 MAGNO
587 584 804 614 AETHERE
847 573 891 614 id
935 574 1001 615 est
1038 587 1135 614 aere
1175 572 1219 614 in
1262 585 1440 628 magn03
1483 588 1584 615 nam
1625 573 1742 616 venti
1781 573 1829 615 in

104 642 290 692 ⁴aethere
328 657 415 685 non
457 646 576 698 sunt,
615 643 688 685 sed
727 643 772 685 in
811 658 926 686 aere:
969 643 1030 686 sic
1069 658 1200 699 supra
1234 643 1379 699 <265>
1420 646 1571 700 atque
1611 645 1827 688 aethera
1854 654 1874 685 5

114 714 328 756 tranant
361 728 468 756 cum
503 714 677 756 sonitu
709 730 788 770 pro
822 714 1011 757 ‘aerem'.
1671 763 1676 768 ,

233 784 332 827 359.
382 795 560 828 ΟΒΝΙΧΑ
586 796 734 828 OMNIA
768 797 957 829 CONTRA
988 800 1109 828 mare
1141 787 1268 838 mari,
1299 787 1437 830 nubes
1468 788 1675 844 nubibus,
1708 789 1827 831 venti

113 856 264 898 ventis.
327 856 490 911 legitur
522 859 566 899 et
599 856 793 909 ‘obnixi',
825 860 873 899 ut
903 856 1114 900 referatur
1146 858 1200 900 ad
1233 862 1398 901 ventos.

232 927 331 969 361.
380 939 565 971 HAERET
592 940 716 970 PEDE
744 940 826 971 PES
858 943 936 983 pro
971 928 1121 985 ‘pedi'3
1152 945 1254 972 nam
1287 931 1519 986 antiptosis
1553 934 1630 974 est.
1686 934 1730 973 et
1762 935 1828 974 est

112 996 294 1040 Homeri
308 1014 310 1016 ·
325 998 574 1041 versiculus.
1855 1011 1898 1042 10

181 1067 183 1070 ’
231 1070 329 1113 362.
378 1088 571 1114 somma
600 1074 648 1113 ut
670 1072 944 1115 Eleusinae
968 1074 1150 1115 matris
1177 1074 1427 1116 volventia
1449 1075 1712 1128 plaustra:
1746 1074 1825 1117 ‘ro-
1874 1076 1877 1079 ’

111 1140 261 1183 tantia’
292 1155 385 1196 erqo
415 1156 520 1197 quae
549 1146 752 1186 rotantur.
1708 1145 1713 1150 ”

230 1212 328 1255 363.
380 1231 552 1257 ronRENs
580 1228 664 1256 nou
693 1215 869 1271 Tiberis,
900 1216 971 1257 sed
993 1216 1233 1269 quicumque
1257 1217 1369 1259 alius
1398 1217 1554 1272 fluvius
1583 1219 1641 1260 ad
1670 1221 1826 1272 tempus

109 1297 296 1327 crescens.

228 1355 327 1397 364.
377 1373 443 1399 ms
451 1373 566 1399 VETos
596 1374 710 1400 ACJES
743 1374 916 1401 INFERRE
945 1375 1165 1401 PEDESTRES
1203 1360 1302 1412 quia
1345 1361 1479 1416 saxis,
1522 1374 1627 1414 quae
1667 1364 1824 1404 torrens
1852 1371 1894 1401 15

108 1427 325 1482 intulerat,
368 1428 542 1482 inpediti
580 1429 782 1483 Arcades,
828 1430 989 1472 omissis
1033 1422 1146 1484 equis
1180 1432 1406 1485 pedestrem
1440 1446 1631 1487 puyuam
1673 1434 1826 1476 insueti

107 1499 292 1540 inierant
327 1501 365 1540 et
400 1513 428 1540 a
470 1500 633 1543 Latinis
661 1501 931 1554 pellebantur.
1066 1513 1279 1545 ARCADAS
1318 1504 1588 1547 accusativus
1626 1507 1692 1547 est
1729 1505 1822 1560 plu-

108 1569 234 1625 ralis,
273 1570 393 1612 cuius
430 1571 587 1614 ultima
626 1572 797 1627 syllaba
835 1572 930 1616 ideo
969 1573 1112 1616 brevis
1145 1575 1228 1627 est,
1268 1574 1369 1629 quia
1399 1575 1695 1632 nominativus
1726 1576 1823 1630 plu—

110 1641 218 1683 ralis
250 1640 327 1683 ‘es'
359 1643 636 1699 terminatur,
667 1646 717 1685 ut
747 1643 809 1685 ‘hi
841 1644 1062 1699 Arcades’,
1094 1648 1143 1687 ut
1174 1644 1415 1701 ‘delphines
1448 1646 1704 1702 delphinas'.

231 1712 329 1757 365.
378 1725 522 1757 LA'HO
549 1726 748 1766 SEQVACI
779 1718 1028 1771 metonymia
1058 1732 1136 1772 pro
1165 1716 1376 1770 ‘Latinis',
1399 1705 1456 1760 'ut
1480 1718 1587 1761 alibi
1614 1718 1822 1775 <11265>
1848 1729 1894 1760 20

108 1784 363 1827 invadunt
395 1786 569 1828 urbem
603 1802 779 1830 somno
812 1789 1034 1844 vinoque
1067 1789 1336 1844 sepultam.

229 1857 326 1899 366.
377 1869 638 1900 DIMITTERE
672 1870 864 1909 QVANDO
899 1859 1098 1914 ‘quando'
1131 1860 1355 1915 siquidem.
1419 1864 1462 1903 et
1499 1865 1566 1903 est
1596 1862 1820 1905 Romanae

110 1927 311 1970 militiae:
352 1943 452 1971 nam
484 1930 527 1971 in
560 1930 667 1972 locis
700 1930 902 1986 inpeditis
936 1942 1067 1987 equos
1101 1931 1331 1974 comitibus
1365 1931 1526 1975 dabant
1558 1936 1602 1976 et
1632 1934 1822 1989 pedestri

109 2000 343 2042 certamine
375 2001 679 2057 confligebant.

228 2070 327 2112 369.
378 2082 471 2121 Qvo
503 2083 687 2115 FVGITIS
725 2068 808 2115 hoe
846 2076 992 2116 a'mare
1030 2073 1192 2116 dictum
1231 2077 1308 2117 est.
1371 2077 1414 2117 et
1450 2076 1536 2118 iam
1574 2091 1721 2132 preces
1761 2092 1821 2120 se·
1847 2085 1893 2116 25

109 2144 312 2197 quuntur.
446 2161 519 2186 PER
554 2161 620 2187 Vos
649 2162 701 2187 Er
726 2162 864 2188 FORTIA
893 2162 1013 2188 FACTA
1053 2147 1226 2188 adiurat
1261 2159 1325 2188 eos
1361 2161 1436 2200 per
1473 2148 1655 2201 zspsorum
1694 2149 1820 2205 facta,

109 2214 306 2266 quoniam
337 2227 421 2256 uon
450 2214 567 2256 habet
590 2229 697 2269 puer
719 2217 915 2269 proprios
946 2217 1108 2259 titulos:
1140 2231 1239 2259 uam
1271 2221 1330 2260 est
1359 2219 1397 2260 ei
1418 2220 1566 2272 prima
1596 2220 1761 2264 militia.

227 2284 325 2327 370.
376 2302 449 2328 PER
476 2303 589 2328 ovczs
613 2303 793 2329 EVANDRI
826 2288 973 2330 melius
1005 2287 1175 2344 (ἀφιῶς’,
1212 2302 1338 2342 quam
1375 2291 1414 2331 si
1443 2291 1614 2333 dimisse&
1644 2290 1819 2346 ‘reyis'.·

108 2354 181 2397 hoe
210 2356 320 2397 em'm
336 2352 497 2399 vnomeu
528 2358 722 2412 exprimit
751 2359 957 2400 dueentem
988 2360 1034 2401 iu
1064 2360 1248 2414 proelia.-
1290 2360 1517 2404 Sallustius
1552 2377 1642 2416 quo
1682 2355 1819 2418 eupiss

108 2427 220 2469 dius
255 2427 308 2469 iu
344 2441 424 2470 ore
459 2429 599 2471 ducis
629 2443 677 2471 se
706 2430 911 2484 quisque
947 2430 1120 2473 bouum
1152 2435 1196 2473 et
1225 2435 1480 2475 strenuum
1516 2437 1891 2482 ostentanteseo

206 2570 248 2602 11
275 2566 490 2615 Eleusinae]
523 2579 649 2616 georg.
675 2569 710 2604 II
735 2574 780 2606 37
817 2571 829 2616 ΙΙ
865 2573 910 2606 28
942 2571 1076 2615 melius
1102 2572 1208 2608 ducis
1234 2584 1265 2608 e.
1292 2585 1327 2619 q.
1355 2574 1401 2620 s.]
1434 2585 1549 2610 exscr.
1576 2574 1662 2610 Isid.
1690 2587 1741 2612 or.
1767 2576 1819 2611 IX

110 2619 143 2660 3,
170 2619 214 2650 22
246 2616 258 2662 ΙΙ
289 2619 334 2651 29
363 2615 578 2663 Sallustius]
604 2617 692 2653 hist.
716 2617 788 2654 inc.
816 2622 860 2654 63
887 2618 930 2654 D.
957 2623 1002 2654 29
1029 2619 1091 2654 Kr.

206 2750 226 2781 6
253 2756 337 2782 aere
363 2746 405 2781 Η
413 2746 462 2781 Μ
467 2746 507 2781 F
529 2747 540 2793 ΙΙ
570 2751 588 2782 ’7
617 2759 770 2783 onuoxm
797 2749 846 2783 M
868 2751 880 2795 {1
911 2753 932 2785 8
958 2749 1108 2785 omnixa
1132 2751 1169 2786 R
1207 2751 1344 2787 obnoxi
1368 2752 1404 2787 L
1441 2719 1582 2788 onlinixi
1607 2754 1651 2788 H
1666 2754 1678 2800 ΙΙ
1711 2758 1754 2789 10
1780 2755 1819 2790 et

109 2804 235 2829 uersus
261 2794 318 2829 est
342 2794 483 2829 homeri
509 2794 549 2828 F
565 2794 576 2841 ΙΙ
596 2794 815 2842 versiculus]
843 2795 910 2840 (Il.
931 2796 1015 2832 XVI
1036 2801 1120 2844 215)
1146 2795 1258 2840 ἀσπὶς
1283 2796 1347 2844 ἄρ’
1375 2797 1507 2835 ἀσπίδ’
1538 2800 1677 2846 ἔρειδε,
1704 2800 1818 2847 κόρυς

109 2837 244 2887 κόρυν,
272 2838 392 2884 ἀνέρα
418 2839 455 2876 δ’
483 2838 581 2886 ἀνήρ
606 2843 713 2888 vulqo
738 2844 892 2878 additur
928 2845 940 2891 ΙΙ
983 2848 1024 2879 11
1050 2846 1100 2881 ad
1124 2858 1299 2881 nouum
1322 2859 1350 2883 s.
1376 2859 1407 2884 v.
1435 2859 1530 2892 quae
1558 2850 1729 2885 rotantur
1754 2861 1817 2886 uo-

109 2887 261 2924 luuntur
290 2889 322 2923 T
355 2890 368 2934 11
409 2893 450 2924 12
476 2889 651 2934 rogantia
676 2889 717 2923 F
747 2891 759 2936 ΙΙ
799 2894 840 2925 13
867 2892 917 2927 ad
940 2904 1093 2928 ‘romnus
1118 2904 1144 2929 s.
1172 2905 1203 2929 v.
1231 2893 1391 2939 quilibet
1421 2895 1557 2931 fluuius
1590 2897 1637 2932 ad
1670 2900 1818 2943 tempus

109 2946 276 2971 crescens
306 2936 338 2971 T
366 2938 379 2983 ΙΙ
417 2940 460 2972 15
486 2947 582 2981 quae
609 2937 865 2973 Commelinus:
900 2950 991 2983 quos
1022 2940 1058 2974 F
1085 2941 1097 2986 ΙΙ
1137 2945 1178 2977 16
1211 2942 1346 2978 arcade
1372 2943 1412 2977 F
1445 2942 1615 2979 Arcadae
1642 2944 1780 2980 Daniel
1805 2944 1816 2991 Η

109 2981 271 3019 insuaeti
298 2982 338 3018 F
365 2984 376 3031 ΙΙ
411 2988 452 3020 17
479 2987 625 3020 merant
651 2984 700 3027 F,
726 2995 815 3020 corr.
843 2986 980 3022 Daniel
1003 2988 1016 3033 ΙΙ
1048 2991 1092 3023 18
1121 2989 1251 3024 ultima
1274 3001 1362 3035 pars
1388 2990 1522 3027 sillaba
1547 2991 1620 3027 AS
1642 2993 1654 3038 ss
1689 2996 1730 3028 19
1756 2992 1814 3038 ut]

108 3029 200 3064 item
226 3030 274 3074 F,
299 3042 365 3068 om.
386 3031 437 3066 M
448 3033 461 3077 ΙΙ
480 3036 526 3067 20
551 3032 769 3068 metonimia
787 3032 828 3067 F
843 3034 855 3078 ΙΙ
879 3037 924 3083 22
951 3035 1000 3070 ad
1025 3047 1167 3075 QvAnno
1193 3048 1221 3072 s.
1240 3048 1272 3072 v.
1299 3037 1481 3082 siquidem
1508 3038 1586 3074 siue
1613 3039 1814 3083 aliquando

114 3076 173 3122 ΤΙΙ
192 3081 235 3113 23
262 3077 475 3126 comitibus]
502 3079 683 3115 militibus
709 3079 750 3114 F
764 3081 776 3125 ΙΙ
807 3084 852 3115 25
879 3093 946 3116 con
971 3095 1110 3118 werris
1135 3083 1171 3119 R
1209 3096 1430 3120 CONFLIGITIS
1456 3086 1502 3120 H
1514 3087 1527 3131 ΙΙ
1546 3088 1586 3121 et
1609 3086 1700 3132 iam]
1728 3098 1814 3121 nam

113 3123 162 3158 M
195 3124 270 3160 iam
297 3125 336 3160 F
360 3127 373 3172 ΙΙ
404 3130 578 3163 secuntur
603 3127 675 3162 AS
685 3127 722 3161 F
749 3129 762 3173 ΙΙ
793 3131 837 3162 26
863 3128 1009 3164 adiuret
1034 3130 1075 3164 F
1101 3132 1114 3176 ΙΙ
1145 3135 1190 3166 27
1216 3131 1359 3167 malitia
1386 3132 1427 3167 F
1453 3135 1466 3178 u
1497 3137 1541 3168 28
1568 3133 1711 3169 medius
1736 3133 1776 3167 F
1803 3139 1814 3180 χ,

110 3172 330 3254 {adgraelia
354 3173 508 3210 Daniel:
541 3174 617 3223 pha
641 3174 682 3210 F
715 3176 727 3221 ΙΙ
763 3179 810 3210 30
835 3186 915 3211 sese
940 3176 1111 3213 Isidorus
1146 3181 1159 3224 11
1195 3178 1234 3214 et
1264 3180 1455 3215 strenuum
1488 3182 1719 3216 ostentantes
1746 3191 1811 3216 om.

136 3228 169 3254 ει
218 3230 282 3255 rus
