2092 3614
567 254 717 291 COMM.
746 254 798 290 IN
825 253 968 290 VERG.
995 252 1104 290 AEN.
1131 251 1164 286 X
1190 256 1317 288 5-13.
1714 249 1800 291 383

90 370 134 408 et
166 367 383 409 consentit
415 365 643 421 significat.
765 381 983 407 ABNVERAM
1006 381 1036 405 B.
1064 380 1086 405 1.
1116 380 1142 404 c.
1166 364 1210 414 qn]
1245 360 1356 415 *quo
1386 362 1504 403 modo
1533 359 1802 415 ‘abnueram'‚

89 452 181 480 cum
211 438 298 492 ipse
327 438 372 480 in
397 438 539 492 primo
570 437 722 479 dixerit
751 436 930 478 bellum
961 435 1136 488 inyens
1162 436 1296 487 yeret
1325 432 1521 474 Italia?
1564 433 1635 474 sed
1662 445 1800 474 sccun-

88 511 187 551 dum
217 509 418 563 sapientes
448 509 646 562 quosdam
676 508 765 550 alia
795 511 854 550 est
883 506 1098 549 necessitas
1135 505 1235 557 fati,
1272 505 1362 546 alia
1398 505 1588 546 voluntas
1624 505 1803 555 deorum,

89 582 151 623 vis
180 581 300 623 nulla
330 584 409 623 est:
451 581 559 634 quod
586 580 672 634 ipse
701 579 964 633 manifestius
995 578 1041 619 in
1071 576 1214 630 quinto
1246 575 1391 630 <706>
1425 576 1597 618 ostendit
1625 575 1691 617 his
1720 589 1804 617 ver-

89 653 201 694 sibus
230 653 304 694 vel
340 667 462 706 quac
491 652 808 706 portenderet
836 651 916 692 ira
947 662 1126 703 mayna
1157 649 1295 689 deum
1325 647 1399 689 vel
1435 661 1557 701 quae
1584 648 1804 700 fatorum

82 727 309 777 posceret
338 725 476 766 ordo:
507 737 609 766 nam
639 726 677 764 et
708 723 752 764 in
775 723 916 775 primo
943 721 1055 775 <32>
1087 721 1135 762 de
1165 720 1230 760 ira
1256 719 1435 761 Iunonis
1459 720 1522 760 ait
1551 720 1651 761 acti
1678 720 1805 772 fatis

89 797 253 838 maria
283 796 448 837 omnia
479 796 680 845 circum,
712 797 749 835 et
777 794 927 835 iterum
952 793 999 834 in
1022 792 1162 845 primo
1190 791 1336 845 <262>
1366 791 1551 844 fatorum
1577 804 1734 832 arcana
1764 803 1806 832 se

91 867 201 909 dixit
229 871 455 922 moturum,
486 881 570 909 non
598 880 718 908 suam
742 866 991 908 voluntatem
1016 867 1282 906 ostensurum.
1331 864 1402 905 scd
1432 864 1489 905 ibi
1517 866 1663 905 secreto
1693 862 1806 916 filiae

90 939 206 992 dicit,
246 938 311 980 hic
341 939 445 980 alter
474 938 582 980 idem
612 937 810 979 invidiose
840 937 923 978 diis
954 935 1142 978 omnibus
1174 935 1459 988 praesentibus
1497 935 1658 978 videtur
1695 934 1807 987 loqui

83 1013 252 1063 propter
282 1011 566 1052 removendam
597 1023 736 1051 eorum
766 1006 1102 1051 dissensionem*

210 1082 249 1123 9.
301 1093 422 1133 QVAE
450 1093 636 1123 CONTRA
662 1092 871 1123 vnTiTvM
896 1089 1149 1122 DISCORDIA
1179 1078 1438 1133 ouationem,
1463 1077 1803 1132 prohibitionem

93 1169 243 1196 meam.
305 1156 349 1195 et
381 1154 441 1195 sic
473 1153 584 1195 dixit
616 1150 855 1203 evetitum',
893 1154 941 1193 ut
972 1149 1214 1205 eaequum’‚
1256 1149 1367 1191 unde
1400 1151 1466 1190 est
1497 1149 1567 1203 <11
1600 1149 1716 1203 427>
1754 1151 1804 1189 et

92 1225 520 1267 servantissimus
559 1223 720 1279 aequi.
782 1237 884 1265 sane
921 1223 1001 1265 sub
1034 1221 1366 1264 comminatione
1399 1220 1592 1263 omnium
1626 1220 1802 1262 deorum

92 1296 276 1338 maxime
310 1297 446 1338 solam
479 1296 623 1351 tangit
648 1294 875 1349 Iunonem,
907 1294 1027 1336 cuius
1056 1293 1155 1335 odia
1186 1293 1527 1348 insequebantur
1557 1292 1639 1334 hoc
1671 1292 1803 1334 etiam

92 1367 208 1409 bello
235 1367 464 1410 Troianos:
497 1367 611 1423 quod
644 1366 774 1409 etiam
809 1367 1036 1421 sequentes
1062 1364 1177 1407 Iovis
1213 1364 1497 1407 allocutiones
1530 1362 1803 1405 manifestius

92 1439 297 1481 indicant.
983 1491 986 1495 .

213 1511 279 1553 10.
329 1522 614 1561 FERRVMQVE
637 1520 904 1553 LAOESSERE
929 1523 1007 1564 pro
1035 1502 1163 1550 ‘ferio
1192 1523 1236 1550 se
1262 1505 1500 1550 lacessere’.
1545 1507 1642 1549 ordo
1668 1510 1804 1549 autem

93 1581 200 1636 ‘quis
230 1586 360 1625 metus
390 1583 523 1636 suasit
559 1586 633 1624 aut
668 1582 740 1624 lios
776 1595 899 1623 arma
934 1581 1049 1634 sequi
1083 1580 1320 1634 ferrumque
1357 1577 1590 1629 lacessere’‚·
1627 1592 1711 1620 non
1748 1581 1807 1620 est

91 1655 218 1710 enim,
245 1654 332 1697 ‘hos
354 1653 521 1710 suasit',
545 1667 596 1695 ne
620 1654 698 1707 fiat
722 1652 1044 1702 σολοικοειδές;
1075 1653 1264 1706 quamvis
1284 1652 1523 1694 inveniatur
1547 1649 1671 1692 liuius
1695 1650 1807 1692 modi

92 1727 245 1781 fiyura,
275 1729 324 1767 ut
354 1724 469 1780 <XII
496 1725 611 1780 813>
637 1724 908 1767 Iuturnam
938 1724 1133 1778 misero,
1171 1724 1352 1776 fateor,
1384 1736 1669 1766 succurrere
1697 1722 1804 1775 fra-

94 1798 161 1839 tri
190 1798 349 1852 suasi,
379 1801 418 1839 et
446 1797 616 1839 Ennius
645 1797 755 1851 quis
787 1799 832 1838 te
855 1795 1144 1850 persuasit?

215 1870 283 1912 11.
333 1881 395 1910 NE
424 1879 696 1923 ARCESSITE,
721 1879 902 1926 TEMIJVS
934 1868 1071 1909 nolite
1105 1867 1320 1909 bellorum
1351 1868 1549 1921 tempora
1581 1880 1806 1921 praeoccu-

93 1955 207 1996 pare.
269 1943 313 1982 et
344 1941 452 1982 bene
485 1940 590 1982 satis
622 1940 727 1982 facit
759 1939 881 1981 uxori
913 1953 1008 1981 cum
1042 1938 1347 1993 prohibitione.
1409 1937 1629 1993 significat
1661 1942 1806 1979 autem

94 2012 258 2054 bellum
300 2011 510 2054 Punicum
555 2011 805 2066 secundum,
850 2025 934 2066 quo
972 2009 1195 2052 Hannibal
1240 2009 1460 2064 ingressus
1498 2009 1672 2051 Italiam
1715 2022 1807 2051 eum

86 2083 286 2136 plurimis
318 2084 415 2126 locis
446 2084 602 2135 vicerit,
629 2084 849 2137 praecipue
874 2081 986 2137 apud
1013 2080 1206 2136 Cannas,
1237 2081 1379 2122 vicum
1400 2079 1604 2136 Apuliae,
1636 2095 1807 2122 omnem

95 2155 245 2210 populi
277 2154 462 2198 Romani
493 2155 654 2198 delevit
686 2154 931 2196 exercitum.

218 2228 284 2270 12.
335 2239 452 2270 OLIM
485 2227 753 2282 quandoque.

218 2299 283 2341 13.
334 2310 482 2341 ALPES
522 2311 747 2341 INMITTET
785 2309 997 2340 APERTAS
1037 2296 1257 2352 emphasis
1296 2298 1380 2351 est3
1423 2311 1511 2339 non
1549 2295 1662 2337 enim
1701 2295 1810 2337 dixit

97 2369 189 2425 ‘per
214 2369 349 2426 Alpes
380 2371 572 2412 inmittet
603 2370 854 2425 exercitum3
886 2369 962 2412 sed
994 2368 1127 2424 ‘ipsas
1151 2367 1315 2423 Alpes',
1348 2383 1454 2423 quas
1486 2367 1691 2423 patefecit
1720 2382 1809 2409 non

97 2441 181 2483 sibi
213 2443 383 2483 tantum
416 2441 491 2483 sed
524 2437 724 2484 omnibus
759 2441 981 2498 gentibue,
1013 2455 1122 2496 quae
1155 2440 1387 2482 secundum
1421 2439 1631 2482 Catonem
1664 2440 1708 2480 et
1738 2437 1807 2479 Li-

98 2512 214 2554 vium
249 2513 358 2554 muri
393 2513 482 2555 vice
515 2514 752 2555 tuebantur
776 2512 968 2555 Italiam:
1001 2527 1107 2568 quas
1134 2511 1357 2554 Hannibal
1386 2513 1487 2566 post
1511 2511 1628 2552 bella
1652 2508 1808 2564 Hispa-

192 2632 235 2664 21
265 2629 422 2676 Ennius]
459 2641 502 2665 ex
527 2631 658 2666 incert.
684 2630 768 2666 libr.
794 2629 845 2665 IV
870 2642 906 2675 p.
935 2633 1003 2665 175
1030 2629 1140 2664 Vahl.
1177 2630 1189 2673 ΙΙ
1226 2632 1272 2664 30
1298 2628 1500 2663 secundum
1527 2626 1721 2673 Catonem]
1756 2637 1807 2662 or.

96 2677 147 2712 lV
174 2677 307 2723 fragm.
335 2681 377 2712 11
405 2688 463 2722 ap.
489 2677 585 2713 Iord.
611 2690 647 2723 p.
675 2682 720 2713 20
756 2678 770 2723 ss
807 2682 851 2712 31
884 2688 977 2722 quas
1002 2675 1193 2712 Hannibal
1219 2705 1227 2712 .
1248 2704 1255 2711 .
1278 2705 1285 2712 .
1311 2675 1428 2721 Alpes
1460 2674 1658 2721 vocantur]
1692 2685 1806 2710 exscr.

102 2724 187 2760 Isid.
214 2724 376 2760 or.-XIV
402 2727 437 2770 8,
464 2729 519 2761 13.
558 2724 603 2760 cf.
630 2725 743 2761 schol.
769 2726 845 2760 vet.
870 2724 909 2760 in
934 2724 1059 2759 Iuven.
1086 2724 1119 2758 X
1148 2727 1215 2759 155

195 2824 216 2855 3
242 2819 312 2855 fati
336 2819 490 2855 Daniel:
517 2819 577 2854 fac
605 2820 643 2863 (i.
664 2831 690 2855 e.
710 2820 816 2863 facit)
844 2819 882 2853 F
898 2820 910 2866 ΙΙ
929 2822 950 2854 8
976 2820 1161 2854 moturum
1189 2819 1338 2863 scripsi:
1364 2817 1584 2853 moriturum
1610 2818 1650 2852 F
1684 2829 1808 2853 narra-

104 2868 228 2902 turum
254 2867 393 2902 Daniel
411 2868 424 2912 ΙΙ
443 2871 463 2902 9
491 2866 588 2903 alter
614 2867 652 2912 (i.
672 2878 699 2903 e.
719 2868 831 2912 alius)
859 2866 908 2910 F,
933 2865 1044 2901 aliter
1063 2867 1201 2902 Daniel
1219 2867 1231 2913 11
1252 2870 1294 2900 11
1320 2865 1359 2900 in
1385 2865 1676 2911 prohibitionem
1696 2865 1774 2900 RL
1799 2865 1811 2911 ΙΙ

102 2919 145 2950 12
172 2915 225 2950 sic
250 2915 358 2961 dixit]
387 2917 443 2950 est
467 2914 507 2950 F
523 2916 535 2961 ΙΙ
562 2919 605 2949 13
632 2925 721 2949 sane
749 2943 755 2950 .
778 2941 785 2948 .
808 2942 815 2950 .
840 2913 1008 2950 indicant
1032 2925 1098 2949 om.
1121 2913 1161 2949 F
1177 2915 1188 2960 ΙΙ
1208 2913 1496 2949 comminatione
1522 2913 1618 2949 RL:
1657 2913 1809 2948 commi-

100 2962 252 2998 nutione
278 2962 404 2998 ASH
437 2962 696 2998 communione
724 2962 791 2997 Ml
828 2960 1118 2997 commonitione
1142 2962 1250 3006 vulyo
1269 2963 1281 3007 ΙΙ
1312 2964 1355 2995 14
1380 2961 1632 3005 sequebantur
1650 2960 1780 2995 ΑΒΜ
1798 2960 1811 3006 Η

101 3009 172 3045 hoc
198 3010 313 3045 etiam
338 3020 406 3046 om.
431 3010 469 3045 R
487 3012 499 3057 ss
526 3013 569 3045 15
596 3009 715 3056 bello]
742 3010 872 3045 eontra.
896 3009 930 3043 L
956 3010 1061 3054 (corr.
1087 3009 1115 3055 l)
1135 3010 1147 3056 ΙΙ
1174 3012 1217 3044 18
1244 3007 1376 3044 suasiti
1401 3008 1441 3042 F
1456 3010 1470 3054 ΙΙ
1494 3010 1537 3044 ut
1565 3007 1599 3043 G-
1617 3009 1630 3053 ΙΙ
1657 3012 1700 3043 19
1727 3019 1808 3043 sua-

442 3066 454 3084 l

102 3092 160 3127 uit
184 3092 224 3127 F
239 3094 251 3139 ΙΙ
278 3092 348 3129 soli
373 3092 530 3138 quodies
556 3092 597 3128 F
630 3091 700 3127 soli
727 3091 880 3136 quoides
905 3091 970 3138 Gn
1001 3095 1046 3127 20
1070 3091 1123 3137 fif}
1145 3090 1370 3126 autriturum
1394 3102 1481 3126 nam
1508 3090 1548 3125 F
1567 3092 1580 3135 ΙΙ
1610 3095 1655 3125 22
1681 3102 1808 3124 Anami-

103 3152 180 3174 svrn
205 3139 279 3176 AS
293 3141 306 3185 ΙΙ
323 3150 684 3186 praeoccupasseone
706 3140 747 3174 H
771 3140 855 3183 (one
880 3139 947 3176 del.
964 3139 1002 3184 h)
1038 3139 1312 3184 praecautpare
1338 3138 1378 3172 F
1393 3139 1406 3184 ΙΙ
1431 3142 1477 3173 24
1503 3138 1601 3182 quod
1628 3137 1758 3171 RLH
1763 3137 1812 3171 M

104 3187 192 3232 (quo
213 3188 239 3232 l)
278 3199 322 3222 co
342 3188 381 3222 F
397 3189 409 3235 ΙΙ
427 3192 472 3223 25
498 3188 624 3223 uicum
648 3187 776 3222 italiae
796 3186 832 3221 R
851 3187 863 3233 ΙΙ
882 3190 927 3222 26
953 3180 1092 3222 &olebit
1111 3186 1151 3221 F
1167 3188 1178 3233 ΙΙ
1197 3190 1242 3221 28
1268 3198 1425 3220 mmmm
1446 3185 1487 3220 F
1502 3187 1514 3231 ΙΙ
1534 3189 1578 3219 29
1604 3195 1670 3229 per
1694 3195 1760 3220 om.
1773 3184 1809 3218 R

103 3234 115 3281 Η
140 3234 300 3270 inmittit
324 3235 364 3269 F
388 3236 401 3281 n
437 3239 479 3270 31
508 3236 617 3280 quas]
642 3236 711 3270 has
738 3234 793 3277 F,
818 3233 1006 3270 Hannibal
1032 3262 1039 3270 .
1063 3260 1070 3268 .
1092 3262 1099 3269 .
1128 3232 1288 3269 confecit
1312 3233 1478 3269 omittens

1830 656 1850 687 5

1833 1014 1877 1045 10

1832 1372 1875 1403 15

1832 1732 1878 1763 20

1833 2090 1877 2121 25

1834 2447 1879 2478 30
