2124 3600
527 271 677 308 OOMM.
703 271 756 307 IN
780 269 924 306 VERG.
951 268 1061 305 AEN.
1087 269 1140 304 VI
1164 273 1365 304 291—302.
1745 265 1801 308 53

212 383 310 426 291.
361 394 544 426 OFFERT
584 396 671 424 non
709 381 762 423 ad
800 379 1057 434 feriendum,
1096 378 1169 420 sed
1208 377 1260 419 ad
1298 376 1567 431 repellendas
1607 375 1802 418 umbras:

94 455 201 498 unde
234 457 278 497 et
308 452 465 497 ‘offert'
498 452 617 496 dixit.
681 451 880 495 sacerdos
914 453 1059 494 autem
1090 449 1220 492 ferire
1255 448 1467 503 prohibet.

209 525 308 569 295.
360 537 597 568 TARTAREI
636 536 759 575 QVAE
798 535 918 565 FERT
959 532 1254 565 AOHERONTIS
1299 532 1361 562 AD
1407 530 1562 561 VNDAs
1609 519 1802 574 sequitur

92 597 198 640 illud
220 597 581 653 Pythagoricum,
612 596 757 638 dicens
783 595 972 638 tenuisse
1001 608 1074 636 eos
1100 593 1214 635 viam
1236 594 1342 646 >post
1367 605 1555 633 errorem
1582 590 1800 644 silvarum,

91 683 200 725 quae
232 669 298 711 vel
330 668 384 711 ad
417 668 522 710 vitia
552 668 620 710 vel
653 666 706 709 ad
739 666 941 722 virtutes,
972 668 1020 707 ut
1044 664 1230 706 diximus
1258 662 1416 717 (136),
1450 661 1578 704 ducit.
1691 673 1799 703 TAR-

91 752 232 783 TAREI
276 750 571 783 ACHERONTIS
615 737 864 781 Acheronta
906 736 1001 779 vult
1046 735 1169 791 quasi
1212 734 1262 776 de
1306 734 1395 776 imo
1438 732 1559 774 nasci
1604 732 1801 786 Tartaro,

90 812 217 854 huius
250 812 468 854 aestuaria
500 809 680 866 Stygem
712 822 874 864 creare,
905 809 956 850 de
991 806 1127 863 Styge
1160 809 1305 848 autem
1334 805 1456 847 nasci
1489 802 1699 858 Cocyton.
1757 806 1800 844 et

89 883 195 926 haec
233 885 301 926 est
340 881 630 937 mythologia:
670 895 768 923 nam
808 879 1084 936 physiologia
1121 878 1204 920 hoc
1240 877 1391 932 habet,
1432 876 1533 932 quia
1571 874 1644 930 qui
1682 876 1799 916 caret

88 954 247 1010 gaudio
280 954 373 997 31113
405 954 535 996 dubio
567 953 708 995 tristis
740 954 818 995 est.
878 951 1058 993 tristitia
1091 953 1235 992 autem
1268 949 1411 991 vicina
1440 947 1577 990 luctui
1609 948 1692 1000 est,
1725 945 1799 1000 qui

87 1028 338 1082 procreatur
370 1040 420 1067 ex
452 1027 610 1067 morte:
643 1024 753 1066 unde
785 1023 891 1065 haec
923 1037 1016 1065 esse
1049 1021 1164 1077 apud
1194 1020 1356 1062 inferos
1388 1018 1503 1061 dicit.

206 1098 305 1141 297.
337 1108 519 1140 00οῩΤο
538 1107 751 1139 EvaTA'r
771 1106 998 1137 HABENAM
1018 1094 1062 1135 in
1080 1092 1308 1147 Cocytum:
1330 1091 1495 1133 scilieet
1514 1104 1591 1145 per
1606 1088 1797 1143 Stygem.

206 1169 303 1212 298.
354 1180 442 1211 HAS
468 1179 753 1210 HORRENDVS
780 1177 931 1217 AQVAs
957 1166 1137 1221 propter
1161 1163 1249 1205 tria
1277 1162 1465 1204 flumina.
1558 1171 1797 1202 PORTITOR

86 1240 259 1297 proprie
289 1241 468 1294 portitor
499 1243 558 1283 est
588 1240 662 1295 qui
693 1241 859 1295 portat,
902 1236 1078 1279 abusive
1111 1235 1242 1277 etiam
1275 1234 1348 1289 qui
1380 1233 1580 1288 portatur
1612 1231 1797 1286 portitor

88 1312 258 1367 dicitur,
291 1312 403 1354 sicut
432 1314 590 1355 vector.

205 1383 303 1426 299.
355 1395 592 1426 TERRIBILI
619 1393 863 1433 SQVALORE
890 1380 933 1422 id
960 1381 1026 1421 est
1049 1377 1259 1420 terribilis
1287 1376 1512 1432 squaloris
1607 1385 1795 1417 CHARON

86 1453 195 1497 κατὰ
226 1450 498 1511 ἀντίφραόιν
530 1454 652 1510 quasi
685 1450 895 1510 ἀχαίρων.
1438 1457 1443 1461 “

205 1527 302 1569 300.
353 1537 566 1569 CANITIES
594 1536 798 1567 INCVLTA
825 1534 962 1566 IACET
996 1524 1162 1564 veteres
1190 1520 1305 1563 enim
1336 1533 1421 1561 non
1455 1519 1595 1560 solum
1626 1524 1795 1558 comam

86 1598 318 1652 ornabant,
350 1597 423 1639 sed
456 1597 588 1639 etiam
620 1597 820 1650 barbam,
862 1598 910 1637 ut
941 1608 1026 1636 non
1059 1592 1199 1635 nullas
1231 1591 1425 1633 videmus
1459 1591 1636 1631 statuas.
1698 1587 1793 1628 ideo

85 1668 193 1710 dixit
225 1667 402 1711 ‘inculta
433 1671 579 1710 mento
612 1666 819 1710 canities'.
941 1677 1087 1707 s'rANT
1119 1664 1308 1705 horrent.
1369 1663 1411 1703 et
1443 1662 1511 1702 est
1541 1659 1791 1714 polysemus

86 1754 245 1795 sermo,
276 1742 325 1782 ut
357 1739 541 1782 diximus
575 1738 624 1794 <I
657 1738 785 1792 646).

204 1811 301 1852 302.
353 1822 536 1854 SVBIGIT
578 1810 771 1866 subagst,
811 1823 977 1854 sursum
1017 1810 1120 1864 cmii,
1161 1809 1285 1863 regit.
1349 1810 1392 1849 et
1433 1808 1500 1847 est
1539 1803 1792 1858 polysemus

181 1993 201 2024 6
226 1988 440 2024 Acheronta
466 2016 472 2023 .
496 2015 503 2022 .
526 2016 533 2023 .
560 1964 605 2022 ex
629 1987 765 2033 morte]
801 1997 915 2022 exscr.
942 1987 1128 2032 mythogr.
1156 1986 1207 2021 III
1233 1991 1265 2031 6,
1292 1993 1313 2023 2
1345 1989 1358 2034 ΙΙ
1394 1992 1438 2023 21
1475 2000 1616 2023 svmom
1643 1989 1793 2033 subagit

84 2048 114 2072 e.
141 2049 174 2081 q.
202 2036 248 2083 3.]
277 2035 321 2071 cf.
349 2036 444 2071 Non.
470 2048 504 2082 p.
532 2039 614 2080 400,
639 2038 684 2070 26
710 2034 758 2069 M.

83 2181 406 2237 Hamburhensem,
435 2191 500 2236 qui
523 2189 704 2236 ycerilum
729 2189 879 2224 exhibet.
921 2185 1078 2234 Ἕρυλος
1103 2189 1161 2224 Io.
1188 2189 1284 2234 Lyd.
1311 2191 1355 2227 de
1378 2200 1486 2225 mens.
1513 2190 1530 2224 I
1556 2194 1577 2226 8
1596 2192 1608 2237 ΙΙ
1627 2172 1794 2237 ς31101113

83 2239 181 2276 libri.
233 2237 408 2274 Geriones
434 2240 510 2274 tres
534 2248 642 2283 reges
669 2231 850 2272 simill'imi
882 2236 1032 2271 fuerunt
1062 2236 1101 2271 in
1133 2236 1323 2284 hispania,
1357 2236 1491 2282 quibus
1524 2238 1682 2274 abstulit
1707 2239 1789 2274 her-

803 2292 820 2310 Ο

82 2322 183 2358 011133
207 2322 386 2357 armenta.
432 2319 625 2357 Moventes
651 2321 777 2356 autem
802 2320 849 2364 ab
875 2320 945 2356 hoc
970 2320 1224 2356 in-herculem
1251 2321 1392 2357 bellum
1417 2322 1606 2360 interfecti
1632 2326 1718 2360 sunt
1742 2326 1789 2362 ab

73 2381 136 2405 eo.
170 2380 326 2413 quorum
353 2367 494 2403 similes
519 2369 670 2404 fuerunt
694 2368 848 2404 umbrae
874 2368 957 2403 add.
985 2368 1040 2403 R:
1066 2379 1158 2414 quae
1183 2369 1297 2405 edidit
1324 2370 1541 2407 Masvicius.
1583 2373 1628 2416 cf.
1652 2374 1788 2410 lustin.

82 2416 199 2452 XLIV
224 2420 260 2471 4’.
286 2420 328 2451 14
342 2426 414 2463 sqq.
440 2417 452 2463 ΙΙ
481 2420 499 2451 1
526 2415 762 2461 repellandas
789 2415 830 2450 F
864 2414 1099 2461 repellendas
1124 2428 1168 2452 ew
1193 2416 1429 2462 repellandas
1457 2419 1507 2453 Μ
1528 2421 1540 2465 ΙΙ
1571 2424 1592 2454 3
1618 2433 1790 2457 mmmm

83 2492 90 2500 .
113 2493 120 2500 .
143 2491 151 2499 .
178 2463 281 2499 ducit
305 2475 371 2499 (rm.
398 2463 438 2498 F
459 2464 471 2510 11
501 2474 593 2503 QVAE
619 2476 707 2498 FERT
731 2474 906 2498 mmmm
931 2462 968 2498 A
999 2464 1011 2509 ΙΙ
1042 2466 1064 2497 4
1089 2464 1378 2510 phytagoricum
1401 2466 1438 2501 R
1476 2467 1790 2512 pythagoraicum

53 2551 64 2565 ·
84 2511 156 2546 AS
180 2512 286 2565 (corr.
306 2513 338 2556 s)
375 2512 643 2556 pytagoracum
668 2510 713 2545 H
743 2510 1004 2556 pytagoricum
1032 2511 1082 2545 M
1097 2512 1109 2557 Η
1127 2513 1214 2557 post
1239 2514 1415 2560 errorem]
1443 2514 1691 2559 posteriorem
1717 2517 1753 2551 R
1779 2518 1790 2564 ΙΙ

82 2562 103 2593 5
128 2559 172 2593 ut
195 2558 356 2593 diximus
382 2569 447 2593 om.
477 2559 526 2593 M
541 2559 553 2605 ΙΙ
580 2558 686 2593 duxit
710 2558 756 2593 H
776 2560 788 2605 ΙΙ
814 2562 834 2593 6
861 2556 1073 2594 Acheronta
1098 2570 1163 2594 om.
1194 2558 1228 2594 G
1253 2561 1265 2606 ΙΙ
1291 2560 1398 2596 113301
1422 2561 1596 2609 Tartaro]
1622 2564 1790 2600 nascitur

82 2607 163 2641 tora
189 2605 228 2640 F
272 2605 375 2641 nasci
405 2606 552 2641 turtora
578 2604 612 2640 G
649 2607 661 2652 ΙΙ
705 2610 722 2641 7
751 2607 951 2651 cochytum
976 2606 1013 2640 R
1050 2607 1235 2650 cocython
1261 2608 1310 2642 M
1345 2609 1357 2654 ΙΙ
1400 2612 1422 2644 8
1448 2611 1729 2656 aethymologia
1753 2613 1790 2648 R

84 2687 353 2742 aeihjmoiqgia
376 2687 450 2723 AS
486 2688 706 2743 gamo-logia.
731 2689 788 2743 H·
809 2687 1034 2742 mithplogia
1059 2688 1154 2724 ΕΜ
1185 2692 1231 2735 of.
1256 2691 1431 2738 mymoqr.
1461 2692 1472 2737 ιι
1502 2666 1728 2740 phys¹010gia
1753 2696 1789 2731 R

83 2735 313 2781 phrsmlogm.
333 2735 420 2809 AH
451 2735 638 2781 finiologia
656 2736 705 2771 M
737 2737 815 2772 fiho
842 2747 941 2772 30313
960 2736 994 2772 G
1012 2738 1024 2783 ΙΙ
1046 2741 1086 2772 11
1108 2739 1245 2773 scholia
1264 2739 1313 2774 ad
1331 2749 1362 2773 v.
1385 2742 1453 2774 297
1479 2743 1512 2775 et
1538 2742 1587 2777 ad
1611 2753 1678 2776 ωε
1698 2756 1733 2779 11.
1754 2756 1786 2778 A.

83 2829 149 2856 om.
176 2818 210 2873 G
234 2819 246 2865 ΙΙ
274 2830 408 2863 cocwro
432 2818 465 2853 'S
500 2830 625 2873 coorto
650 2820 694 2855 H
723 2821 735 2867 ΙΙ
768 2831 834 2865 per
864 2830 908 2855 ex
938 2830 1007 2865 pro
1031 2819 1068 2855 R
1095 2821 1107 2867 ΙΙ
1147 2824 1189 2856 13
1223 2821 1377 2856 alterum
1411 2822 1586 2867 portitor.
1607 2835 1673 2859 om.
1708 2825 1741 2861 G
1779 2827 1788 2858 V·

87 2869 130 2900 14
165 2867 260 2919 sicut
297 2867 439 2910 vector]
478 2878 541 2911 qui
579 2867 765 2912 Significat
803 2867 999 2902 uehentem
1038 2869 1077 2903 et
1114 2867 1177 2912 qui
1210 2869 1369 2906 uehitur.
1419 2870 1591 2907 Lucanus
1630 2872 1678 2917 (V
1704 2859 1788 2918 5805

86 2913 212 2949 ‘uenia
246 2914 337 2968 haec
372 2914 431 2949 est
465 2913 544 2948 sola
576 2912 722 2950 timoris
755 2915 945 2950 uectorem
980 2925 1055 2950 non
1089 2926 1167 2950 3333
1202 2916 1336 2951 tuum'.
1388 2917 1440 2952 310
1474 2918 1513 2952 et
1545 2918 1716 2954 alumnus
1750 2924 1788 2955 et

84 2959 217 3005 hospes
243 2961 455 3018 significant
480 2962 564 2996 add.
591 2961 630 2995 D
653 2962 666 3008 ΙΙ
698 2965 740 2997 15
767 2974 938 3002 stAtom
968 2962 1015 2996 M
1039 2963 1050 3008 ΙΙ
1082 2962 1314 3007 squaloribus
1341 2964 1374 2999 G
1400 2966 1411 3011 ΙΙ
1437 2965 1544 3002 schol.
1571 2967 1621 3002 ad
1647 2978 1786 3002 CHARON

85 3019 149 3043 om.
172 3008 205 3043 G
223 3010 235 3054 Η
256 3012 299 3044 16
325 3010 491 3063 αχαίρων
517 3008 658 3045 Daniel.
679 3010 722 3044 in
746 3010 909 3054 maraine
929 3009 1160 3055 Reyinensis:
1189 3010 1349 3046 acheron
1367 3012 1543 3048 RASM
1549 3013 1591 3048 F
1624 3015 1786 3050 acharon

85 3054 128 3089 Η
142 3057 154 3101 ΙΙ
185 3059 227 3090 19
252 3056 464 3110 ερῖιρῖιαιαά
489 3067 595 3090 STANT
619 3059 651 3091 et
676 3057 725 3092 ad
749 3068 780 3093 v.
808 3061 875 3092 302
903 3068 967 3098 om.
996 3056 1028 3092 G
1048 3058 1059 3103 ΙΙ
1084 3057 1295 3103 polysemus
1322 3061 1460 3107 sermo]
1486 3061 1689 3106 polisemus
1715 3062 1785 3095 hoc

85 3104 142 3137 est
171 3102 435 3157 multiplicatlo
469 3114 678 3139 sermonum
703 3103 744 3139 F
777 3105 991 3150 polysemos
1018 3106 1147 3140 omisso
1173 3116 1292 3140 sermo
1318 3105 1391 3142 AS
1426 3108 1638 3153 polysemus
1666 3119 1785 3142 sermo

83 3148 154 3184 hoc
179 3150 236 3185 est
259 3150 523 3195 multiplicatio
549 3162 759 3186 sermonum
786 3151 992 3197 Stephanus
1010 3153 1022 3198 ΙΙ
1041 3155 1087 3188 20
1112 3154 1154 3187 ut
1179 3152 1339 3188 diximus
1364 3166 1475 3200 supra
1501 3156 1551 3190 M
1566 3157 1578 3201 ΙΙ
1598 3159 1639 3189 21
1669 3168 1785 3189 svull'r

88 3194 121 3228 A
146 3197 251 3248 <corin
277 3198 314 3250 ᾳ)
339 3198 351 3243 ΙΙ
378 3197 545 3252 subagit]
572 3210 637 3234 om.
663 3198 711 3242 R,
738 3199 861 3235 subait
886 3200 930 3234 H
950 3201 962 3246 ΙΙ
991 3211 1131 3236 sursum
1160 3198 1241 3244 agit
1265 3201 1379 3237 edidit
1404 3202 1611 3247 Stephanus
1635 3202 1646 3246 ΙΙ
1671 3200 1784 3247 regit]

86 3242 179 3276 rccit
203 3243 248 3278 H
280 3243 318 3278 id
344 3246 399 3279 est
424 3246 521 3289 regit
546 3245 586 3279 F
606 3247 619 3291 ΙΙ
646 3246 856 3291 polysemos
882 3246 918 3280 A

1827 667 1847 699 5

1826 1023 1869 1054 10

1825 1381 1867 1412 15

1819 1738 1864 1768 20
