2092 3614
296 245 385 288 520
1074 243 1235 279 SERVII

298 358 342 398 et
382 355 602 398 sciendum
643 354 799 396 sellam
836 353 1030 396 curulem
1069 368 1095 395 a
1132 367 1260 395 curru
1297 352 1475 408 dictam,
1516 352 1629 408 quod
1666 353 1714 395 hi
1750 355 1918 396 tantum
1957 368 2008 396 ea

297 426 535 469 utebantur
567 424 641 480 qui
666 424 923 479 triumphali
949 438 1076 467 curru
1100 424 1261 467 invecti
1286 424 1490 466 fuissent:
1523 424 1634 466 sicut
1660 424 1790 466 etiam
1814 425 2008 480 palmata

299 498 458 540 dicitur
476 500 584 554 toga
603 511 734 552 quam
754 496 1031 539 merebantur
1049 496 1096 538 hi
1116 496 1188 551 qui
1207 498 1502 552 reportassent
1522 495 1573 537 de
1591 495 1790 538 hostibus
1805 497 2008 552 palmam.

419 568 520 612 335.
568 579 618 610 IN
650 579 838 610 MEDIVM
869 567 914 610 in
945 582 1182 622 commune,
1213 570 1263 610 ut
1294 567 1346 609 in
1377 567 1597 609 medium
1630 567 1961 622 quaerebant.

253 648 274 680 5
419 639 519 685 336.
572 656 656 682 rm
682 655 858 683 nameus
887 656 989 682 mma
1020 639 1203 682 videlieet
1236 639 1308 693 qui
1344 653 1475 693 supra
1511 639 1625 693 apud
1658 638 1830 681 Aenean
1866 642 2010 693 eyerat.

423 710 521 753 337.
573 721 781 761 OBLIQVA
811 722 996 753 INVIDIA
1032 710 1114 753 hoc
1152 713 1219 752 est
1256 711 1329 766 qui
1359 725 1447 753 non
1478 725 1529 752 ex
1561 711 1710 766 aperto
1742 710 2012 766 inpugnabat

302 782 506 834 Turnum,
539 782 613 824 sed
645 796 742 823 eum
774 781 1034 838 reipublicae
1066 781 1272 824 simulata
1304 781 1549 824 defensione
1581 781 1814 824 lacerabat.

422 854 520 896 338.
570 864 755 896 LARGVS
788 864 916 896 OPVM
948 853 1172 895 abundans
1200 853 1368 908 opibus,
1400 853 1531 908 dives,
1561 867 1650 895 non
1675 852 1748 908 qui
1774 852 1914 895 multa
1939 853 2010 896 do-

303 927 438 968 naret.
529 941 706 968 LINGVAE
734 941 880 967 11311011
910 927 958 966 ut
987 922 1038 979 <I
1058 922 1175 978 441>
1210 924 1517 967 laetissimus
1545 923 1758 979 umbrae,
1787 923 2013 968 Sallustius

234 1005 278 1037 10
299 998 503 1052 fruyurn
529 996 800 1051 pabulique
831 996 991 1039 laetus
1021 1009 1148 1049 ayer.

424 1068 523 1110 339.
573 1078 671 1110 NON
697 1057 913 1109 FVTTILrs
940 1077 1127 1108 AVCTOR
1156 1081 1245 1109 non
1275 1066 1435 1108 inanis:
1467 1081 1570 1108 nam
1600 1066 1744 1109 futtile
1776 1081 1852 1109 vas
1882 1067 2013 1122 quod-

306 1140 405 1182 dam
444 1141 510 1182 est
548 1139 639 1181 lato
679 1152 771 1191 ore,
807 1137 941 1179 fundo
975 1140 1181 1193 angusto,
1220 1152 1304 1193 quo
1336 1137 1569 1180 utebantur
1601 1138 1645 1180 in
1677 1137 1808 1180 sacris
1840 1136 2015 1194 Vestae,

306 1212 408 1268 quia
441 1226 552 1267 aqua
584 1210 638 1253 ad
671 1225 794 1252 sacra
821 1209 960 1253 Vestae
990 1209 1146 1251 hausta
1178 1209 1225 1251 in
1248 1211 1367 1252 terra
1390 1224 1479 1252 non
1503 1209 1690 1265 ponitur,
1723 1209 1837 1264 quod
1863 1209 1900 1252 si
1928 1209 2016 1265 fiat,

306 1283 523 1339 piaculum
555 1284 638 1324 est:
670 1281 785 1324 unde
817 1280 1109 1336 excogitatum
1139 1295 1216 1323 vas
1243 1282 1321 1336 est,
1353 1281 1465 1336 quod
1494 1284 1609 1323 stare
1635 1295 1723 1323 non
1748 1283 1909 1336 posset,
1941 1281 2015 1323 sed

238 1363 281 1395 15
307 1355 499 1410 positum
532 1353 681 1396 statim
715 1352 1017 1395 effunderetur.
1065 1352 1165 1394 inde
1197 1354 1240 1394 et
1270 1351 1413 1407 1101110,
1446 1352 1676 1395 commissa
1701 1346 1790 1395 non
1813 1352 2017 1408 retinens,

308 1426 469 1469 futtilis
502 1425 672 1480 dicitur,
704 1426 855 1467 contra
887 1423 989 1466 ‘non
1019 1422 1196 1466 futtilis'
1228 1424 1368 1466 bonus
1399 1423 1445 1465 111
1470 1423 1675 1477 consiliis,
1706 1437 1792 1465 11011
1818 1423 1974 1465 inanis.

428 1497 526 1539 340.
580 1508 831 1539 SEDITIONE
863 1506 1039 1538 POTENS
1080 1497 1339 1550 praepotens
1377 1494 1423 1536 in
1461 1494 1689 1550 movenda,
1726 1508 1815 1536 non
1844 1494 1890 1536 in
1921 1509 2017 1537 con-

309 1568 536 1624 primenda
568 1568 790 1610 seditione.
913 1583 1125 1609 svmmvm
1147 1580 1229 1620 pro
1262 1565 1434 1609 ‘nobile'.

429 1639 528 1682 341.
577 1650 820 1681 INCERTVM
851 1650 914 1680 DE
946 1649 1095 1680 PATRE
1128 1649 1342 1679 FEREBAT
1375 1652 1463 1679 non
1493 1636 1704 1692 ignobile,
1743 1637 1816 1678 sed
1846 1637 2019 1693 penitus

240 1721 286 1753 20
311 1712 563 1767 ignoratum
595 1711 812 1765 siqnifieat.
861 1710 939 1752 alii
970 1707 1199 1752 ‘incertum’
1232 1713 1307 1751 aut
1330 1710 1465 1763 ipsum
1482 1711 1661 1763 patrem,
1691 1711 1766 1750 aut
1784 1722 1913 1762 ¹qenus
1938 1712 2020 1751 tra-

310 1784 423 1826 dunt.
485 1785 524 1824 et
552 1782 646 1825 bene
675 1782 789 1836 seyni
818 1781 976 1823 homini
998 1783 1223 1836 paternam
1253 1794 1337 1823 non
1367 1781 1479 1823 dedit
1506 1780 1770 1830 nobilitatem.

408 1891 429 1922 2
455 1887 624 1932 palmata
652 1915 659 1922 .
682 1916 690 1923 .
713 1914 721 1922 .
746 1886 928 1933 palmam]
956 1896 1070 1921 exscr.
1098 1884 1183 1920 Isid.
1210 1897 1262 1921 or.
1289 1884 1374 1919 XIX
1400 1889 1456 1930 24,
1484 1888 1504 1920 5
1533 1886 1545 1930 ΙΙ
1576 1889 1598 1920 4
1622 1884 1660 1920 in
1688 1884 1868 1932 medium]
1894 1895 2020 1931 georg.

311 1935 329 1969 I
356 1937 454 1980 12711
479 1939 500 1970 9
528 1934 744 1981 Sallustius]
770 1934 856 1970 hist.
884 1933 918 1967 ΙΙ
944 1937 988 1969 91
1016 1933 1072 1978 D.,
1099 1936 1143 1968 92
1169 1933 1230 1967 Kr.
1252 1934 1263 1979 ΙΙ
1291 1937 1332 1967 11
1360 1944 1447 1968 nam
1473 1932 1580 1968 futile
1607 1943 1637 1967 0.
1658 1944 1691 1977 q.
1714 1933 1758 1977 s.]
1785 1932 1830 1969 cf.
1857 1933 1948 1970 Don.
1974 1933 2023 1968 ad

313 1982 395 2018 Ter.
422 1983 535 2018 Andr.
562 1981 615 2016 III
644 1986 683 2027 5,
710 1987 730 2017 3
764 1983 803 2016 et
828 1981 975 2016 Phorm.
1004 1981 1035 2015 V
1065 1985 1101 2026 1,
1130 1984 1191 2024 193
1228 1979 1332 2016 Luct.
1357 1980 1458 2015 Plac.
1485 1981 1532 2016 ad
1559 1980 1652 2016 Stat.
1679 1979 1794 2016 Theb.
1824 1980 1910 2015 VIII
1935 1984 2018 2024 2983

312 2030 399 2065 Ieid.
427 2041 477 2066 or.
505 2030 538 2065 X
566 2033 651 2075 1093
676 2029 863 2075 mythogr.
888 2028 942 2063 III
967 2033 1002 2074 2,
1028 2032 1049 2064 5

412 2129 430 2160 1
459 2125 622 2161 cerulem
647 2125 688 2160 F
703 2126 715 2172 ΙΙ
746 2124 786 2159 111
810 2125 959 2159 tantum
985 2123 1044 2170 ea]
1071 2123 1257 2158 intantum
1284 2134 1328 2158 ea
1355 2123 1406 2158 M
1438 2134 1486 2158 ea
1510 2124 1656 2158 tantum
1684 2121 1734 2167 F,
1758 2122 1799 2158 hi
1823 2124 1988 2159 omittens
2011 2123 2024 2171 ΙΙ

314 2177 336 2211 2
362 2172 507 2208 inuenti
530 2172 603 2208 AS
629 2172 782 2217 (inuecti
807 2174 868 2218 as)
893 2173 905 2218 ΙΙ
936 2175 958 2206 3
983 2171 1090 2217 toga]
1115 2170 1245 2206 tunica
1270 2170 1311 2205 F
1326 2171 1338 2217 ΙΙ
1363 2170 1420 2205 111
1428 2181 1495 2206 om.
1515 2170 1556 2205 Ι
1570 2171 1583 2216 ΙΙ
1610 2170 1792 2217 palmam]
1819 2182 1976 2216 cumque
2001 2183 2025 2207 a

316 2232 425 2256 curru
451 2220 552 2256 dicta
578 2220 627 2255 sit
652 2219 757 2255 euius
783 2219 905 2264 prima
930 2218 1077 2263 syllaba
1094 2218 1313 2263 producitur
1332 2222 1459 2254 tamen
1479 2218 1615 2253 curulis
1635 2217 1741 2253 sedes
1766 2218 1924 2263 primam
1945 2230 2023 2255 cor-

315 2268 422 2313 ripit:
449 2269 604 2303 lucanus
630 2267 697 2311 (ΙΙΙ
719 2266 840 2307 107)‘
844 2277 1058 2311 uacuaeque
1083 2266 1165 2301 loco
1191 2266 1317 2301 sedere
1344 2265 1503 2301 curules’
1532 2266 1615 2301 add.
1635 2265 1674 2300 D
1692 2266 1704 2311 ΙΙ
1723 2266 1773 2300 ad
1797 2277 1828 2301 v.
1850 2270 1919 2301 334
1939 2277 2023 2311 per-

315 2317 406 2351 tinet
430 2316 605 2351 scholium
630 2315 743 2350 trium
767 2325 935 2350 versuum
958 2314 1000 2349 in
1024 2321 1162 2349 summo
1186 2314 1351 2359 margine
1372 2313 1596 2349 Turonensis
1614 2323 1672 2348 ser
1672 2313 1800 2358 iptum.
1839 2314 1882 2349 de
1902 2314 2024 2358 primo

316 2374 422 2399 versu
447 2364 510 2408 qui
534 2363 625 2406 folio
650 2362 860 2397 circumciso
885 2362 1100 2397 imminutus
1125 2364 1175 2396 est
1199 2361 1286 2396 haee
1311 2361 1381 2406 leyi
1412 2359 1585 2396 diadema
1614 2359 1653 2395 id
1683 2361 1740 2395 est
1766 2362 2024 2396 ornamentum

316 2412 572 2464 matronarum
596 2410 635 2444 in
661 2410 785 2455 capite
811 2410 1028 2444 contextum
1054 2419 1145 2444 auro
1171 2409 1210 2442 et
1234 2408 1401 2453 gemmis,
1428 2419 1460 2444 v.
1481 2411 1501 2442 2
1528 2411 1560 2443 et
1579 2411 1600 2442 3
1625 2408 1712 2442 haee
1736 2408 1868 2443 habent
1894 2409 2025 2444 trabea

316 2460 428 2503 togae
459 2456 600 2502 species
626 2468 672 2492 ex
696 2467 860 2502 purpura
884 2458 923 2491 et
948 2467 1058 2491 cocco
1084 2466 1158 2500 qua
1183 2455 1302 2500 operti
1326 2466 1433 2500 reges
1458 2455 1497 2489 in
1522 2454 1631 2489 initio
1657 2455 1920 2500 procedebant.
1969 2455 2025 2491 in-

316 2507 451 2541 uentor
476 2506 601 2540 autem
626 2503 764 2539 dicitur
788 2503 902 2538 fuisse
928 2503 1094 2538 romulus
1119 2501 1230 2537 istius
1255 2502 1370 2538 uestis
1397 2502 1445 2537 ad
1465 2501 1728 2537 discretionem
1752 2502 1962 2548 principum
1989 2505 2027 2539 et

317 2563 459 2606 regum.
504 2554 543 2586 et
575 2562 598 2586 a
627 2551 879 2586 transbeando
909 2550 933 2586 i.
967 2561 996 2585 e.
1029 2549 1069 2584 in
1103 2549 1282 2585 maiorem
1318 2549 1478 2594 gloriam
1514 2549 1730 2585 deducendo
1766 2550 1953 2585 hominem
1988 2551 2028 2586 et

318 2599 543 2645 dignitatem
567 2600 703 2634 uocata
733 2598 874 2633 trabea.
918 2599 952 2633 is
975 2598 1154 2641 interpres
1178 2598 1243 2642 qui
1270 2597 1486 2632 Tironianis
1510 2597 1607 2632 notis
1631 2597 1800 2633 utebatur
1825 2598 1875 2633 ad
1898 2609 1929 2635 v.
1956 2601 2027 2634 334

319 2649 405 2683 haee
437 2646 634 2691 adscripsit
664 2646 795 2681 trabea
825 2646 880 2680 est
903 2644 1109 2690 imperialis
1133 2647 1223 2690 toga
1249 2643 1352 2680 dicta
1377 2656 1399 2679 a
1422 2644 1681 2679 transbeando.
1719 2646 1731 2691 ΙΙ
1768 2649 1788 2679 5
1815 2646 1865 2681 ad
1888 2658 1977 2681 mma
2002 2660 2025 2683 1.

318 2706 347 2731 3.
372 2706 405 2730 v.
431 2693 576 2730 scilicet
601 2693 666 2738 qui
691 2721 699 2728 .
720 2721 728 2728 .
751 2721 759 2728 .
785 2694 915 2738 egerat
943 2692 976 2726 T
992 2693 1004 2738 ΙΙ
1030 2696 1050 2726 6
1077 2703 1151 2727 11011
1176 2693 1327 2737 experto
1355 2693 1404 2727 M
1420 2693 1433 2736 ΙΙ
1453 2696 1471 2727 7
1500 2691 1736 2728 dissimulata
1759 2692 1797 2727 R
1815 2693 1827 2739 ΙΙ
1846 2696 1867 2727 8
1894 2692 2026 2738 opibus

320 2753 387 2778 om
401 2741 475 2777 AS
492 2742 504 2788 ΙΙ
523 2740 665 2776 diuitiis
683 2740 757 2775 AS
774 2741 786 2785 ΙΙ
806 2739 888 2786 qui]
914 2740 1015 2784 quod
1034 2739 1084 2774 M
1097 2740 1109 2786 11
1134 2743 1154 2775 9
1175 2752 1306 2775 Lmen
1326 2739 1375 2782 F,
1399 2740 1461 2775 secl
1479 2751 1632 2774 amour.
1658 2740 1781 2784 leqisse
1799 2741 2027 2785 interpretem

319 2800 385 2825 suo
409 2790 490 2824 iure
513 2789 655 2824 monuit
674 2787 893 2823 Bibbeekius
912 2788 923 2833 ΙΙ
942 2787 1070 2822 umbre
1091 2787 1131 2821 F
1165 2787 1298 2822 umbra
1316 2788 1455 2822 Daniel
1472 2788 1484 2832 ss
1506 2791 1549 2822 10
1569 2787 1718 2832 frugum
1743 2786 1842 2822 Serv.
1863 2788 1912 2822 ad
1933 2788 2025 2823 Aen.

321 2837 338 2871 I
363 2839 432 2872 441
459 2839 491 2871 et
515 2835 730 2871 Arusianus
748 2846 788 2880 p.
814 2837 895 2878 490,
922 2838 944 2868 4
969 2834 1037 2870 K:
1063 2834 1225 2869 fructum
1253 2834 1293 2869 F
1326 2835 1511 2870 fructuum
1538 2834 1677 2870 Daniel
1694 2835 1707 2879 ΙΙ
1737 2838 1777 2869 11
1804 2843 1965 2870 nvr'nms
1990 2834 2027 2868 A

321 2895 486 2920 errvms
506 2883 546 2918 F
579 2894 718 2918 er111s
739 2882 873 2935 reliqui
890 2882 902 2928 ΙΙ
921 2881 1029 2916 futile
1049 2881 1134 2916 SM
1165 2882 1272 2917 futtit
1291 2883 1339 2926 A,
1364 2886 1512 2918 tuentur
1530 2882 1702 2917 Donatus
1720 2884 1754 2916 et
1772 2881 1879 2917 Luet.
1903 2881 2026 2917 Plaea

321 2930 441 2966 futilis
467 2930 504 2965 R
541 2930 688 2965 futtulis
714 2929 755 2964 F
788 2929 879 2964 sutis
905 2929 949 2964 H
962 2932 1002 2964 et
1026 2930 1309 2975 mytltoyraphus
1337 2932 1348 2975 ΙΙ
1380 2929 1538 2965 condam
1562 2929 1608 2964 H
1633 2930 1645 2975 ΙΙ
1684 2932 1726 2963 12
1753 2928 1843 2974 quo]
1870 2939 1943 2974 ang
1944 2930 2027 2964 uste

323 2979 407 3014 aelel.
429 2977 469 3012 F
483 2979 496 3023 ΙΙ
514 2977 691 3013 utebatur
714 2977 804 3011 RH
817 2977 829 3023 ΙΙ
850 2980 892 3011 13
919 2978 1058 3012 terram
1084 2976 1124 3010 F
1140 2978 1151 3023 ΙΙ
1178 2981 1222 3011 14
1246 2978 1368 3023 possit
1392 2976 1433 3011 F
1448 2978 1460 3023 ss
1489 2979 1531 3012 15
1557 2976 1654 3011 unde
1678 2975 1800 3011 ASF
1814 2976 1826 3020 ΙΙ
1855 2980 1896 3011 16
1922 2975 2027 3011 futti-

322 3025 371 3060 lis
396 3024 469 3061 AS
502 3024 634 3060 futulis
660 3024 744 3059 RF
779 3023 906 3059 futiles
932 3023 975 3058 H
1008 3023 1127 3058 futilis
1155 3025 1205 3058 M
1221 3026 1325 3070 1111011
1350 3024 1480 3060 futulis
1506 3024 1542 3059 R
1577 3034 1652 3059 non
1676 3022 1750 3057 fuit
1773 3022 1850 3057 illis
1875 3024 1921 3057 H
1953 3035 2028 3059 non

322 3072 443 3108 futilis
469 3073 518 3107 M
535 3073 547 3119 ΙΙ
579 3076 622 3108 17
648 3083 773 3117 praep.
797 3082 872 3107 11011
896 3070 936 3106 111
959 3083 1007 3106 m.
1035 3070 1101 3105 sed
1125 3071 1163 3106 in
1189 3083 1217 3107 c.
1245 3084 1274 3107 s.
1302 3073 1350 3106 M
1367 3073 1379 3118 ΙΙ
1406 3070 1628 3107 mouendam
1654 3070 1740 3105 RH
1755 3071 1768 3115 ΙΙ
1796 3070 2027 3116 conprimen-

325 3120 412 3156 dam
438 3119 529 3155 RH
548 3121 561 3165 ss
593 3123 636 3154 18
662 3119 884 3155 seditionem
909 3118 946 3154 R
970 3120 983 3164 ss
1012 3119 1061 3153 ad
1087 3131 1268 3154 SVPERBV‘M
1292 3130 1319 3155 3.
1345 3131 1376 3156 v.
1403 3118 1527 3154 nobile
1556 3118 1589 3152 T
1612 3119 1624 3163 ΙΙ
1657 3121 1699 3152 19
1725 3117 1996 3162 ignobilemF

326 3172 372 3203 20
397 3169 448 3203 ael
471 3179 648 3203 mcmzrvn
672 3181 706 3203 D.
727 3181 758 3202 Ρ.
777 3181 810 3202 F.
835 3178 863 3202 s.
889 3178 921 3202 v.
947 3166 1170 3212 ignoratum.
1217 3166 1370 3211 quidam
1394 3166 1577 3202 incertum
1603 3192 1611 3201 .
1634 3193 1642 3201 .
1663 3193 1670 3201 .
1697 3164 1933 3201 nobilitatem
1961 3165 1996 3201 T
2015 3118 2029 3213 11

326 3217 519 3262 parentem
548 3215 582 3250 Τ
609 3216 621 3262 ΙΙ
651 3218 694 3250 21
724 3213 823 3260 signi
852 3213 887 3250 G
912 3215 925 3260 ΙΙ
955 3224 1028 3249 11011
1053 3213 1157 3248 dedit
1181 3215 1377 3259 paternam
1407 3214 1440 3249 T
