2092 3614
305 256 391 298 314
1079 253 1239 289 SERVII

303 367 410 409 diem
435 379 561 420 quam
584 379 649 408 res
673 365 907 419 repetissent
923 364 975 406 ab
992 363 1187 415 hostibus,
1211 363 1370 416 fetiales
1391 362 1554 405 hasta-m
1573 363 1794 405 mittebant.
1843 364 2013 417 denique

303 452 395 480 eum
421 437 581 493 Pyrrhi
613 436 856 491 temporibus
886 437 1102 479 adversum
1128 435 1460 477 transmarinum
1484 434 1634 476 hostem
1659 435 1806 477 bellum
1830 434 2014 477 Romani

235 528 237 530 ¹
300 509 457 564 yesturi
486 512 617 551 essent
640 522 712 551 nec
741 508 972 550 invenirent
1001 508 1150 561 locum,
1178 505 1250 548 ubi
1279 504 1386 548 hane
1416 505 1726 548 sollemnitatem
1749 520 1827 560 per
1854 500 2014 559 fetiales

258 662 279 692 5

238 1019 280 1050 10

239 1376 282 1407 15

240 1736 286 1767 20

242 2093 289 2125 25

304 581 510 623 indicendi
533 580 626 623 belli
649 579 908 635 celebrarent,
933 579 1129 622 dederunt
1152 591 1336 632 operam,
1361 579 1409 619 ut
1431 590 1540 620 unus
1565 578 1611 620 de
1631 576 1791 633 Pyrrhi
1815 577 2014 620 militibus

304 655 529 706 caperetur,
569 665 687 706 quem
720 650 904 704 fecerunt
932 651 978 692 in
1009 651 1114 692 circo
1143 648 1363 692 Flaminio
1402 648 1532 690 locum
1563 663 1705 704 emere,
1742 652 1789 691 ut
1817 649 1939 703 quasi
1969 649 2015 691 in

303 723 444 766 hostili
474 724 556 766 loco
587 724 654 765 ius
684 723 777 766 belli
808 722 1014 765 indicendi
1047 721 1267 775 implerent.
1310 721 1480 774 denique
1509 721 1556 762 in
1581 734 1624 763 eo
1651 721 1733 763 loeo
1759 724 1853 763 ante
1877 721 2016 763 aedem

304 795 507 838 Bellonae
537 798 772 837 consecrata
802 797 860 837 est
889 794 1091 836 columna.
1147 792 1280 835 Varro
1307 792 1352 834 in
1377 791 1527 834 Caleno
1558 792 1620 834 ita
1650 793 1713 834 ait
1741 793 1882 835 duces
1912 806 2016 835 cum

297 867 517 934 primum
547 866 776 909 hostilem
806 879 979 921 ayrum
1007 863 1278 907 introituri
1301 866 1459 919 erant,
1491 864 1673 906 ominis
1696 878 1846 907 causa
1868 864 2017 918 prius

304 939 499 982 hastam
535 939 588 981 in
625 952 728 980 eum
765 951 936 992 ayrum
972 936 1246 991 mittebant,
1283 938 1337 978 ut
1372 936 1556 979 castris
1593 936 1747 994 locum
1777 938 2016 990 caperent.

306 1026 396 1066 erqo
428 1011 521 1054 bene
550 1010 623 1052 hoc
645 1013 770 1064 poeta
800 1010 848 1052 de
879 1022 988 1051 more
1012 1008 1202 1051 Romano
1232 1010 1409 1049 tractum
1437 1007 1578 1049 Turno
1607 1009 1742 1061 utpote
1772 1007 1867 1049 duci
1896 1007 2015 1049 dedit.

305 1083 376 1126 sed
398 1083 445 1124 in
468 1081 546 1124 hac
570 1080 856 1123 consuetudine
883 1080 1058 1135 fetialis,
1089 1080 1161 1133 qui
1187 1079 1334 1121 bellum
1359 1078 1579 1130 indicebat,
1609 1081 1828 1131 antequam
1853 1076 2017 1120 hastam

306 1155 464 1205 iaceret,
489 1153 614 1195 etiam
639 1155 793 1195 terram
817 1151 995 1194 hostium
1019 1150 1337 1193 contestabatur:
1362 1151 1471 1192 unde
1494 1150 1663 1204 quidam
1689 1150 1830 1192 volunt
1846 1149 2018 1192 Aenean-

307 1227 496 1269 scientem
526 1225 635 1278 quod
663 1224 811 1266 bellum
837 1226 1026 1278 ,qesturus
1056 1224 1171 1277 esset,
1208 1221 1314 1264 sicut
1343 1235 1370 1263 a
1400 1221 1549 1276 sibylla
1579 1224 1831 1275 cognoverat,
1862 1221 1934 1263 ubi
1964 1222 2021 1263 ad

307 1297 460 1339 Italiae
482 1299 648 1350 partem
677 1295 853 1338 debitam
883 1294 1008 1349 venit,
1038 1293 1227 1348 primum
1258 1294 1450 1336 adorasse
1480 1296 1650 1348 terram,
1681 1296 1729 1335 ut
1758 1292 1869 1347 <VII
1903 1292 2017 1348 136>

304 1369 599 1424 yeniumque
631 1367 726 1410 loci
748 1367 1062 1422 primamque
1092 1366 1289 1408 deorum
1323 1365 1581 1408 Tellurem.

428 1439 510 1482 53:
548 1450 804 1482 CLAMOREM
835 1449 1088 1480 ΕΧΟΙΡΝΝΤ
1121 1448 1242 1479 soen
1273 1436 1435 1491 legitur
1468 1438 1510 1479 et
1542 1435 1787 1478 ‘clamore'.
1843 1436 1880 1478 si
1912 1435 2019 1479 ‘cla-

308 1510 462 1567 more'7
494 1525 646 1552 sensus
676 1509 762 1551 erit
791 1509 913 1552 talis:
947 1509 1099 1551 hastae
1131 1508 1293 1550 iactum
1321 1507 1427 1550 socii
1453 1507 1643 1550 clamore
1670 1508 1951 1564 comitantum
1984 1508 2020 1550 si

310 1580 601 1637 ‘elamorem2
639 1581 930 1637 intellegimus
964 1579 1098 1623 Turni
1131 1594 1203 1623 eos
1236 1579 1468 1621 clamorem
1502 1579 1720 1634 excepisse
1751 1582 1789 1621 et
1818 1593 1910 1622 cum
1937 1580 2020 1633 fre-

309 1656 415 1698 mitu
451 1667 542 1697 eum
573 1655 726 1695 secutos
762 1666 859 1705 esse,
897 1652 943 1694 id
972 1654 1030 1695 est
1060 1650 1519 1705 excipiunt-clamorem
1554 1650 1690 1693 Turni
1727 1653 1771 1692 et
1809 1664 1907 1693 cum
1936 1650 2019 1694 fre-

313 1728 423 1770 mitu
456 1740 554 1768 eum
586 1726 832 1780 sequuntur.

431 1797 500 1840 54.
549 1806 741 1838 INERTIA
768 1806 926 1838 CORDA
956 1800 1120 1838 non're
1152 1809 1271 1851 vera,
1304 1794 1378 1836 sed
1411 1794 1522 1837 sicut
1552 1794 1751 1837 hostibus
1782 1794 2037 1849 videbatur.-

431 1868 499 1911 56.
549 1886 658 1911 Anam
697 1884 805 1911 meos
833 1866 1102 1909 vehementius
1134 1864 1271 1908 ‘viros'
1298 1866 1670 1920 pronuntiandum.
1792 1882 1935 1908 CASTRA
1960 1883 2021 1908 Fo-

321 1959 418 1985 VERE
447 1943 593 1983 veteres
626 1938 797 1993 ‘fovere'
822 1953 902 1991 pro
935 1937 1030 1981 ‘diu
1060 1936 1251 1981 incolere'
1283 1938 1343 1980 vel
1375 1936 1599 1979 ‘habitare'
1631 1937 1826 1979 dicebant.

432 2012 501 2055 57.
550 2022 826 2061 ADITVMQVE
856 2022 945 2052 PER
976 2021 1087 2052 AVIA
1119 2021 1326 2060 QVAERIT
1366 2009 1497 2051 etiam
1535 2023 1612 2063 per
1649 2008 1757 2050 avia.
1819 2023 1921 2050 sane
1953 2022 2020 2050 ex-

314 2084 516 2141 primitur
547 2083 681 2125 Turni
712 2082 939 2137 violentia3
971 2096 1072 2124 nam
1105 2081 1222 2123 viam
1252 2095 1329 2135 per
1360 2080 1458 2122 avia
1489 2079 1632 2122 nullus
1663 2079 1855 2135 requirit.

433 2155 502 2198 59.
551 2167 615 2197 AD
643 2165 820 2196 CAVLAS
846 2153 1114 2195 munimenta
1140 2154 1183 2194 et
1208 2154 1358 2207 saepta
1384 2151 1540 2194 ovium.
1586 2153 1651 2193 est,
1676 2150 1790 2192 enim
1810 2149 2022 2193 Graecum

314 2242 474 2270 nomen
494 2225 546 2269 ‘c'
576 2226 789 2268 detracto:
814 2240 916 2267 nam
937 2223 1091 2267 Graeci
1118 2219 1256 2273 αὐλάς
1280 2225 1436 2266 vocant
1462 2222 1714 2265 animalium
1739 2223 2021 2277 receptacula.

316 2381 331 2415 Ι
356 2331 429 2421 .ᾇῖ
457 2331 578 2414 vair&
602 2331 642 2414 ξι
667 2330 822 2377 Caleno]
849 2328 959 2366 Riese
985 2342 1019 2375 p.
1047 2333 1115 2365 247
1154 2330 1166 2376 ΙΙ
1203 2333 1247 2365 26
1274 2328 1506 2364 munimenta
1532 2357 1540 2364 .
1563 2356 1570 2363 .
1592 2355 1600 2363 .
1626 2326 1879 2378 receptacula]
1907 2339 2021 2366 exscr.

335 2392 366 2415 ει
395 2408 402 2416 .
431 2390 482 2414 or.
630 2407 639 2423 ‚
666 2384 686 2415 6

413 2478 431 2508 1
458 2473 609 2509 feciales
634 2473 674 2508 F
689 2475 701 2520 ΙΙ
720 2477 740 2508 2
766 2474 868 2519 pyrri
889 2472 929 2508 F
944 2474 956 2519 ΙΙ
975 2477 996 2508 3
1022 2472 1115 2508 hubi
1134 2472 1175 2507 F
1190 2474 1202 2517 ΙΙ
1221 2471 1433 2509 sollenitate
1459 2472 1592 2515 ltahem
1613 2470 1654 2505 F
1669 2471 1680 2517 ΙΙ
1699 2470 1834 2507 fitiales
1853 2471 1894 2507 F
1917 2472 2022 2517 (corr.

316 2533 412 2557 man.
432 2522 516 2565 rec.)
536 2522 548 2567 ss
567 2525 589 2556 4
615 2520 803 2556 celebrent
827 2520 868 2555 F
883 2522 895 2567 ΙΙ
913 2519 1016 2565 pyrri
1036 2520 1077 2554 F
1091 2522 1103 2565 ΙΙ
1123 2523 1144 2555 5
1169 2520 1333 2555 flaminio
1364 2519 1398 2554 T
1429 2518 1603 2554 flumineo
1630 2518 1671 2553 F
1695 2519 1799 2564 (corr.
1821 2531 1917 2554 man.
1938 2520 2022 2564 rec.)

316 2569 328 2616 ΙΙ
352 2568 411 2615 uh]
436 2568 479 2603 §ab
502 2568 542 2603 F
568 2569 580 2613 ΙΙ
613 2573 633 2603 6
660 2569 745 2603 ante
772 2568 879 2603 edem
909 2569 956 2603 T:
982 2569 1094 2602 antea
1119 2568 1204 2603 dem
1230 2566 1270 2602 F
1305 2568 1391 2602 ante
1416 2566 1550 2611 pedem
1574 2566 1713 2601 Daniel
1744 2567 1756 2613 ΙΙ
1789 2571 1806 2602 7
1835 2567 2022 2613 columna]

317 2617 466 2652 bellone
492 2616 576 2652 add.
606 2615 639 2650 T
656 2616 668 2662 ΙΙ
693 2615 733 2650 in
757 2615 941 2650 calencita.
967 2615 1022 2649 ait,
1047 2614 1088 2649 F
1103 2616 1115 2661 ΙΙ
1147 2618 1168 2650 8
1194 2614 1383 2650 introituri
1409 2616 1515 2649 erant
1542 2613 1589 2648 T:
1616 2613 1810 2649 introitum
1835 2617 1962 2649 rex-ant,
1987 2614 2027 2649 F

317 2663 513 2699 introitum
536 2662 658 2698 ierant
681 2663 821 2698 Daniel
839 2664 851 2709 ΙΙ
870 2662 990 2698 omnis
1009 2661 1050 2696 F
1065 2663 1076 2709 ΙΙ
1097 2667 1116 2697 9
1142 2662 1326 2697 mibebanb
1344 2662 1385 2696 F
1400 2662 1412 2708 11
1432 2665 1476 2696 10
1501 2661 1613 2708 bene]
1639 2661 1684 2696 be
1705 2660 1745 2695 F
1760 2662 1772 2707 ΙΙ
1815 2661 1907 2696 duce
1933 2661 2024 2705 FT,

319 2723 410 2747 corr.
436 2710 674 2746 Commelinus
692 2711 704 2755 ΙΙ
734 2713 774 2744 11
801 2709 873 2745 hoc
900 2709 940 2744 F
961 2710 973 2756 ΙῙ
999 2714 1042 2744 12
1069 2710 1167 2745 unde
1192 2709 1345 2755 quidam
1370 2709 1503 2744 uolunt
1529 2708 1688 2744 scienter
1713 2719 1865 2744 aeneam
1891 2709 2023 2745 fecisse

320 2759 385 2804 qui
398 2770 488 2808 pum
514 2758 654 2793 bellum
678 2758 850 2803 gesturus
878 2758 975 2792 esset
995 2785 1001 2792 .
1025 2784 1032 2792 .
1055 2786 1063 2792 .
1085 2757 1248 2802 primum
1274 2756 1488 2792 adorauerib
1512 2757 1648 2791 terram
1669 2784 1677 2791 .
1699 2785 1707 2792 .
1729 2783 1737 2791 .
1764 2756 1936 2791 tellurem
1959 2756 1994 2790 T
2013 2757 2024 2802 Η

322 2810 364 2841 13
393 2805 530 2851 sybilla
555 2805 595 2840 F
611 2806 622 2852 ΙΙ
644 2809 686 2841 17
713 2805 840 2840 actum
864 2804 911 2839 H
923 2805 936 2851 ΙΙ
963 2808 1005 2839 19
1032 2815 1116 2840 eum
1142 2816 1219 2850 eyo:
1247 2816 1310 2840 eos
1335 2804 1376 2839 F
1391 2805 1403 2849 ΙΙ
1423 2805 1571 2840 secutos
1597 2804 1748 2838 Daniel:
1777 2805 1924 2839 secutus
1951 2803 1992 2838 F
2014 2803 2023 2848 ΙΙ

319 2858 365 2889 20
397 2853 617 2899 εεᾳωιηίῑιιτ]
651 2854 797 2888 secutos
824 2853 845 2887 l.
891 2856 1043 2887 ceterum
1074 2853 1182 2888 verba
1214 2863 1306 2898 quae
1336 2855 1422 2887 sunt
1453 2853 1492 2887 et
1523 2862 1606 2885 cum
1637 2849 1789 2886 fremitu
1815 2880 1823 2886 .
1844 2877 1880 2885 ..
1909 2850 2025 2885 Turni

320 2901 441 2936 Servii
471 2911 541 2935 esse
571 2901 741 2935 videntur
772 2903 806 2935 et
836 2911 860 2935 a
892 2900 1045 2935 librario
1077 2900 1199 2944 aliquo
1225 2912 1249 2935 a
1271 2900 1395 2944 priore
1426 2900 1464 2934 eb
1497 2910 1580 2934 cum
1604 2898 1755 2933 fremitu
1790 2898 1839 2932 ad
1870 2898 2025 2933 alterum

321 2949 513 2984 aberrante
537 2948 669 2983 omissa
688 2949 699 2994 ΙΙ
720 2951 763 2983 21
788 2947 880 2993 non]
907 2958 994 2982 nam
1018 2946 1055 2981 R
1074 2948 1086 2993 ΙΙ
1111 2951 1155 2981 22
1183 2948 1232 2982 ad
1256 2958 1359 2982 vmos
1385 2957 1484 2992 supr.
1511 2956 1598 2981 vers.
1625 2944 1864 2980 uehementer
1888 2944 1927 2979 in
1952 2945 2024 2981 hoc

320 2996 404 3031 loco
429 2994 747 3040 pronuntiandum
773 2995 830 3030 est
852 2995 971 3037 uiros,
1007 2994 1057 3029 ad
1081 3006 1216 3029 FOVERE
1242 2995 1283 3029 in
1308 3005 1421 3039 marq.
1447 2994 1575 3029 fouere
1599 2993 1744 3027 ueteres
1767 3002 1835 3037 pro
1860 2991 2023 3028 incolere

321 3045 360 3078 et
385 3072 392 3080 .
415 3071 423 3079 .
449 3042 619 3078 habitare
651 3042 844 3087 ponebant
873 3041 970 3077 sicut
994 3069 1002 3077 .
1026 3069 1033 3076 .
1054 3068 1063 3077 .
1092 3041 1126 3075 T
1160 3044 1257 3084 (ante
1287 3041 1458 3076 habitare
1491 3041 1586 3075 duae
1617 3040 1757 3075 litterae
1787 3044 2024 3075 evanuerunt.

315 3094 402 3136 post
427 3089 524 3126 sicut
547 3090 636 3134 quid
662 3090 746 3125 olim
768 3090 945 3134 scriptum
971 3089 1084 3133 fuerit
1102 3089 1206 3124 hodie
1224 3099 1300 3124 non
1318 3091 1436 3134 potest
1455 3087 1632 3132 coqnosci)
1653 3087 1665 3133 ΙΙ
1684 3090 1728 3121 23
1755 3085 1932 3121 inicolere
1951 3087 1992 3122 F
2013 3086 2024 3134 Η

322 3137 399 3184 vel]
427 3138 466 3173 et
489 3137 628 3172 Daniel
646 3138 658 3182 ll
678 3137 865 3172 ducebant
885 3136 935 3181 F,
961 3147 1054 3181 corr.
1074 3136 1315 3171 Gommelinus
1333 3137 1345 3182 ΙΙ
1365 3139 1408 3171 25
1433 3146 1499 3179 per
1525 3134 1624 3180 avia]
1652 3133 1822 3178 peruiam
1847 3134 1890 3168 Η
1907 3135 1918 3180 ΙΙ
1937 3145 2024 3179 que-

321 3185 373 3220 rib
397 3184 433 3220 L
463 3186 475 3229 ΙΙ
511 3188 557 3219 26
583 3183 699 3230 enim]
727 3186 853 3220 autem
878 3184 918 3219 F
946 3184 958 3231 ΙΙ
989 3194 1123 3219 nomen
1148 3194 1214 3219 om.
1241 3183 1314 3219 AS
1343 3184 1355 3229 ΙΙ
1387 3181 1572 3228 detracto]
1599 3181 1745 3217 adiecto
1771 3180 1808 3215 R
1844 3182 1965 3218 tracto
1990 3181 2025 3217 L

325 3233 430 3278 (corr.
458 3233 483 3277 l)
519 3231 691 3267 natracto
717 3232 763 3266 H
782 3233 794 3278 ΙΙ
825 3231 930 3267 aulas
955 3232 1042 3268 libri
