2092 3614
313 261 402 305 582
1089 262 1250 298 saavn

315 372 494 415 subiecit
525 371 754 415 ruborem'.
809 372 1064 414 movebatur
1101 374 1264 427 autem,
1301 372 1558 428 intellegens
1597 387 1642 414 se
1673 387 1766 414 esse
1796 375 2017 416 tantorum

314 458 488 486 causam
527 443 759 498 malorum,
806 443 916 485 sicut
951 458 1080 499 supra
1115 444 1201 498 zPse
1239 443 1329 498 <XI
1359 443 1476 498 480>
1515 459 1667 486 causa
1705 445 1826 487 mali
1863 445 2017 500 tanti,

313 515 491 558 oculos
523 514 725 556 deiecta
756 514 981 557 decoros.

432 587 501 630 67.
550 598 837 630 vlonAVEm'r
870 597 1017 630 OSTRO
1043 598 1083 629 SI
1110 598 1213 638 QV1s
1240 598 1363 628 EBVR
1389 586 1568 629 Homeri
1599 587 1875 643 comparatio,
1907 588 2016 630 unde

265 667 286 697 5
313 661 356 700 et
388 657 648 701 ‘violaverit'
679 658 923 700 transtulit:
954 659 1026 700 ille
1060 659 1174 700 enim
1207 659 1269 700 ait
1299 655 1447 714 μιήνῃ.
1679 654 1691 665 ‘

433 730 500 772 68.
550 741 700 772 ΜῙΧΤΑ
724 742 911 772 RVBENT
938 742 1016 772 vm
1040 742 1168 772 LILIA
1193 741 1356 773 MVLTA
1381 741 1503 772 ALBA
1528 741 1646 772 ROSA
1680 733 1755 772 aut
1779 731 1854 773 ubi
1879 732 2016 774 multa

312 801 414 844 alba
445 801 541 844 lilia
571 802 786 857 permixta
816 802 974 844 rubent
1005 816 1123 856 rosa,
1160 802 1205 843 id
1238 804 1304 843 est
1335 816 1459 843 rosae
1491 802 1809 845 coniunctione:
1847 805 2016 846 natura-

310 872 412 915 liter
442 873 559 915 enim
591 873 730 915 omnis
764 872 922 916 candor
955 873 1141 915 vicinum
1173 873 1218 916 in
1250 888 1295 916 se
1327 874 1464 916 trahit
1494 874 1705 917 ruborem.

432 945 500 987 70.
549 956 697 987 ILLVM
718 957 900 987 TVRBAT
920 957 1050 988 AMOR
1075 945 1241 987 invenit
1267 945 1548 1000 occasionem,
1575 961 1659 1002 qua
1679 945 1848 988 Turnus
1874 947 2014 1003 magis

242 1023 285 1055 10
311 1019 557 1059 moveretur
588 1017 634 1058 in
665 1017 839 1059 bellum.

432 1089 499 1131 74.
549 1100 709 1139 NEQVE
742 1101 857 1131 ENIM
883 1100 1038 1132 TVRNo
1064 1099 1193 1131 MORA
1218 1100 1391 1130 LIBERA
1417 1100 1589 1132 MORTIS
1623 1090 1779 1144 duplex
1810 1090 1891 1132 hoc
1920 1091 2013 1133 loco

311 1161 378 1201 est
409 1159 631 1215 expositio.
695 1162 771 1202 aut
802 1160 915 1202 enim
949 1160 1052 1202 ordo
1086 1163 1168 1202 est:
1205 1175 1280 1215 ne,
1310 1175 1488 1216 quaeso,
1521 1163 1677 1216 mater,
1707 1176 1760 1203 ne
1793 1176 1860 1203 me
1891 1162 2016 1204 lacri-

312 1230 412 1286 mis,
445 1231 489 1273 id
520 1234 588 1273 est
618 1234 743 1274 tanto
776 1232 927 1274 mortis
961 1231 1122 1287 omine,
1154 1232 1447 1288 prosequaris,
1480 1232 1533 1274 ad
1566 1232 1660 1275 duri
1693 1232 1846 1275 Martis
1881 1237 2013 1276 certa-

311 1303 431 1345 mina
461 1303 825 1358 proficiscentem:
857 1318 994 1359 neque
1028 1304 1140 1345 enim
1165 1304 1310 1346 Turno
1344 1319 1464 1346 mora
1496 1304 1632 1346 libera
1665 1307 1729 1346 est
1764 1319 1853 1346 non
1888 1306 2013 1347 eundi

242 1382 285 1415 15
310 1378 411 1429 post
441 1374 529 1417 iam
561 1376 823 1431 promissum
856 1375 1077 1431 singulare
1110 1378 1337 1418 certamen.
1400 1378 1475 1418 aut
1507 1379 1621 1418 certe
1652 1375 1734 1418 hoc
1766 1376 1888 1419 dicit:
1925 1378 2014 1419 noli

308 1460 394 1502 me,
431 1449 587 1501 mater,
626 1446 680 1489 ad
717 1447 880 1489 bellum
918 1449 1091 1489 euntem
1125 1446 1331 1489 ominosis
1370 1447 1560 1489 lacrimis
1598 1448 1816 1502 prosequi:
1862 1447 2013 1503 ‘neque

307 1517 422 1559 enim
453 1517 599 1560 Turno
638 1533 760 1561 mora
798 1519 935 1561 libera
973 1517 1156 1574 mortis’⁷
1199 1518 1242 1560 id
1281 1520 1347 1560 est
1383 1533 1523 1574 neque
1563 1519 1677 1560 enim
1716 1519 1758 1560 in
1798 1522 2013 1574 potestate

307 1604 404 1632 mea
436 1591 503 1632 est
535 1605 702 1632 moram
734 1590 893 1632 inferre
925 1590 1196 1633 venientibus
1228 1590 1349 1644 fatis,
1389 1605 1437 1632 ac
1469 1591 1505 1632 si
1539 1590 1713 1633 diceret:
1752 1591 1788 1632 si
1819 1591 2014 1646 inminet,

306 1661 524 1716 periturus
559 1676 667 1713 sum,
700 1662 833 1704 etiam
867 1662 903 1703 si
936 1662 1112 1704 minime
1149 1662 1201 1703 ad
1235 1662 1348 1703 bella
1380 1659 1639 1717 proficiscar.
1701 1662 1918 1705 sciendum
1950 1666 2012 1705 ta-

235 1740 282 1773 20
307 1747 405 1775 men
437 1735 515 1788 est,
546 1733 689 1776 locum
720 1733 834 1776 hunc
866 1748 999 1775 unum
1032 1748 1124 1775 esse
1159 1733 1210 1775 de
1242 1733 1545 1775 insolubilibus
1578 1745 1676 1775 XIII.
1709 1749 1818 1789 quae
1849 1734 2012 1777 habent

307 1804 630 1860 obscuritatem,
662 1805 763 1847 lieet
795 1820 820 1847 a
853 1793 1000 1847 multis
1033 1820 1111 1860 pro
1145 1807 1274 1860 captu
1306 1805 1581 1847 resolvantur
1613 1805 1787 1861 ingenii.

427 1877 493 1919 76.
526 1887 621 1919 CVM
652 1888 833 1918 PRIMVM
865 1887 1093 1920 CRAs'rlNA
1120 1887 1271 1919 GAELO
1300 1888 1516 1919 Pvmcms
1542 1888 1743 1919 INVECTA
1769 1888 1903 1920 Rorls
1930 1877 2011 1919 hoe

305 1948 399 1990 loco
434 1948 617 1991 aviditas
649 1949 887 2004 pugnaturi
919 1948 1184 2004 exprimitur.
1230 1962 1331 1990 sane
1363 1963 1477 1991 nunc
1508 1963 1594 1990 non
1627 1948 1731 1990 dicit
1759 1949 1861 1990 oriri
1888 1949 2011 2004 diem,

305 2018 380 2061 sed
418 2019 618 2076 designat
655 2022 846 2076 tempus,
888 2034 972 2075 quo
1011 2021 1104 2062 vult
1141 2023 1189 2062 ut
1226 2023 1406 2075 uterque
1444 2021 1496 2062 ad
1535 2022 1751 2063 certamen
1791 2021 2010 2077 singulare

232 2098 279 2130 25
303 2090 518 2146 procedat.

425 2163 492 2204 79.
542 2174 725 2206 NosTRo
763 2174 1026 2205 D131MAMvs
1066 2174 1300 2206 sANleNE
1337 2174 1525 2205 BELLVM
1569 2163 1676 2205 bene
1721 2177 1765 2205 se
1810 2163 2009 2206 omnibus

305 2233 577 2276 commendat
617 2235 699 2277 hoc
739 2234 873 2290 dicto,
914 2234 1126 2290 siquidem
1169 2250 1292 2277 suum
1332 2235 1584 2290 sanguinem
1623 2249 1701 2289 pro
1741 2235 1857 2277 omni
1895 2235 2008 2277 bello

304 2304 409 2347 dicit
438 2320 568 2360 posse
600 2306 807 2349 sufficere.

424 2377 492 2419 82.
541 2388 706 2420 Poscrr
743 2389 893 2429 EQvos
932 2389 1220 2429 GAVDETQVE
1260 2389 1409 2420 TVENS
1448 2389 1571 2420 ANTE
1612 2389 1702 2420 oRA
1737 2389 2008 2420 FREMENTES

232 2456 278 2487 30
304 2447 446 2489 solent
477 2448 590 2490 enim
622 2463 673 2490 ex
706 2463 913 2504 equorum
944 2449 1012 2491 vel
1045 2450 1275 2504 maestitia,
1306 2450 1372 2491 vel
1405 2449 1630 2491 alacritate
1663 2451 1865 2491 eventum
1895 2449 2007 2491 futu-

304 2533 401 2560 rum
433 2518 679 2562 dimicaturi
710 2520 924 2576 colligere.

398 2651 421 2683 4
446 2648 614 2696 Homeri]
647 2648 690 2685 ΙΙ.
717 2647 766 2683 IV
796 2652 861 2684 141
893 2650 906 2695 ΙΙ
937 2653 982 2684 30
1009 2649 1130 2685 solent
1156 2676 1163 2683 .
1185 2677 1193 2684 .
1216 2678 1223 2685 .
1251 2649 1442 2696 colligere]
1476 2661 1588 2685 exscr.
1615 2649 1702 2685 Isid.
1729 2661 1780 2686 or.
1807 2649 1876 2684 XII
1904 2654 1934 2694 1,
1960 2653 2006 2684 44

397 2771 417 2802 2
443 2767 557 2814 tanti]
585 2768 697 2813 atque
722 2767 807 2803 add.
828 2768 934 2813 vulyo
952 2769 965 2812 ΙΙ
983 2771 1004 2802 3
1031 2767 1202 2814 decoros]
1229 2779 1315 2804 nam
1341 2780 1414 2814 quo
1435 2780 1472 2804 se
1494 2769 1553 2814 (ea
1574 2767 1787 2812 Fabricius)
1815 2767 2006 2804 formosior

301 2814 489 2850 inducitur
520 2826 563 2850 eo
595 2814 715 2861 magis
744 2816 874 2850 turnus
906 2815 1014 2850 ardet
1043 2816 1086 2849 ut
1112 2816 1306 2873 sequentia
1336 2815 1504 2852 indicant
1534 2816 1620 2851 add.
1646 2815 1685 2850 D
1721 2816 1734 2861 ΙΙ
1770 2819 1790 2851 5
1815 2821 1943 2851 mmm
1966 2816 2002 2851 A

300 2874 416 2897 mmm
441 2861 470 2897 S
502 2874 605 2898 mmm
631 2862 719 2898 RH
754 2874 859 2898 mut-:T
885 2863 935 2897 Μ
965 2874 1052 2897 Mene
1077 2863 1118 2897 F
1151 2877 1200 2903 ως
1226 2860 1263 2898 δ’
1292 2860 1354 2899 ὅτε
1382 2864 1437 2904 τίς
1461 2859 1495 2898 τ’
1525 2860 1712 2908 ἐλέφαντα
1738 2861 1830 2908 γυνὴ
1859 2864 2003 2908 φοίνικι

301 2908 416 2955 μιήνῃ
442 2909 490 2944 D.
529 2911 574 2954 cf.
604 2910 769 2946 Maerob.
797 2910 875 2946 Sat.
904 2910 935 2945 V
962 2914 1016 2954 12,
1044 2915 1065 2945 4
1093 2911 1104 2956 {l
1137 2914 1157 2946 6
1183 2924 1243 2947 VBI
1270 2939 1277 2946 .
1301 2940 1308 2946 .
1330 2939 1337 2947 .
1364 2912 1499 2947 rubent
1523 2921 1588 2946 om.
1616 2911 1661 2945 H
1680 2911 1692 2956 ΙΙ
1723 2910 1803 2956 aut]
1831 2912 1872 2945 at
1896 2910 1969 2945 AS
1991 2910 2002 2965 Η

302 2961 322 2992 7
346 2968 433 2992 nam
458 2957 681 2993 naturaliter
704 2957 742 2993 R
765 2959 777 3003 ΙΙ
808 2961 828 2993 8
855 2956 953 2993 enim
978 2969 1044 2992 om.
1066 2960 1101 2992 A
1131 2959 1142 3004 Η
1173 2962 1193 2994 9
1221 2959 1310 3005 qua]
1338 2971 1449 3004 quam
1475 2959 1527 3002 H,
1552 2970 1618 2994 om.
1640 2957 1681 2993 F
1701 2959 1714 3003 ss
1748 2961 1790 2992 13
1816 2958 1907 2993 dura
1930 2957 1968 2993 R
1992 2959 2003 3004 ΙΙ

302 3008 347 3040 14
372 3004 515 3052 Turno]
540 3005 660 3040 libera
683 3005 813 3041 mortis
838 3006 922 3041 add.
948 3004 994 3040 H
1023 3006 1035 3051 ΙΙ
1074 3009 1116 3040 16
1144 3005 1338 3053 ominosis]
1366 3005 1594 3048 omninooeic
1619 3005 1660 3040 F
1692 3007 1704 3052 ΙΙ
1742 3009 1785 3041 17
1811 3006 1920 3040 turno
1946 3009 2005 3040 est

300 3062 405 3088 mora
423 3051 460 3087 R
478 3053 490 3098 ΙΙ
509 3051 548 3087 in
567 3080 576 3088 .
597 3080 605 3088 .
627 3080 634 3088 .
656 3053 727 3099 est]
754 3052 951 3098 potestatis
971 3063 1076 3087 meae
1097 3052 1137 3087 F
1152 3054 1164 3098 ΙΙ
1185 3057 1227 3089 18
1253 3052 1426 3100 inminet]
1453 3053 1651 3089 imminent
1674 3053 1756 3088 fata
1773 3053 1812 3087 D
1830 3053 1843 3097 ΙΙ
1864 3056 1906 3088 19
1933 3052 2002 3087 sim

301 3099 343 3135 F
365 3101 378 3147 ΙΙ
408 3104 454 3135 20
479 3101 537 3135 est
560 3110 626 3136 om.
654 3099 695 3135 F
715 3102 728 3146 ΙΙ
759 3100 804 3136 de
829 3111 895 3136 om.
922 3099 962 3135 F
984 3101 996 3145 ΙΙ
1026 3112 1078 3134 xn
1102 3100 1163 3135 Rs
1186 3102 1197 3147 ΙΙ
1229 3101 1368 3137 habent
1392 3100 1490 3136 inter
1515 3100 1780 3136 obscuritatem
1805 3100 1842 3135 R
1866 3101 1878 3146 fl
1910 3104 1952 3135 21
1981 3111 2004 3135 a

299 3158 367 3184 om.
381 3148 425 3182 H
439 3148 453 3193 ΙΙ
470 3147 621 3194 ingenio
645 3146 691 3182 H
705 3148 718 3193 ss
737 3152 781 3183 23
806 3159 881 3184 non
906 3158 971 3183 om.
987 3147 1032 3182 H
1045 3148 1058 3192 ΙΙ
1077 3147 1174 3183 diem
1201 3149 1290 3184 oriri
1308 3148 1382 3184 AS
1418 3148 1491 3184 orri
1517 3147 1615 3183 diem
1640 3148 1685 3182 H
1718 3159 1783 3183 ora
1808 3147 1907 3182 diem
1929 3147 1970 3182 F
1990 3147 2001 3193 ΙΙ

300 3199 346 3230 24
372 3194 519 3240 signare
538 3195 585 3230 H
616 3195 830 3242 designaret
849 3196 899 3231 M
914 3197 926 3243 ΙΙ
945 3193 1009 3241 qui
1028 3195 1075 3229 H
1087 3197 1099 3240 ΙΙ
1117 3198 1160 3230 ut
1184 3197 1340 3241 uterque
1359 3207 1425 3231 om.
1439 3196 1484 3231 H
1498 3196 1511 3241 ΙΙ
1528 3197 1683 3240 uterque
1703 3206 1769 3232 om.
1785 3195 1832 3230 M
1850 3196 1862 3240 {l
1889 3197 1935 3230 25
1959 3195 2002 3229 ut

301 3270 309 3278 .
330 3269 339 3277 .
360 3271 367 3278 .
393 3242 590 3290 procedat]
616 3243 664 3279 ad
690 3242 878 3289 singulare
904 3244 1093 3279 certamen
1117 3243 1274 3288 uterque
1299 3243 1480 3289 procedat
1505 3242 1546 3278 F
1565 3244 1578 3289 ΙΙ
1607 3246 1652 3279 28
1678 3241 1770 3278 dicit
1793 3253 1858 3279 om.
1880 3241 1922 3278 F
