2124 3600
252 271 301 302 1v
958 257 1244 294 PRAEFATIO.

252 367 312 410 vel
337 365 561 422 Cydantis:
594 367 761 422 puellae
785 366 886 411 hae:
918 368 1128 412 Periboea
1151 368 1366 423 Alcathoi,
1391 368 1591 426 Medippe
1618 369 1733 412 Perii
1757 371 1818 413 vel
1843 370 1956 426 Pylii

253 439 312 481 vel
348 438 489 493 Pyris,
527 438 714 481 Hesione
753 437 889 495 Celei,
927 439 1227 482 Andromache
1265 440 1618 496 Eurymedontis,
1658 442 1956 497 Eurymedusa

253 509 480 566 Polyxeni,
516 509 688 565 Europe
725 509 919 567 Laodici,
955 511 1103 554 Melite
1135 511 1372 568 Thriagoni
1409 513 1511 555 coni.
1543 512 1743 567 Stephani
1774 512 1963 570 (Kampf

252 581 449 625 zwz‘sehen
476 581 652 625 Theseus
675 596 714 625 u.
741 582 1010 626 Minotaurus
1033 598 1077 638 p.
1098 584 1153 626 38
1168 581 1287 640 sqq),
1318 584 1389 637 qni
1415 583 1580 626 Aethlii
1606 585 1666 627 vel
1689 585 1825 640 Elati,
1855 585 1955 628 Idas

254 654 435 696 Arcadis
466 668 494 696 a
521 654 731 697 Mauricio
762 654 912 709 Haupt
940 656 1112 710 aceepit:
1144 654 1363 710 puriesion
1395 655 1517 710 celei,
1548 657 1656 709 qaod
1677 659 1775 710 post
1802 657 1955 712 cydani

253 727 374 768 eodex
403 725 575 781 exhibet,
606 726 816 768 delendum
845 740 942 779 esse,
973 730 1020 769 nt
1048 740 1097 769 ex
1128 727 1239 782 pyr-'ii
1272 727 1434 769 iesione
1467 727 1574 769 celei
1599 742 1818 782 perperam
1848 742 1955 784 repe-

254 798 392 852 tit-um,
426 798 529 840 idem
560 798 777 852 Hauptz‘us
807 799 951 840 docuit.
1000 797 1044 839 hi
1077 798 1217 853 pueri:
1250 797 1446 841 Phorbas
1476 798 1655 853 Aethlii,
1686 798 1785 841 Idas
1819 800 1957 856 Arga-

253 870 330 924 dis,
351 869 636 911 Antimachus
662 869 870 924 Euandri,
896 868 1171 911 Menestheus
1193 867 1384 924 Suniani,
1411 869 1628 912 Daidocus
1655 870 1959 926 Rhamnuntis,

254 941 492 984 Demoleon
519 939 718 996 Cydanti.
765 940 933 996 puellae
965 941 1065 983 hae:
1098 940 1307 983 Periboea
1333 941 1553 996 Alcathoi,
1587 941 1785 998 Medippe
1817 943 1959 985 Piraei

252 1013 312 1055 vel
337 1012 497 1066 Perrei,
533 1011 718 1054 Hesione
746 1010 881 1067 Celei,
913 1012 1214 1055 Andromache
1241 1013 1595 1068 Eurymedontis,
1627 1013 1807 1057 Medusa
1833 1015 1958 1070 Poly-

252 1084 368 1138 xeni,
397 1083 570 1139 Europe
604 1082 795 1135 Laodici,
827 1082 974 1125 Melite
1006 1083 1242 1139 Thriagoni
1273 1085 1375 1126 coni.
1409 1084 1454 1126 O.
1486 1085 1598 1128 Iahn
1630 1086 1781 1128 Philol.
1811 1085 1957 1129 XXVI

244 1170 290 1210 p.
313 1156 366 1198 13
380 1168 436 1209 sq.
461 1155 474 1210 ΙΙ
491 1169 535 1208 p.
558 1155 624 1210 13,
649 1157 668 1197 1
705 1170 779 1210 per
809 1155 922 1209 quod
955 1154 1219 1210 ingredimur
1252 1152 1316 1212 (ut
1334 1155 1517 1213 Cassell.)
1538 1156 1761 1200 Schoellins
1784 1158 1798 1212 ll
1828 1172 1868 1211 p.
1893 1158 1958 1210 15,

258 1228 310 1269 14
336 1227 455 1269 cuius
482 1228 651 1279 partem
678 1241 770 1268 esse
790 1225 1047 1281 Massyliam
1074 1226 1450 1269 mediterraneam:
1483 1228 1593 1269 unde
1619 1243 1649 1271 e.
1668 1243 1703 1283 q.
1723 1243 1753 1272 s.
1777 1227 1960 1285 (seclusis

252 1302 319 1341 est
356 1313 456 1353 pars
491 1295 804 1355 Mauretaniae)
842 1298 948 1340 idem
983 1298 997 1353 ΙΙ
1031 1312 1075 1352 p.
1111 1298 1183 1351 18,
1214 1298 1242 1340 4
1275 1300 1318 1340 et
1349 1298 1550 1355 Vegones
1589 1300 1807 1355 nymphae
1850 1315 1977 1355 quae,

253 1374 388 1413 artem
422 1370 656 1426 scripserat
687 1369 1006 1426 fulguratorum
1040 1370 1143 1413 coni.
1175 1369 1225 1412 G.
1251 1369 1496 1413 Sehmeisser
1525 1375 1675 1425 quaest.
1706 1373 1754 1414 de
1777 1371 1959 1414 Etrusca

251 1442 405 1496 discipl.
430 1456 475 1496 p.
505 1443 559 1484 12
590 1445 627 1484 et
659 1442 712 1484 17
744 1441 758 1497 ΙΙ
783 1456 828 1496 p.
860 1442 929 1497 27,
959 1442 1012 1483 13
1046 1440 1282 1484 inferorum
1314 1456 1448 1498 regna
1479 1457 1653 1485 necesse
1685 1443 1856 1499 quidem
1887 1443 1958 1486 hic

252 1529 344 1557 esse
376 1513 599 1557 Sehoellins
633 1514 646 1569 ΙΙ
674 1528 718 1568 p.
745 1513 814 1569 65,
834 1514 887 1556 21
924 1513 1025 1569 quia
1056 1513 1122 1555 die
1154 1512 1295 1568 prima
1329 1514 1524 1569 subrepti
1557 1517 1658 1557 sunt
1690 1515 1781 1558 vita
1810 1516 1916 1559 idem
1947 1514 1959 1573 Η

245 1601 289 1641 p.
318 1586 417 1640 117,
436 1586 463 1628 3
495 1585 601 1627 haec
736 1586 871 1628 vicem
904 1599 1027 1628 exser.
1060 1585 1163 1627 Isid.
1195 1599 1252 1627 or.
1283 1583 1388 1627 XIV
1415 1586 1454 1640 8,
1484 1586 1548 1628 18.

224 1710 227 1714 ⁴
369 1657 460 1699 Lib.
493 1655 588 1699 VII.
612 1671 657 1711 p.
693 1657 789 1712 129,
808 1656 865 1699 25
899 1661 1024 1696 ιΕΡοΝ
1051 1661 1122 1695 τΗι
1149 1661 1393 1697 ΑφΡοΔιτι-ιι
1428 1656 1473 1700 O.
1499 1657 1610 1700 Jahn
1644 1658 1793 1701 Philol.
1812 1658 1958 1701 XXVI

246 1744 289 1783 p.
317 1729 371 1771 13
395 1728 409 1784 ΙΙ
425 1743 469 1783 p.
494 1729 589 1783 134,
610 1728 637 1770 5
669 1728 865 1771 crustula
897 1731 1042 1771 autem
1074 1730 1118 1770 et
1143 1730 1287 1770 crusta
1312 1729 1566 1771 neutraliter
1592 1729 1772 1772 dicimus
1798 1729 1957 1772 Schuet—

253 1801 334 1843 lius
357 1801 370 1855 ΙΙ
395 1815 438 1854 p.
463 1800 557 1856 137,
577 1801 604 1843 2
632 1803 845 1842 semotum
873 1801 899 1842 i.
920 1815 948 1842 e.
969 1801 1196 1842 seiunctum
1221 1813 1346 1854 neque
1370 1815 1397 1842 a
1421 1801 1613 1855 reliyione
1638 1802 1776 1855 templi
1808 1805 1958 1843 tactum

254 1872 298 1915 O.
318 1871 434 1915 Jahn
453 1871 605 1914 Philet.
625 1871 816 1915 XXVIII
835 1887 878 1926 p.
903 1873 957 1914 10
981 1871 994 1927 ΙΙ
1009 1886 1054 1926 p.
1077 1872 1174 1926 141,
1195 1871 1220 1913 3
1253 1868 1428 1927 ἄγαλμα
1461 1873 1612 1915 matris
1645 1873 1768 1915 deum
1801 1872 1956 1916 Schoel-

253 1944 334 1987 lias
363 1944 377 1999 ΙΙ
405 1958 450 1997 p.
487 1943 580 1998 145,
609 1944 631 1985 7
667 1945 709 1985 et
739 1944 899 1986 lectum
932 1945 1015 1997 est]
1049 1946 1092 1986 et
1123 1943 1409 1986 masculinum
1443 1947 1509 1986 est
1539 1945 1631 1987 add.
1663 1945 1770 1987 idem
1800 1946 1848 1987 de
1878 1958 1956 1986 aee.

253 2016 276 2058 l.
310 2016 334 2057 t.
361 2030 403 2069 p.
437 2015 521 2057 153
551 2015 565 2069 ΙΙ
597 2029 638 2068 p.
674 2015 854 2070 147,ss
889 2030 990 2057 nam
1124 2029 1277 2071 rogare
1307 2016 1396 2058 sine
1426 2016 1574 2058 idonea
1603 2029 1728 2058 eausa
1759 2029 1786 2056 a
1816 2015 1957 2058 Servio

251 2087 486 2129 abiudicata
511 2100 592 2128 esse
614 2087 773 2128 monuit
791 2087 898 2129 idern
921 2087 934 2142 ss
955 2101 996 2141 p.
1018 2087 1115 2142 148,
1131 2087 1154 2129 7
1177 2089 1224 2129 ut
1243 2086 1459 2129 Homerus
1485 2082 1957 2141 βαθύπεπλοςἙλένηε

253 2158 355 2201 dicit
384 2159 560 2214 longam
593 2173 668 2212 per
694 2160 834 2200 vestes
866 2159 994 2201 idem:
1027 2158 1215 2201 Servium
1239 2162 1375 2201 antem
1399 2155 1675 2209 τανύπεπλος
1701 2173 1792 2201 enm
1816 2155 1957 2213 βαθύ-

251 2233 414 2279 nomos
445 2230 674 2283 confudisse
708 2229 723 2285 ΙΙ
757 2244 800 2284 p.
840 2230 936 2282 190,
974 2230 1026 2273 16
1059 2232 1201 2272 ortum
1239 2230 1472 2272 tumultum
1510 2230 1626 2272 inter
1658 2245 1731 2273 eos
1764 2245 1857 2273 esse
1889 2244 1956 2285 ⁶¹90

251 2302 510 2344 conieceram.

377 2373 462 2415 Lib.
496 2371 612 2415 VIII.
639 2387 681 2426 p.
713 2373 812 2428 202,
842 2374 892 2414 17
927 2388 952 2414 a
983 2373 1151 2429 coepio,
1183 2373 1294 2428 quod
1329 2376 1395 2416 est
1426 2373 1604 2429 incipio,
1646 2376 1822 2428 coeptus
1854 2373 1958 2415 facit

251 2444 476 2488 Sehoellins
499 2443 513 2498 ΙΙ
539 2458 583 2497 p.
609 2444 707 2497 202,
733 2445 786 2486 21
822 2444 997 2487 fortuna
1029 2445 1065 2487 si
1097 2447 1302 2500 sequatur
1331 2446 1438 2488 idem
1462 2445 1475 2500 ΙΙ
1492 2459 1536 2499 p.
1563 2445 1660 2500 209,
1689 2445 1743 2487 10
1775 2447 1818 2487 et
1850 2445 1954 2497 cito]

252 2531 350 2559 cum
381 2517 507 2558 nocte
541 2529 715 2557 somnus
746 2515 922 2570 reliquit
953 2517 1046 2558 add.
1078 2517 1197 2560 idem.
1229 2517 1366 2571 possis
1396 2520 1435 2559 et
1464 2519 1506 2558 et
1537 2517 1623 2559 cito
1656 2516 1867 2559 excitatur
1897 2516 1979 2565 vel,

253 2587 565 2643 expergiscitur
588 2586 602 2642 ΙΙ
620 2601 663 2640 p.
684 2587 783 2641 218,
805 2588 855 2628 11
890 2601 967 2629 nec
1001 2588 1113 2643 quod
1139 2603 1254 2631 esses
1281 2588 1435 2643 Arcas,
1466 2602 1545 2631 nec
1570 2587 1677 2630 illud
1703 2587 1816 2643 quod
1842 2587 1957 2643 Tyn-

253 2659 435 2712 darides,
460 2658 505 2700 id
531 2660 597 2700 est
617 2657 935 2713 Agamemnoni
961 2661 1004 2700 et
1023 2659 1219 2702 Menelao
1247 2650 1504 2716 cognatione
1531 2660 1782 2703 coniunctus
1802 2658 1957 2702 Schoel-

254 2732 336 2774 lius
366 2730 672 2784 eleyantissime.
719 2730 791 2771 sed
819 2729 1110 2773 dubitationem
1141 2735 1300 2774 movent
1327 2741 1438 2786 qnae
1463 2731 1631 2775 Servius
1663 2733 1749 2786 ipse
1773 2730 1878 2774 VIII
1899 2731 1953 2773 51

253 2803 301 2845 de
319 2801 517 2844 Euandri
536 2814 679 2855 ,qenere
703 2800 819 2843 dixit.
859 2815 936 2843 nec
964 2801 1078 2856 quod
1104 2816 1219 2844 esses
1246 2803 1381 2845 Arcas
1408 2805 1467 2859 et,
1493 2805 1541 2845 ut
1565 2803 1666 2845 illuc
1690 2803 1771 2845 hoc
1796 2803 1956 2857 tendat,

255 2873 439 2930 geminis
460 2871 640 2926 Atridis,
664 2870 708 2912 id
734 2873 800 2913 est
818 2871 870 2915 A.
897 2874 940 2914 et
958 2872 1016 2915 M.
1037 2888 1071 2915 c.
1091 2887 1124 2914 c.
1144 2874 1247 2916 mihi
1271 2875 1317 2916 in
1339 2878 1510 2917 mentem
1530 2876 1648 2917 venit.
1677 2877 1723 2916 ut
1747 2874 1849 2917 illuc
1875 2875 1956 2917 hoc

254 2944 406 2987 tendat
425 2934 597 2987 *Servius
628 2943 846 2986 inseruisse
875 2943 1044 2998 videtur,
1075 2947 1122 2985 nt
1144 2957 1260 2986 versu
1284 2945 1367 2987 130
1399 2944 1595 2999 ‘quodque
1620 2946 1671 2987 ab
1695 2946 1820 2998 stirpe
1848 2946 1958 2998 fores

250 3016 426 3072 yeminis
451 3016 689 3058 coniunctus
714 3013 899 3057 Atridis'
931 3015 1038 3057 idem
1067 3015 1298 3069 siynifieari
1322 3017 1557 3071 ostenderet,
1588 3017 1696 3070 qnod
1726 3015 1778 3057 ‘et
1800 3014 1956 3058 Areas'

254 3087 394 3142 verbis,
413 3087 563 3130 scilieet
581 3085 786 3128 Graecum
804 3087 971 3129 natione
988 3099 1070 3129 esse
1087 3086 1340 3128 Euandrum
1364 3086 1377 3140 ΙΙ
1393 3102 1437 3141 p.
1460 3088 1557 3142 225,
1572 3088 1625 3129 21
1649 3090 1686 3128 et
1704 3087 1761 3128 24
1783 3088 1857 3128 aut
1875 3099 1955 3128 ser-

254 3160 347 3202 vari
364 3159 453 3202 vnlt
469 3157 714 3201 Schoellins:
733 3172 834 3200 nam
854 3158 1086 3200 secundum
1108 3190 1117 3199 .
1131 3190 1140 3200 .
1155 3190 1164 3199 .
1184 3157 1358 3199 fuerunt
1377 3171 1531 3211 qnoque
1548 3158 1666 3199 verba
1685 3171 1728 3199 eo
1742 3157 1955 3212 pertinere,

255 3234 302 3274 nt
331 3230 560 3285 ‘perpetuas
590 3228 673 3273 bos'
704 3230 777 3284 qni
805 3230 861 3272 sit
889 3230 1178 3284 intelleyendns
1208 3229 1435 3284 explicetur.
1479 3230 1529 3282 esi
1560 3228 1614 3271 Il.
1642 3227 1727 3270 VII
1753 3228 1836 3270 321
1871 3225 1956 3271 νώ-
