2092 3614
587 275 738 312 COMM.
765 276 818 311 IN
843 274 987 311 VERG.
1014 273 1124 309 AEN.
1151 271 1221 308 XII
1243 275 1443 308 801-830.
1783 269 1869 311 643

157 389 248 431 tela
279 387 505 430 contorsit.
548 387 630 440 ipsi
661 385 971 428 adscribendum
1002 397 1092 438 eryo
1119 378 1384 425 ‘contenderet
1407 379 1578 423 arcum'.
1622 379 1700 422 alii
1725 378 1869 421 eosten-

158 459 303 515 deret',
334 460 381 502 id
414 461 473 501 est
507 459 725 501 adiuvaret
759 458 982 500 tendentem
1018 457 1064 498 in
1095 455 1267 498 Aenean
1305 453 1450 496 telum:
1487 466 1571 495 non
1601 452 1711 495 enini
1741 454 1872 494 certus

159 534 302 574 auctor
331 530 512 573 vulneris
539 530 690 583 fuerat.

280 602 379 645 816.
427 613 604 644 ADIVRo
648 611 801 644 srmn
845 611 995 642 OAPVT
1042 609 1352 641 [NPLACABILE
1398 607 1566 639 Fon'rls
1610 610 1688 651 pro
1733 594 1872 650 eiuro’,

159 689 259 717 nam
297 673 516 729 prothesis
557 675 635 716 est.
697 672 873 727 quidam
910 674 1056 713 tamen
1093 669 1245 712 volunt
1284 668 1409 711 ‘iuro'
1447 671 1551 711 tunc
1589 667 1672 709 dici
1706 667 1872 720 debere,
1900 674 1920 704 5

161 760 257 788 cum
295 745 602 788 confirmamus
643 743 803 799 aliquid
841 744 916 785 aut
953 741 1266 798 promittimus,
1304 743 1353 782 ut
1385 739 1495 782 ‘iuro
1529 754 1595 781 me
1627 737 1874 793 facturum',

141 815 346 859 ‘adiuro'
379 831 501 872 vero,
536 830 630 859 cum
663 829 887 871 negamus,
917 816 972 857 ut.
999 813 1166 855 ‘adiuro
1198 826 1266 854 me
1297 826 1385 854 non
1416 811 1574 867 posse’,
1607 810 1773 853 eadiuro
1805 824 1873 852 me

157 902 247 931 non
277 886 466 931 fecissc':
505 886 731 930 Terentius
766 886 990 940 adiurat,
1029 899 1079 927 se
1111 899 1212 927 non
1243 897 1392 939 posse
1426 882 1556 938 apud
1587 897 1695 937 vos,
1732 881 1874 923 Pam—

158 959 305 1015 philo
339 960 578 1015 absente,
608 958 899 1014 perdurare.
943 959 1091 1013 potest
1115 959 1261 998 tamen
1289 958 1333 997 et
1359 953 1443 996 ‘ad’
1470 954 1593 997 valde
1620 953 1874 1009 significare,

158 1035 206 1073 ut
243 1032 300 1074 sit
335 1030 513 1074 ‘adiuro'
554 1031 671 1073 valde
707 1032 812 1073 iuro.
874 1027 1149 1083 ‘inplacabile’
1188 1030 1325 1070 autem
1348 1026 1662 1079 periurantibus
1691 1025 1875 1079 inplaea—
1904 1033 1947 1064 10

160 1102 249 1145 bile.
310 1105 348 1145 et
389 1102 483 1144 bene
526 1102 734 1156 respondit
775 1101 832 1144 ad
872 1101 981 1143 illud
1021 1100 1130 1154 quod
1145 1147 1149 1151 ,
1166 1099 1355 1153 Ιιηῑῃοὶίθν
1397 1099 1610 1140 iuraverat
1643 1097 1877 1155 in‚deeimo

163 1173 328 1229 <113>,
359 1187 410 1216 ne
439 1174 532 1228 quis
561 1174 729 1216 deorum
762 1173 959 1215 Troianis
988 1172 1050 1214 vel
1081 1171 1253 1213 Rutulis
1280 1171 1409 1224 ferret
1437 1170 1656 1212 auxilium.

281 1245 380 1288 817.
431 1257 527 1288 VNA
567 1256 865 1288 SVPERSTITIO
910 1245 955 1286 id
997 1247 1057 1286 est
1096 1241 1225 1286 ‘sola'
1263 1242 1324 1285 vel
1362 1240 1581 1296 ‘summa’,
1624 1244 1670 1283 ut
1708 1239 1755 1294 <1
1792 1239 1876 1294 15>

164 1331 314 1360 unam
342 1317 636 1372 posthabita
673 1317 894 1360 coluisse.
952 1314 1213 1371 esuperstitio'
1245 1318 1382 1357 autem
1419 1313 1592 1369 religio,
1630 1314 1789 1367 metus,
1827 1326 1877 1353 eo

162 1389 277 1445 quod.
310 1391 529 1445 superstet
560 1389 694 1444 capiti
727 1389 867 1432 omnis
899 1388 1066 1444 religio.
1188 1398 1401 1429 REDDITA
1430 1385 1503 1428 hoe
1533 1388 1591 1428 est
1622 1384 1742 1426 data:
1774 1398 1876 1425 nam
1907 1393 1949 1424 15

163 1459 382 1515 prothesis
414 1463 492 1503 est.

282 1532 380 1575 818.
430 1548 553 1575 exosa
587 1549 729 1581 nmmo
738 1549 782 1575 νο
819 1530 993 1574 ‘exosus'
1032 1534 1070 1573 et
1106 1529 1300 1584 ‘perosus'
1333 1531 1381 1573 de
1410 1543 1454 1572 eo
1487 1532 1648 1572 tantum
1679 1528 1752 1582 qui
1783 1527 1879 1582 odit,

163 1605 327 1646 dicitur.

283 1675 381 1718 819.
431 1687 589 1718 NVLLA
620 1687 730 1718 FATI
763 1686 890 1726 QVOD
917 1687 1037 1718 LEGE
1065 1686 1286 1717 TENETVR
1319 1675 1426 1716 bene
1454 1672 1584 1716 ‘fati'z
1617 1687 1718 1715 nam
1744 1671 1879 1714 victo-

162 1747 252 1790 riae
284 1747 354 1789 lex
386 1749 464 1802 est,
495 1749 545 1789 ut
575 1746 678 1789 victi
710 1746 865 1789 cedant
896 1747 940 1788 in
972 1746 1170 1790 habitum
1201 1760 1446 1802 nomenque
1478 1745 1708 1787 victorum.
1906 1753 1952 1784 20

283 1819 381 1862 820.
432 1830 524 1861 PRO
562 1830 828 1861 MAIESTATE
869 1830 1062 1861 TVORVM
1104 1818 1297 1873 respexit
1335 1817 1388 1860 ad
1428 1816 1679 1868 Saturnum,
1725 1815 1799 1871 qui
1837 1815 1882 1856 in
1968 1806 1971 1809 ’

163 1890 294 1932 Italia
325 1890 556 1945 aliquando
587 1893 861 1946 regnaverat:
893 1890 991 1932 inde
1025 1890 1087 1932 ait
1112 1888 1331 1932 ‘tuorum'.
1374 1904 1476 1932 nam
1504 1892 1547 1931 et
1572 1888 1752 1931 Latinus
1780 1887 1878 1929 inde

168 1962 379 2017 originem
418 1961 552 2017 ducit,
590 1964 639 2003 ut
671 1961 787 2016 <VII
818 1962 905 2017 48>
937 1961 1110 2004 Fauno
1142 1961 1293 2003 Picus
1325 1963 1493 2016 pater,
1532 1960 1669 2015 isque
1702 1973 1883 2015 paren-

165 2036 266 2076 tem
297 2035 366 2089 te,
399 2031 638 2089 Saturne,
669 2033 850 2088 refert,
881 2036 935 2075 tu
968 2033 1240 2089 sanguinis
1274 2033 1489 2075 ultimus
1523 2035 1714 2074 auctor.

287 2105 388 2147 821.
438 2116 557 2148 ESTO
591 2116 876 2148 COMPONENT
910 2105 1137 2160 consentit,
1170 2104 1244 2147 sed
1276 2103 1426 2146 invita.
1647 2101 1650 2105 “
1909 2113 1954 2144 25

287 2177 384 2219 827.
437 2188 505 2219 sn*
531 2188 725 2219 ROMANA
751 2188 932 2219 Pornns
959 2188 1099 2219 ITALA
1125 2188 1329 2219 vmrv'rn
1356 2187 1576 2219 PROPAGO
1604 2176 1687 2218 hoc
1713 2175 1882 2217 videtur

173 2249 331 2292 dicere:
371 2249 408 2291 si
438 2248 632 2290 fataliter
663 2248 848 2291 inminet
879 2251 928 2290 ut
960 2263 985 2290 a
1016 2248 1217 2290 Troianis
1250 2248 1374 2303 origo
1407 2247 1607 2290 Romana
1639 2246 1884 2301 descendat,

166 2319 345 2362 Troiani
383 2319 594 2362 Italorum
633 2334 794 2362 nomen
837 2319 1071 2375 accipiant,
1115 2322 1163 2361 ut
1203 2319 1388 2362 Romani
1431 2319 1481 2360 de
1519 2318 1660 2370 Italis,
1705 2333 1794 2360 non
1833 2318 1883 2359 de

169 2390 372 2433 Troianis
404 2391 630 2434 videantur
661 2405 754 2434 esse
786 2391 1016 2447 progeniti.

287 2463 385 2505 830.
434 2474 489 2506 Es
522 2474 744 2505 GERMANA
776 2474 900 2506 10V1s
934 2474 1226 2514 SATVRNIQVE
1254 2473 1442 2504 ALTERA
1469 2472 1645 2504 PROLES
1677 2461 1796 2504 locus
1830 2461 1881 2503 de
1908 2471 1953 2502 30

171 2534 380 2591 obscuris,
412 2534 463 2577 de
496 2549 579 2590 quo
613 2534 787 2590 quidam
816 2535 899 2577 hoc
926 2535 1137 2594 sentiunt:
1169 2534 1283 2590 petis
1309 2548 1446 2590 paene
1472 2533 1659 2590 inlicita,
1685 2534 1757 2575 sed
1786 2548 1885 2576 con-

169 2606 355 2648 cedenda
388 2608 500 2661 sunt,
532 2607 732 2662 quoniam
770 2621 892 2649 soror
924 2605 1041 2649 Iovis
1074 2621 1131 2661 es,
1163 2605 1206 2647 id
1239 2607 1305 2647 est
1338 2604 1513 2648 Saturni
1545 2606 1646 2647 filia.
1699 2606 1812 2660 quod
1847 2606 1883 2647 si

263 2726 286 2757 4
311 2734 378 2768 pro
404 2722 486 2757 iuro
514 2733 543 2759 e.
572 2734 606 2768 q.
632 2723 679 2769 s.]
706 2722 754 2758 cf.
780 2724 885 2759 Luct.
913 2723 1013 2758 Plac.
1039 2723 1087 2758 ad
1115 2723 1207 2758 Stat.
1235 2722 1350 2758 Theb.
1378 2721 1445 2757 VII
1474 2726 1540 2756 130
1572 2723 1583 2767 ΙΙ
1623 2725 1644 2755 8
1672 2721 1885 2767 Terentius]

169 2771 258 2806 Hec.
286 2770 320 2804 ΙΙ
346 2774 379 2815 2,
406 2774 463 2806 26.
502 2771 548 2805 cf.
574 2769 667 2806 Don.
694 2771 742 2805 ad.
768 2771 804 2806 h.
830 2782 864 2808 v.

268 2882 286 2912 1
314 2879 363 2913 ad
391 2890 457 2912 non
481 2890 515 2913 v.
542 2890 573 2914 c„
598 2890 631 2912 A.
657 2889 685 2913 s.
711 2889 743 2913 v.
769 2878 809 2913 id
834 2879 892 2913 est
915 2889 990 2914 non
1016 2877 1164 2914 iuuaret
1193 2878 1409 2913 tendentem
1439 2876 1477 2911 in
1503 2886 1658 2912 aeneam
1684 2875 1803 2912 telum
1828 2876 1884 2911 in—

171 2926 293 2961 certus
320 2924 421 2960 enim
438 2936 462 2960 ³1<
484 2924 517 2959 T
534 2926 546 2971 ΙΙ
566 2927 586 2959 5
612 2925 818 2970 prosthesis
838 2924 879 2960 F
894 2927 906 2972 ΙΙ
924 2927 1004 2961 tum
1024 2926 1061 2961 R
1078 2928 1091 2971 ΙΙ
1110 2929 1131 2961 8
1158 2927 1249 2972 aput
1267 2925 1303 2959 A
1322 2926 1333 2971 ΙΙ
1356 2928 1399 2959 10
1426 2923 1704 2968 periurantibus
1725 2925 1883 2960 Daniel:

170 2973 461 3019 perrimantibus
487 2972 527 3007 F
543 2974 554 3019 ΙΙ
577 2976 616 3007 11
644 2973 683 3007 in
708 2973 854 3009 decimo
880 2984 926 3007 ne
954 2973 1108 3009 Daniel:
1134 2974 1171 3009 in
1198 2973 1369 3008 decimon
1390 2972 1430 3006 F
1446 2973 1457 3018 ΙΙ
1479 2976 1521 3007 12
1549 2973 1631 3017 quis
1658 2972 1881 3008 Masvicius:

171 3020 236 3065 qui
260 3021 300 3055 F
328 3022 340 3067 ΙΙ
381 3024 422 3055 13
449 3031 544 3056 vAnA
570 3020 605 3055 R
637 3021 648 3066 ΙΙ
679 3021 728 3056 ad
752 3032 824 3056 vim
850 3032 877 3055 s,
903 3031 930 3055 s.
957 3031 987 3056 v.
1014 3021 1077 3057 uel
1102 3022 1182 3057 sola
1208 3019 1505 3056 subaudiendum
1530 3020 1593 3055 uel
1618 3031 1763 3055 summa
1788 3020 1882 3056 acci-

172 3067 350 3113 piendum
378 3068 411 3103 T
428 3069 440 3114 11
466 3067 505 3102 id
531 3070 588 3103 est
612 3067 767 3103 Daniel:
795 3068 902 3103 deest
927 3067 967 3103 F
982 3070 994 3115 u
1026 3072 1067 3104 15
1094 3069 1214 3104 omnis
1238 3066 1374 3113 religio
1400 3078 1467 3102 om.
1494 3067 1534 3102 F
1550 3069 1562 3113 Η
1587 3067 1737 3113 religio]
1764 3069 1802 3102 et
1828 3068 1886 3102 est

171 3114 315 3150 homeri
340 3116 443 3151 locus
470 3116 537 3161 (Il.
564 3115 631 3150 XV
659 3118 718 3159 37)
752 3115 816 3150 καὶ
842 3113 883 3150 τὸ
912 3115 1183 3164 κατειβόμενον
1212 3143 1218 3150 .
1242 3144 1248 3151 .
1272 3143 1278 3150 .
1306 3113 1514 3160 μακάρεσσι
1544 3117 1670 3150 θεοῖσι
1697 3116 1782 3150 add.
1810 3115 1849 3149 D
1874 3115 1883 3160 ᾧ

174 3166 218 3198 16
244 3163 452 3208 prosthesis
478 3163 518 3198 F
534 3164 545 3209 ΙΙ
567 3167 609 3198 17
637 3174 771 3198 exustis
793 3162 833 3197 F
847 3164 860 3208 ss
879 3166 924 3198 20
950 3163 1057 3210 victi]
1083 3164 1246 3199 uictores
1268 3162 1308 3198 F
1324 3164 1335 3209 ΙΙ
1353 3162 1576 3207 nomineque
1596 3162 1633 3197 R
1652 3164 1663 3209 ΙΙ
1682 3163 1883 3208 victorum]

172 3211 214 3245 in
238 3211 306 3246 hac
329 3221 412 3246 voce
436 3211 570 3246 desinit
595 3210 846 3246 Floriacensis
871 3211 983 3246 codex
1007 3213 1019 3258 ΙΙ
1050 3215 1093 3246 27
1121 3212 1286 3246 humana
1311 3210 1403 3246 RH
1422 3211 1592 3255 (romana
1615 3213 1649 3255 r)
1676 3212 1687 3256 n
1719 3213 1763 3245 28
1790 3209 1884 3245 acci-

176 3256 298 3304 piant]
324 3269 390 3295 om.
405 3257 507 3302 RH,
533 3258 575 3293 ut
600 3258 788 3304 accipiant
810 3259 858 3293 M
883 3258 1085 3294 sortiantur
1102 3270 1130 3294 s.
1150 3270 1182 3294 v.
1202 3270 1223 3294 r
1241 3259 1252 3304 ΙΙ
1272 3262 1316 3293 29
1342 3258 1539 3294 videantur
1558 3269 1624 3293 om.
1640 3257 1713 3293 AS
1733 3258 1831 3304 (add.
1848 3258 1885 3301 a)

247 3323 348 3350 Servii
366 3331 471 3350 comm.
491 3325 558 3351 Vol.
578 3325 619 3351 ΙΙ.
639 3326 727 3351 Fasc.
748 3325 789 3350 ΙΙ.
1554 3322 1598 3352 42
