2124 3600
522 258 674 296 COMM.
700 258 752 294 IN
780 258 920 296 VERG.
947 260 1061 297 AEN.
1089 260 1139 296 VI
1166 266 1364 300 604—612.
1575 304 1579 309 ,
1744 262 1800 306 85

92 367 271 411 Atreum
319 371 362 411 et
405 368 641 423 Thyesten,
686 368 891 412 Eteoclen
936 371 980 411 et
1023 369 1258 425 Polynicen
1303 373 1547 428 siguificare
1591 373 1799 417 videatur.

90 440 198 482 bene
236 442 381 482 autem
419 440 598 483 dicendo
638 439 806 482 ‘invisi’
844 454 920 495 per
957 440 1001 483 id
1040 442 1154 497 quod
1198 442 1288 484 leve
1332 446 1416 498 est,
1461 445 1593 487 etiam
1634 445 1799 489 maiora

88 513 319 567 conplexus
353 515 431 555 est.
1685 525 1687 529 ⁴

207 584 304 626 609.
354 595 653 627 PVLSATVSVE
678 595 858 626 PARENS
892 584 996 626 item
1028 584 1141 640 quod
1172 585 1309 627 levius
1341 588 1408 628 est
1440 586 1550 628 dixit
1575 588 1798 641 parricidii

88 655 423 711 comparatione.
473 670 702 710 possumus
739 658 884 697 autem
911 655 1123 710 Oedipum
1157 657 1367 712 accipere,
1400 658 1682 701 extinctorem
1707 659 1796 702 Lai.

146 738 238 768 Av'r
264 739 411 788 Fsspvs
438 738 612 768 INNEXA
639 738 831 769 CLIENTI
864 741 915 769 ex
946 727 1040 783 lege
1065 727 1152 770 XII
1179 729 1430 771 tabularum
1462 731 1599 786 venit,
1630 731 1674 772 in
1706 732 1796 786 qui-

87 798 166 840 bus
200 799 405 853 scriptum
444 800 510 839 est
546 800 813 852 patronus
836 797 878 839 si
917 798 1103 841 clienti
1140 799 1373 842 fraudem
1410 800 1614 853 fecerit,
1653 816 1796 845 sacer

86 871 214 911 esto:
263 869 299 911 si
344 869 458 911 enim
497 869 674 911 clientes
714 869 837 924 quasi
875 869 1062 912 colentes
1105 873 1223 926 sunt,
1266 872 1438 926 patroni
1478 873 1601 927 quasi
1638 876 1797 929 patres,

84 940 340 982 tantundem
373 942 440 982 est
471 940 690 995 clientem,
723 945 930 995 quantum
961 941 1099 982 filium
1131 941 1294 984 fallere.
1357 946 1400 985 et
1431 943 1512 986 hoc
1543 958 1670 999 posse
1702 945 1796 986 fieri

85 1026 134 1054 ex
167 1011 339 1054 Horatii
371 1011 496 1053 dictis
530 1011 840 1067 intellegimus,
872 1012 946 1067 qui
978 1027 1075 1054 cum
1107 1013 1356 1069 loqueretur
1389 1015 1440 1057 de
1472 1015 1613 1057 avaris
1644 1019 1795 1070 poten-

83 1084 219 1138 tibus,
260 1084 321 1124 ait
360 1083 410 1125 de
450 1082 588 1125 vicino
627 1082 782 1124 cliente
823 1083 1042 1138 pellitur
1082 1087 1332 1139 paternos
1374 1087 1426 1128 in
1468 1086 1581 1128 sinu
1623 1087 1793 1130 ferens

84 1155 214 1197 deos.
260 1154 439 1197 Vrbano
471 1156 618 1196 tamen
643 1154 724 1196 hoc
751 1154 948 1209 displicet
974 1158 1016 1197 et
1042 1156 1146 1198 dicit
1171 1172 1315 1198 rarum
1342 1172 1436 1199 esse
1462 1157 1544 1199 hoc
1570 1159 1793 1214 magisque

83 1226 364 1278 contrarium,
398 1240 494 1268 cum
526 1226 668 1281 magis
700 1227 909 1281 patronos
942 1226 1161 1282 decipiant
1190 1228 1440 1284 frequenter
1465 1229 1654 1272 clientes.
1700 1231 1793 1273 vult

85 1300 230 1340 autem
270 1297 467 1353 intellegi
506 1295 896 1352 praevaricatores,
941 1298 1014 1353 qui
1050 1299 1224 1353 patroni
1263 1302 1364 1342 sunt
1401 1300 1640 1356 clientium,
1683 1317 1791 1357 quos

81 1383 196 1411 nunc
228 1370 451 1423 susceptos
484 1382 701 1411 vocamus.

200 1441 299 1482 611.
348 1451 437 1482 NEC
477 1452 665 1482 PARTEM
706 1451 916 1483 POSVERE
955 1453 1054 1484 svls
1098 1442 1206 1484 bene
1249 1441 1414 1484 addidit
1452 1442 1598 1499 ‘suis’‚
1640 1443 1684 1486 id
1726 1448 1792 1487 est

81 1511 294 1566 cognatis,
335 1511 559 1554 adfinibus.
620 1511 726 1554 hacc
764 1512 879 1554 enim
910 1512 1051 1555 fuerat
1082 1513 1197 1569 apud
1228 1513 1413 1556 maiores
1446 1514 1635 1557 donandi
1666 1516 1791 1571 ratio,

79 1597 168 1625 non
197 1582 377 1638 profusa
408 1583 590 1638 passim:
625 1598 726 1625 nam
758 1583 841 1626 hoc
873 1586 940 1625 est
970 1584 1080 1626 velle
1111 1584 1299 1627 inaniter
1329 1585 1519 1640 perdere.
1580 1586 1691 1629 unde
1723 1585 1788 1630 Oi-

81 1669 178 1696 cero
225 1654 286 1696 ait
329 1654 373 1696 in
417 1654 540 1696 libris
585 1654 731 1709 legum
773 1654 863 1709 (II,
899 1655 971 1710 16,
1001 1654 1089 1709 40>
1134 1655 1320 1710 stipem
1364 1656 1630 1710 prohibeo:
1676 1673 1788 1700 nam

80 1727 236 1780 auget
274 1725 706 1780 superstitionem
747 1729 795 1767 et
834 1725 1074 1768 exhaurit
1111 1726 1299 1769 domos.
1362 1727 1504 1784 dignis
1541 1728 1675 1785 igitur
1706 1729 1786 1771 lar-

79 1796 281 1852 giendum
321 1798 403 1850 est,
447 1796 558 1838 unde
597 1796 806 1839 Horatius
846 1812 933 1840 cur
974 1800 1090 1854 eget
1127 1798 1372 1854 indignus
1412 1799 1698 1855 quisquam,
1738 1803 1787 1843 te

79 1867 272 1909 divite?
306 1867 345 1908 id
379 1870 445 1909 est
477 1867 680 1923 indignus
713 1870 980 1923 paupertate.

198 1939 296 1980 612.
347 1950 406 1981 OB
444 1950 749 1981 ADVLTERIVM
789 1949 922 1981 CAESI
962 1939 997 1981 si
1032 1938 1217 1995 eoccisi'‚
1256 1940 1519 1996 Aegisthum
1557 1942 1787 1998 significat,

78 2009 293 2064 Thyestae
321 2009 477 2051 filium:
511 2010 547 2051 si
574 2024 618 2050 re
646 2023 747 2051 vera
773 2007 929 2062 ‘caesi’‚
963 2007 1235 2065 Sallustium,
1266 2026 1392 2066 quem
1420 2011 1524 2054 Milo
1551 2013 1785 2067 deprehen-

1822 1023 1865 1055 10

1818 1379 1862 1411 15

1814 1737 1860 1768 20

78 2095 172 2122 sum
215 2081 293 2122 sub
336 2080 448 2122 servi
491 2080 645 2122 habitu
688 2079 928 2121 verberavit
972 2080 1017 2122 in
1059 2080 1271 2123 adulterio
1317 2097 1419 2124 suae
1462 2084 1627 2139 uxoris,
1670 2084 1784 2126 filiae
1809 2092 1855 2123 25

77 2149 234 2194 Sullae.
326 2163 502 2203 QVIQVE
536 2163 664 2193 ARMA
698 2162 863 2193 sncvcm
894 2163 1026 2193 IMPIA
1057 2163 1147 2194 NEC
1178 2164 1337 2195 VERITI
1363 2165 1647 2197 DOMINORVM
1677 2167 1784 2197 FAL-

171 2273 191 2304 7
216 2267 398 2304 Patronus
419 2296 426 2302 .
444 2297 451 2304 .
469 2296 476 2303 .
497 2268 594 2314 esto]
620 2268 697 2303 tab.
718 2267 805 2302 VIII
825 2272 867 2303 21
896 2279 953 2313 ap.
976 2267 1135 2304 Schoell.
1156 2281 1191 2315 p.
1215 2273 1281 2305 149
1300 2271 1312 2316 ΙΙ
1337 2273 1358 2305 8
1385 2270 1416 2305 si
1437 2270 1540 2306 >enim
1562 2300 1568 2307 .
1586 2300 1592 2306 .
1610 2300 1616 2306 .
1638 2272 1781 2318 patres]

76 2315 120 2351 cf.
147 2315 234 2352 Isid.
262 2326 313 2352 or.
340 2316 373 2351 X
399 2319 443 2351 53
471 2316 509 2351 et
533 2319 602 2351 205
634 2316 646 2360 ΙΙ
687 2319 729 2351 10
753 2315 916 2361 Horatii]
950 2327 1059 2351 carm.
1088 2317 1121 2351 11
1150 2320 1203 2360 18,
1229 2321 1274 2353 26
1306 2320 1318 2363 ΙΙ
1355 2321 1397 2353 21
1426 2317 1619 2365 Horatius]
1654 2320 1722 2354 sat.
1748 2319 1782 2354 Il

75 2367 108 2407 2,
137 2366 203 2398 103
233 2364 244 2409 ΙΙ
275 2367 321 2398 24
348 2363 378 2397 si
403 2374 442 2398 re
468 2374 557 2398 vera
583 2391 590 2398 .
613 2392 620 2399 .
642 2390 649 2397 .
678 2362 822 2409 Sullae]
849 2364 893 2398 cf.
922 2363 1016 2400 Gell.
1043 2363 1146 2399 XVII
1174 2368 1216 2400 18

173 2474 189 2503 1
219 2470 302 2504 atra
327 2481 411 2505 eum
439 2469 554 2515 01161,
578 2468 706 2505 eoclen
724 2469 761 2504 A
799 2470 1008 2505 aetheoden
1035 2470 1069 2505 R
1108 2471 1225 2507 eoden
1249 2472 1296 2507 H
1328 2473 1548 2509 aetheoclen
1570 2474 1619 2508 M
1635 2474 1647 2519 ΙΙ
1667 2473 1780 2519 signi-

74 2517 177 2552 ficari
203 2516 244 2551 F
258 2518 271 2562 ΙΙ
296 2520 317 2552 5
343 2517 594 2552 comoratione
621 2516 662 2551 F
676 2518 688 2562 ΙΙ
707 2518 832 2552 autem
857 2528 922 2552 om.
949 2517 986 2553 R
1005 2519 1016 2563 ΙΙ
1036 2518 1236 2564 oedippum
1262 2519 1388 2556 HFC
1402 2521 1414 2566 ΙΙ
1434 2520 1681 2556 extinctorum
1708 2521 1748 2556 F
1769 2522 1781 2567 Η

75 2563 319 2599 extinctorem
343 2564 413 2599 lati
437 2564 474 2599 R
511 2563 756 2600 extinctorem
780 2564 850 2599 lait
875 2564 904 2600 S
941 2565 1185 2601 extinctorem
1210 2567 1285 2602 late
1308 2568 1353 2602 H
1387 2567 1439 2603 lai
1466 2568 1711 2604 extinctorem
1733 2569 1783 2604 M

75 2610 143 2646 Lai
168 2622 235 2647 om.
254 2611 396 2647 AFOs
414 2613 426 2657 ΙΙ
445 2616 466 2647 6
491 2624 598 2646 mnxx
625 2611 664 2646 F
681 2612 692 2658 ΙΙ
712 2622 756 2646 ex
782 2611 884 2659 lege]
911 2611 977 2648 alii
1003 2623 1047 2647 ex
1071 2613 1155 2656 lege
1182 2614 1259 2649 FO
1274 2616 1285 2660 ΙΙ
1306 2619 1325 2650 ’1
1351 2615 1382 2649 si
1407 2625 1472 2651 om.
1496 2616 1536 2659 S,
1560 2627 1662 2661 supr.
1688 2627 1776 2652 vers,

75 2659 159 2694 add.
186 2659 273 2704 3118
299 2658 351 2693 sic
378 2658 477 2694 enim
503 2658 580 2694 FC
594 2660 606 2704 ΙΙ
626 2662 646 2694 9
671 2658 864 2694 tantadem
894 2659 925 2695 G
939 2661 950 2705 ΙΙ
970 2659 1124 2695 ilentem
1150 2661 1181 2696 Ο
1197 2663 1208 2707 ΙΙ
1240 2667 1280 2697 11
1309 2662 1444 2698 cliente
1472 2687 1480 2697 .
1502 2692 1509 2699 .
1532 2691 1538 2698 .
1565 2662 1779 2707 frequenter

74 2716 139 2742 mn.
168 2706 207 2740 F
222 2707 234 2751 ΙΙ
258 2708 435 2751 patronos
463 2707 512 2741 M
535 2707 724 2751 (paternos
749 2707 798 2752 m)
823 2707 836 2751 ΙΙ
865 2710 908 2742 17
936 2708 1106 2753 cognatis
1133 2709 1171 2743 et
1196 2709 1368 2744 affinibus
1398 2710 1447 2744 M
1467 2710 1480 2754 ΙΙ
1510 2714 1553 2746 18
1579 2709 1681 2756 passi
1706 2710 1747 2745 F
1768 2712 1779 2756 g}

73 2752 170 2789 velle
197 2764 262 2788 om.
293 2754 348 2788 M.
392 2754 547 2797 fortasse
577 2754 673 2788 velle
698 2765 776 2789 rem
802 2753 965 2789 inaniter
989 2755 1142 2800 perdere
1173 2758 1185 2801 ΙΙ
1222 2760 1268 2792 20
1293 2757 1400 2802 augit
1424 2756 1502 2792 FO
1525 2759 1538 2803 ΙΙ
1568 2757 1714 2793 exaurit
1738 2759 1784 2793 H

75 2800 220 2836 exausit
240 2800 286 2836 F.
326 2800 461 2846 stipem
487 2800 701 2835 sustulimus
727 2801 798 2836 nisi
825 2802 925 2845 eam,
951 2813 1064 2846 quam
1089 2803 1138 2838 ad
1163 2815 1299 2849 paucos
1326 2804 1404 2839 dies
1430 2805 1619 2850 propriam
1645 2805 1778 2841 Idaeae

74 2847 204 2883 Matris
231 2848 459 2893 excepimus;
486 2847 620 2893 implet
645 2848 742 2883 enim
768 2848 1029 2893 superstitione
1056 2850 1200 2886 animos
1222 2853 1260 2886 et
1279 2852 1452 2887 exhaurit
1471 2852 1603 2887 domus
1624 2851 1748 2888 Cicero
1768 2854 1776 2898 g]

74 2898 118 2930 21
145 2895 242 2930 unde
273 2894 442 2930 horatius
467 2894 598 2930 ASR:
630 2895 727 2930 unde
758 2896 899 2940 persius
928 2897 975 2931 M
983 2897 1059 2933 FC
1092 2899 1191 2933 unde
1222 2899 1318 2934 alius
1350 2899 1490 2935 oratius
1522 2899 1622 2945 pfilis
1649 2900 1693 2934 H
1722 2901 1778 2946 (in

74 2952 112 2977 eo
137 2942 229 2978 libro
255 2954 298 2978 ew
324 2953 393 2988 quo
421 2945 460 2977 H
482 2943 683 2987 descriptus
708 2947 758 2978 est
783 2944 832 2978 ad
863 2943 1031 2979 horatius
1062 2945 1148 2981 haee
1180 2947 1367 2992 adscripta
1399 2950 1504 2982 erant
1528 2949 1578 2982 ai.
1604 2946 1774 2992 persius).

73 2989 227 3032 fortasse
251 3001 342 3035 quae
368 2990 522 3025 Horatii
546 2993 633 3025 sunt
658 2989 806 3025 Servius
832 3002 900 3035 per
930 3002 1085 3027 errorem
1114 2993 1240 3029 Persio
1266 2994 1455 3030 tribuerat.
1492 2995 1504 3039 ΙΙ
1542 2998 1586 3030 23
1613 2994 1775 3030 occisum

75 3035 147 3072 AS
170 3036 297 3080 (occisi
316 3039 355 3082 a)
381 3037 494 3072 occisi
520 3037 590 3072 sim
610 3037 654 3071 H
667 3038 679 3082 ΙΙ
698 3037 881 3082 aegistum
902 3039 1014 3074 ASO
1048 3042 1254 3084 megestum
1275 3040 1311 3075 R
1348 3042 1517 3086 egestum
1536 3041 1582 3076 H
1614 3041 1774 3086 egistum

78 3083 125 3118 M
163 3084 347 3129 aegissam
372 3084 413 3119 F
435 3086 447 3129 l]
478 3088 523 3119 24
548 3082 708 3120 thiestae
734 3084 813 3119 AR
850 3086 995 3130 tyestae
1021 3087 1066 3121 H
1099 3087 1211 3131 thyae
1240 3086 1271 3122 0
1291 3088 1303 3132 11
1331 3088 1363 3123 si
1387 3099 1427 3123 re
1451 3099 1540 3124 uera
1565 3088 1654 3123 FC:
1682 3089 1719 3122 et
1744 3087 1776 3121 si

75 3141 114 3164 re
140 3141 229 3166 uera
248 3131 373 3166 ΑΒΗ
379 3132 425 3166 Μ
462 3134 500 3167 et
526 3132 557 3166 si
582 3142 729 3167 reuersa
749 3132 784 3167 R
803 3133 815 3178 ΙΙ
834 3136 879 3168 25
906 3133 960 3179 in]
988 3135 1030 3168 ut
1054 3133 1092 3168 in
1113 3133 1153 3168 F
1168 3135 1180 3179 ΙΙ
1198 3134 1323 3169 uxoris
1348 3146 1414 3171 om.
1428 3135 1464 3171 R
1483 3137 1495 3181 ΙΙ
1513 3135 1612 3170 filiae
1633 3134 1775 3178 Sullae]

79 3187 171 3219 quae
198 3178 318 3213 fuerat
341 3178 456 3213 fausti
481 3179 598 3223 syllae
624 3179 701 3214 filia
722 3179 761 3213 F
794 3180 873 3215 filia
894 3181 923 3215 G
959 3181 1119 3216 Faustae
1142 3180 1239 3217 filiae
1260 3181 1386 3227 Syllae
1408 3183 1616 3218 Masvicius
1631 3181 1776 3226 primus

75 3222 87 3268 Η
112 3226 156 3257 26
182 3223 323 3270 Sullae]
350 3225 466 3269 syllae
493 3225 607 3260 ASR
644 3225 751 3261 sillae
777 3227 874 3261 HM
