2124 3600
338 268 397 314 10
1111 271 1272 307 SERVH

338 379 535 421 licuisset:
573 393 727 434 mafflia
763 394 854 435 erqo
884 381 1123 435 periphrasi
1152 383 1306 427 dietam
1336 385 1404 424 est.
1526 394 1640 425 STAT
1681 385 1755 425 aut
1790 383 1957 439 horret,
1994 387 2043 428 ut

338 450 482 505 <300>
515 452 657 493 stant
694 451 888 494 lumina
924 452 1150 507 flamma3
1187 456 1263 495 aut
1283 454 1412 508 plena
1451 457 1524 509 est,
1561 458 1608 497 at
1638 454 1750 509 <XII
1780 455 1897 510 407>
1927 456 2042 509 pal·

336 535 442 564 vere
477 523 666 565 caelum
701 527 835 566 stare
870 524 1057 574 videnu-
1097 527 1172 566 aut
1209 539 1255 566 re
1293 539 1395 567 vera
1433 527 1523 568 stat
1559 528 1661 581 post
1697 526 1847 568 ductas
1886 529 2042 583 sortes3

337 595 414 635 aut
451 596 564 637 certe
603 594 657 637 ad
694 595 908 650 picturam
946 595 1151 651 respexit:
1190 610 1291 638 nam
1324 596 1443 638 volvi
1474 596 1520 638 in
1550 597 1720 651 pictura
1750 612 1839 640 non
1870 600 2043 652 poterat

289 674 310 705 5
335 679 457 708 arna.
507 668 551 708 et
586 666 689 710 licet
724 681 811 709 non
844 666 903 708 sit
934 681 1066 708 urnae
1099 669 1232 722 stare,
1269 667 1320 710 de
1358 668 1526 723 pictura
1562 670 1708 710 tamen
1739 668 1847 711 bene
1879 669 2041 712 dietum

337 739 415 780 est.
477 737 550 780 sed
583 738 618 780 si
651 737 771 780 estat'
803 738 952 780 horret
984 738 1292 794 acceperimus,
1325 738 1480 781 ‘ductis
1514 739 1717 782 sortibus’
1749 739 2041 796 intellegimus

337 807 410 850 ‘de
450 823 535 865 qua
573 809 873 865 ducebantur',
914 812 966 851 ut
997 809 1046 864 <I
1081 810 1192 865 121>
1230 812 1279 852 et
1318 826 1415 866 qua
1453 813 1629 853 vectus
1667 810 1815 854 Abas.
1875 827 1977 854 nam
2017 827 2043 854 a

336 879 530 935 passivo,
561 882 609 922 ut
636 895 763 935 saepe
790 879 995 934 diximus,
1020 881 1204 923 inveniri
1228 896 1315 924 non
1343 882 1502 936 poterit
1526 882 1799 937 participium
1826 897 2041 938 praesens.

332 952 499 1006 proprie
528 955 664 994 autem
695 951 842 995 ‘ductis
872 952 1086 995 sortibus':
1123 952 1349 995 Sallustius
1379 956 1506 995 sorte
1536 954 1702 996 (laetos
1730 954 1860 1007 fasti
1890 958 2042 997 necat.

268 1033 312 1064 10
458 1023 528 1065 23.
576 1035 729 1068 ELATA
761 1035 876 1065 MARI
908 1025 1046 1079 perite
1077 1025 1199 1080 dixit,
1237 1026 1417 1068 eminens
1448 1029 1507 1068 est
1534 1026 1654 1068 enim.
1715 1028 1752 1067 et
1782 1025 1876 1068 bene
1908 1025 2041 1068 situm

337 1094 566 1149 expressit3
597 1097 646 1136 ut
672 1094 785 1136 enim
812 1094 1041 1138 Sallustius
1068 1096 1189 1151 dicit,
1215 1095 1344 1139 Creta
1370 1097 1498 1139 altior
1523 1099 1590 1139 est
1616 1112 1700 1152 qua
1725 1099 1849 1152 parte
1876 1099 2042 1152 spectat

337 1166 558 1208 orientem.
678 1178 957 1209 RESPONDET
993 1167 1219 1222 aspicitur:
1251 1183 1353 1210 nam
1387 1170 1538 1211 eontra
1563 1167 1758 1210 Athenas
1790 1170 1858 1209 est
1887 1168 2042 1222 posita.
2086 1196 2091 1202 -

455 1238 523 1279 24.
573 1255 843 1286 svpposmavn
872 1255 999 1282 Fvssro
1028 1238 1101 1281 hoe
1131 1242 1189 1281 est
1215 1239 1365 1292 furtim
1395 1240 1556 1282 inclusa
1587 1241 1633 1282 in
1660 1253 1823 1282 vaeeam
1854 1239 2043 1294 Ziyueam,

334 1324 438 1364 qaae
468 1313 559 1352 erat
588 1312 728 1364 operta
757 1310 845 1352 eius
874 1323 1017 1351 vaceae
1046 1311 1165 1362 corio,
1196 1324 1322 1364 qaam
1352 1311 1531 1353 maxime
1563 1315 1709 1353 taurus
1739 1310 1958 1364 adpetebat.

268 1391 310 1422 15
336 1393 487 1424 FVRTO
521 1380 752 1436 adulterio,
784 1383 833 1423 ut
863 1379 1086 1423 Vulcani
1112 1381 1398 1437 Martisque
1430 1382 1576 1425 dolos
1609 1384 1658 1424 et
1689 1382 1860 1423 dulcia
1889 1382 2043 1424 furta.

336 1454 481 1508 potest
504 1456 660 1508 autem,
684 1454 791 1495 sieut
813 1453 966 1494 dietam
991 1455 1066 1507 est,
1093 1454 1136 1494 et
1162 1452 1215 1494 ad
1240 1467 1414 1495 vaccam
1440 1453 1607 1508 referri,
1634 1454 1751 1497 euius
1774 1454 1899 1507 speeie
1923 1457 2044 1496 tauro

333 1525 479 1578 fit-rata
509 1525 564 1567 sit
593 1525 753 1567 coitum.

455 1596 524 1639 25.
574 1607 855 1647 MIXTVMQVE
906 1608 1055 1639 GENVS
1107 1596 1340 1639 secundum
1391 1596 1627 1639 veritatem.
1767 1608 2042 1646 PROLESQVE

336 1680 554 1711 Blnomsns
587 1667 821 1710 secundum
851 1668 1059 1710 fabulam.
1458 1719 1462 1722 ι

266 1749 311 1780 20
457 1740 525 1782 26.
575 1751 773 1787 VENERIS
811 1751 1108 1782 MONVMENTA
1134 1748 1397 1782 'NEFANDAE
1438 1742 1512 1781 aut
1552 1740 1761 1781 memoria
1802 1739 2043 1795 turpissimi

338 1811 494 1866 coitus,
537 1813 612 1852 aut
650 1810 759 1853 ultio
791 1810 971 1854 Veneris
1010 1826 1037 1853 a
1067 1810 1160 1854 Sole
1198 1810 1406 1866 proditae.
1469 1809 1686 1866 significat
1722 1814 1867 1853 autem
1905 1810 2043 1853 Mino-

337 1886 522 1925 taurum.

455 1954 524 1996 27.
574 1965 957 1996 INEXTRICABILIS
990 1953 1256 2009 insolubilis,
1285 1952 1709 2008 indeprehensibilis:
1758 1951 1966 1994 Horatius
1998 1953 2043 1994 si

336 2028 535 2082 pugnat
567 2025 824 2068 extricata
850 2025 1022 2067 densis
1050 2039 1198 2066 cerva
1229 2024 1416 2079 plagis.
1467 2024 1507 2065 si‘
1529 2023 1768 2066 ‘extricata'
1795 2026 1862 2065 est
1887 2024 2042 2079 soluta,

266 2106 310 2136 25
338 2097 636 2141 ‘inextricata'
668 2097 860 2139 insoluta
893 2097 984 2139 sine
1016 2095 1158 2139 dubio.

456 2170 525 2211 28.
576 2180 781 2211 REGINAE
814 2169 931 2224 regis
963 2167 1093 2222 filiae,
1126 2166 1349 2209 Ariadnes.

456 2241 525 2282 31.
576 2252 725 2282 OPERE
758 2253 806 2282 ΙΝ
838 2252 990 2282 ΤΑΝΤΟ
1023 2239 1070 2281 in
1100 2238 1266 2281 foribus
1299 2237 1473 2280 adfabre
1506 2237 1645 2287 factis.

433 2396 453 2426 9
481 2391 694 2438 Sallustius]
721 2391 807 2427 hist.
833 2392 883 2427 IV
910 2396 930 2427 5
958 2403 1016 2438 ap.
1043 2391 1221 2436 Dietsch.‚
1246 2391 1297 2426 IV
1321 2395 1365 2426 27
1392 2402 1450 2436 ap.
1476 2390 1590 2426 Kritz.
1611 2391 1624 2434 ΙΙ
1646 2393 1685 2424 11
1715 2389 1929 2436 Sallustius]
1955 2390 2041 2426 hist.

340 2439 391 2474 111
412 2442 456 2474 58
482 2449 541 2483 ap.
562 2438 739 2484 Dietsch.,
764 2439 815 2474 III
836 2444 878 2475 61
906 2451 964 2485 ap.
985 2439 1100 2474 Kritz.
1120 2440 1132 2484 ΙΙ
1152 2442 1196 2474 15
1223 2452 1332 2474 Fvnro
1358 2437 1559 2484 adulterio]
1587 2438 1631 2473 cf.
1659 2438 1750 2472 Don.
1778 2436 1826 2471 ad
1852 2437 1933 2473 Ter.
1960 2449 2041 2474 eun.

338 2486 390 2521 IV
419 2490 450 2531 7,
477 2489 522 2521 39
553 2486 566 2531 ΙΙ
596 2485 773 2532 Vulcani]
801 2499 926 2532 georg.
953 2487 1004 2521 IV
1029 2490 1098 2522 346
1129 2488 1142 2532 ΙΙ
1173 2490 1217 2521 23
1243 2485 1435 2532 Horatius]
1463 2497 1573 2521 carm.
1601 2485 1653 2520 III
1679 2488 1713 2528 5,
1738 2489 1781 2519 31

436 2633 456 2663 2
484 2629 562 2663 stat
585 2627 622 2662 A
648 2628 752 2673 (corr.
779 2630 816 2673 a)
846 2630 859 2673 ΙΙ
895 2629 1067 2665 flammae
1095 2629 1180 2665 GM
1216 2629 1363 2664 flamme
1390 2628 1423 2663 G
1452 2628 1465 2672 11
1501 2631 1524 2662 4
1548 2627 1713 2672 picturas
1739 2627 1775 2662 R
1805 2629 1817 2673 ΙΙ
1853 2626 1948 2662 solui
1974 2627 2009 2662 G
2032 2626 2044 2673 Η

343 2680 363 2710 5
389 2687 482 2710 urna
505 2675 587 2710 hab.
616 2675 646 2710 O
671 2677 683 2720 ΙΙ
714 2676 753 2711 et
777 2675 868 2711 lieet
891 2687 965 2711 non
993 2677 1058 2723 sit]
1091 2679 1130 2712 et
1153 2677 1243 2712 licet
1268 2688 1341 2711 non
1366 2676 1516 2720 poterat
1541 2678 1579 2709 et
1602 2674 1694 2710 licet
1717 2686 1791 2710 non
1817 2674 1867 2710 sit
1891 2674 1926 2709 G
1955 2675 1968 2719 ΙΙ
1998 2674 2043 2709 de

338 2723 485 2769 pictura
499 2723 644 2766 „tamen
677 2724 771 2758 bene
802 2723 943 2758 dictum
981 2725 1038 2759 est
1075 2724 1141 2759 sed
1173 2723 1203 2759 si
1236 2725 1312 2759 stat
1342 2734 1407 2758 om.
1435 2723 1489 2765 A,
1525 2723 1568 2757 in
1598 2733 1710 2767 mary.
1737 2722 1806 2765 inf.
1831 2722 1949 2766 suppl.
1977 2733 2002 2756 a
2032 2722 2041 2765 ju

339 2774 360 2806 8
387 2771 511 2815 potest
536 2768 707 2804 FGCM
734 2771 747 2815 ΙΙ
778 2774 799 2804 9
826 2771 925 2805 sorte
950 2770 1107 2806 Daniel:
1133 2772 1251 2806 sortes
1276 2770 1355 2806 FG
1382 2772 1394 2816 ΙΙ
1426 2769 1632 2805 sustinecat
1657 2769 1691 2805 G
1720 2770 1733 2815 ΙΙ
1765 2773 1809 2804 10
1833 2769 1969 2804 scholia
1994 2769 2044 2803 ad

338 2830 370 2852 v.
397 2822 441 2852 23
468 2828 533 2853 οπο..
562 2816 595 2852 G
619 2817 632 2862 ΙΙ
666 2821 706 2851 11
734 2828 808 2861 qua
832 2818 955 2863 parte]
983 2829 1027 2853 ea
1051 2820 1157 2862 parte
1184 2830 1258 2862 qua
1282 2818 1318 2853 R
1342 2819 1355 2863 ΙΙ
1388 2821 1430 2852 12
1457 2817 1593 2862 aspicit
1619 2817 1669 2851 M
1691 2818 1703 2862 ΙΙ
1735 2820 1778 2851 13
1803 2815 1943 2850 furtum
1973 2814 2008 2850 G
2032 2814 2044 2861 Η

341 2869 384 2900 14
410 2864 614 2910 adpetebat
638 2865 704 2899 aut
727 2864 827 2900 furto
848 2864 888 2898 1⁴*
923 2865 1130 2910 appetabat
1155 2867 1219 2900 aut
1243 2866 1343 2901 furto
1364 2865 1398 2900 G
1415 2865 1428 2910 ΙΙ
1449 2868 1492 2899 15
1515 2863 1713 2909 adulterio]
1740 2861 1974 2898 auadulterio
1999 2873 2044 2897 ea:

339 2911 567 2947 autdulterio
589 2911 626 2946 O.
666 2911 711 2954 cf.
735 2912 854 2956 praef.
869 2923 908 2956 p.
931 2912 1046 2946 XLIX
1065 2923 1114 2956 sq.
1135 2914 1146 2958 ΙΙ
1166 2913 1369 2957 matrisque
1390 2914 1424 2947 A
1443 2912 1455 2956 ΙΙ
1477 2915 1520 2947 16
1546 2911 1657 2956 sicut]
1685 2911 1737 2946 sic
1757 2909 1790 2945 G
1808 2911 1820 2954 ΙΙ
1839 2911 1878 2944 et
1896 2920 1962 2944 om.
1976 2909 2013 2944 R
2031 2909 2043 2954 l}

341 2964 384 2995 17
409 2959 512 2994 furta
538 2958 571 2994 G
589 2959 602 3003 ΙΙ
628 2957 678 2994 sit
701 2969 768 2994 om.
796 2959 829 2994 G
847 2960 860 3004 ΙΙ
886 2963 930 2993 18
954 2959 1091 2994 scholia
1117 2960 1166 2994 ad
1190 2971 1221 2994 v.
1249 2963 1388 2994 25-27
1415 2970 1480 2995 om.
1508 2959 1541 2993 G
1560 2961 1572 3003 ΙΙ
1596 2957 1809 3003 veritatem]
1837 2955 1924 3000 quia
1949 2957 2042 2992 duos

339 3006 487 3053 peperit
510 3018 625 3041 unum
651 3017 695 3041 ex
718 3007 827 3041 tauro
848 3006 1005 3041 alterum
1027 3017 1071 3041 ex
1090 3006 1212 3041 minoe
1239 3007 1323 3042 add.
1338 3007 1377 3040 D
1395 3008 1406 3052 Η
1428 3010 1470 3041 19
1490 3005 1673 3051 fabulam]
1700 3003 1789 3048 quia
1807 3003 1887 3039 uiro
1907 3003 2043 3038 mixtus

340 3055 440 3090 esset
463 3054 596 3089 taurus
619 3054 703 3089 add.
730 3053 770 3088 D
799 3055 812 3099 ΙΙ
849 3057 893 3088 20
920 3066 1122 3088 »mmmmm
1147 3055 1183 3087 A
1221 3054 1482 3088 monnrmenta
1507 3052 1551 3087 H
1590 3051 1820 3086 monimenta
1843 3061 1887 3085 ex
1912 3062 2042 3086 monu-

340 3102 468 3138 menta
494 3101 543 3136 M
558 3101 571 3146 ΙΙ
590 3101 807 3136 memoriam
833 3101 878 3135 H
891 3102 903 3145 ΙΙ
927 3104 971 3135 21
999 3112 1022 3136 a
1047 3100 1132 3136 Sole
1158 3101 1238 3135 hab.
1268 3100 1299 3135 Ο
1314 3101 1324 3146 ΙΙ
1354 3104 1397 3135 23
1423 3111 1709 3140 maxrmcfflnffls
1734 3098 1771 3133 A
1789 3098 1802 3143 ΙΙ
1826 3096 2043 3133 insolubiles

339 3150 376 3184 A
401 3151 507 3194 (corr.
533 3147 614 3193 ayn
649 3146 1000 3193 indeprehensibilis
1027 3146 1174 3183 FOM:
1198 3146 1541 3191 inreprehensibilis
1566 3145 1688 3181 ASH
1713 3147 1726 3189 ΙΙ
1761 3145 2042 3190 incomprehen-

340 3196 459 3232 sibilis
484 3195 551 3241 Ru
577 3195 630 3230 sic
655 3198 800 3241 pugnat
824 3195 956 3230 ΑΕΗ
970 3196 982 3241 ΙΙ
1010 3199 1054 3231 25
1081 3194 1244 3230 insolata
1270 3194 1308 3229 F
1342 3193 1506 3229 insoluta
1531 3194 1588 3228 est
1613 3205 1636 3228 a
1661 3194 1672 3238 ΙΙ
1697 3197 1742 3228 26
1768 3192 1931 3227 ariadnis
1960 3192 2010 3227 M
2031 3192 2043 3238 11

341 3248 385 3280 27
412 3243 539 3279 afabre
565 3243 659 3279 ΕΜ
666 3254 691 3279 a
727 3254 750 3278 a
774 3243 889 3279 fabris
916 3242 989 3279 AS
