2092 3614
327 288 413 330 216
1100 288 1261 325 SERVII
1308 314 1312 319 .

450 398 545 441 119.
594 415 754 441 EVANDR
762 415 818 441 VM
843 415 1014 442 PETJMVS
1049 399 1121 441 hoe
1151 400 1209 441 ad
1238 398 1337 453 ‘quo
1368 398 1551 442 tenditis'
1578 401 1767 455 pertinet.
1887 412 2036 442 FERTE

326 480 449 512 HAEC
481 469 564 511 hoc
597 469 651 512 ad
681 484 850 512 ramum
883 470 1089 526 pertinet,
1121 469 1280 512 ‘dicite'
1314 470 1368 512 ad
1398 471 1541 514 verba.
1590 472 1650 514 vel
1675 470 1804 525 ‘ferte’
1836 471 2039 514 vobiscum

326 544 365 584 et
394 540 563 595 ‘dicite',
593 537 704 583 κατὰ
733 541 814 583 τοῦ
848 538 1001 584 αὐτοῦ,

450 613 546 655 120.
595 629 702 655 soem
734 629 843 656 ARMA
874 630 1066 656 ROGANTIS
1100 612 1172 655 hoc
1209 614 1267 656 acl
1300 613 1408 656 illud
1434 615 1615 668 pertinet
1645 613 1763 669 ‘quae
1792 627 1919 657 causa
1947 614 2039 657 sub-

281 690 302 722 5
327 684 439 740 eyit’.
502 682 732 739 ‘royantes'
771 687 907 726 autem
944 686 1002 727 acl
1036 685 1082 727 icl
1112 686 1294 739 pertinet
1329 686 1438 739 qnod
1472 700 1500 728 a
1529 686 1678 741 sibylla
1714 687 1868 728 dietum
1901 685 2044 739 fuerat

330 755 423 810 <VI
448 755 534 811 92>
565 769 684 808 quas
711 758 877 810 yentes
907 755 1099 799 Italum
1129 761 1217 800 aut
1245 770 1367 811 quas
1395 771 1491 800 non
1523 758 1748 800 oraveris
1776 757 1951 800 urbes?

451 828 547 870 121.
598 838 755 869 ΤΑΝΤΟ
787 839 1046 871 PERCVSSVS
1078 820 1261 871 Nomine
1298 827 1490 871 Dardani
1531 829 1698 872 scilicet
1734 842 2040 871 commemora-

328 899 459 942 tione.
510 898 667 942 ‘tanto'
700 902 854 954 autem,
886 900 933 941 id
962 903 1018 942 est
1048 901 1333 955 magnitudine
1363 901 1555 943 nominis.

451 971 548 1013 122.
598 982 868 1022 QVICVMQVE
899 982 954 1014 Es
986 971 1068 1014 hoc
1101 971 1154 1013 ad
1185 986 1342 1014 nomen
1374 971 1547 1014 Aeneae
1579 972 1783 1027 pertinet:
1815 986 1915 1014 nam
1948 985 2040 1014 esse

263 1050 306 1080 10
332 1041 543 1085 Troianos
576 1042 782 1084 audierat.

453 1114 548 1156 123.
598 1131 759 1158 NOSTRIS
781 1131 953 1157 svccnnn
975 1132 1142 1158 PENATIB
1151 1132 1194 1158 vs
1207 1110 1362 1158 'Hospes
1391 1116 1494 1157 mire
1524 1115 1612 1158 sine
1634 1116 1774 1170 patris
1803 1116 2044 1158 auctoritate

330 1185 437 1228 nihil
467 1186 701 1239 confirmat,
734 1189 772 1228 et
802 1188 939 1228 tamen
969 1186 1166 1240 hospitem
1196 1187 1387 1241 appellat.

452 1257 550 1300 124.
598 1268 920 1308 DEXTRAMQVE
951 1269 1200 1301 AMPLExvs
1233 1269 1451 1301 INHAESIT
1492 1258 1683 1301 ostendit
1714 1258 1853 1301 virum
1886 1261 1930 1301 et
1960 1258 2042 1301 vir-

331 1329 438 1371 tutis
471 1330 514 1370 et
543 1328 859 1384 hospitalitatis
892 1330 1144 1372 amatorem.

263 1409 305 1440 15
454 1399 550 1443 125.
601 1411 810 1443 SVBEVNT
854 1411 978 1443 cho
1022 1412 1326 1453 FLVVIVMQVE
1371 1413 1677 1452 RELINQVVNT
1721 1401 1956 1457 hypallage
1999 1403 2042 1444 in

333 1487 474 1516 sensu.
535 1475 572 1514 et
607 1471 673 1514 hic
705 1471 915 1514 ‘subeunt'
947 1473 1070 1515 iuxta
1105 1476 1251 1516 veteres
1287 1474 1424 1516 dativo
1460 1474 1617 1525 iunxit,
1658 1487 1750 1516 cum
1787 1473 1890 1516 alibi
1925 1474 2045 1516 iuxta

331 1558 452 1587 usum
487 1547 744 1598 praesentem
788 1545 1016 1591 accusativo
1060 1546 1260 1600 iunxerit,
1303 1548 1351 1587 ut
1393 1544 1461 1600 <X
1502 1544 1616 1599 798>
1656 1544 1849 1587 Aeneae
1891 1545 2048 1587 subiit

331 1631 373 1658 m
383 1630 625 1671 neronem,
656 1616 762 1658 sicut
790 1618 827 1657 ct
851 1614 1039 1658 ‘succede'
1074 1616 1256 1669 [veteres]
1289 1617 1425 1659 dativo
1456 1617 1672 1659 iunxerat:
1703 1616 1812 1670 quod
1839 1616 2047 1670 siginificat

332 1687 516 1742 ‘penitus
546 1686 788 1743 inyreclere',
827 1690 875 1729 ut
909 1686 983 1729 hoc
1020 1687 1103 1729 loco
1141 1686 1211 1730 ‘ac
1240 1689 1393 1730 nostris
1429 1688 1588 1730 succede
1619 1687 1836 1744 penatibus
1871 1686 2045 1742 hospes’.

263 1768 309 1799 20
335 1759 564 1802 Sallustius
595 1762 748 1814 tamen,
779 1762 826 1801 ut
855 1759 1009 1801 dictum
1040 1762 1114 1814 est,
1149 1760 1377 1802 accusativo
1410 1759 1558 1801 iunoeit.

456 1831 552 1873 127.
603 1841 779 1872 OPTIME:
803 1841 1110 1872 GRAIVGENVM
1143 1832 1352 1886 quantum
1369 1830 1433 1872 ‘ad
1458 1829 1652 1872 Aeneam
1677 1830 1866 1885 pertinet
1891 1829 2046 1873 Graeci

333 1917 472 1959 neque
505 1901 608 1944 boni
639 1916 776 1957 neque
809 1901 1009 1943 meliores
1042 1905 1155 1944 sunt.
1207 1916 1308 1958 ergo
1341 1901 1521 1957 toptime
1553 1899 1864 1957 Graiugenum’
1899 1917 2046 1957 super-

332 1974 493 2017 lativus
526 1976 592 2016 est
622 1988 701 2029 pro
733 1973 943 2029 positivo:
976 1988 1077 2015 nam
1111 1972 1316 2029 ‘optimus
1342 1972 1570 2015 malorum'
1603 1987 1693 2016 non
1722 1987 1954 2029 possumus
1987 1973 2046 2015 di-

334 2060 447 2102 eere3
483 2044 773 2101 superlativus
805 2044 918 2087 enim
951 2059 1028 2087 suo
1060 2046 1228 2086 tantum
1260 2044 1455 2101 iungitur
1486 2043 1644 2100 generi.
1708 2044 1769 2087 sic
1802 2058 1903 2101 ergo
1936 2044 2046 2086 dixit

264 2126 309 2158 25
335 2120 385 2160 ut
407 2116 624 2159 Homerus
658 2113 936 2166 δικαιότατος
963 2113 1238 2172 Κενταύρων
1268 2131 1348 2172 pro
1381 2116 1572 2170 δίκαιος,
1604 2115 1648 2157 id
1674 2117 1740 2158 est
1766 2115 2045 2160 ‘iustissimus

335 2187 666 2231 Centaurorum'
693 2202 773 2243 pro
799 2187 986 2230 ‘iustus’.
1035 2191 1073 2230 et
1096 2191 1155 2230 est
1177 2187 1379 2230 rhetorica
1395 2187 1635 2241 persuasio:
1666 2201 1767 2229 nam
1786 2188 2046 2241 principium

334 2274 383 2303 ex
424 2250 636 2314 utriusque
671 2273 852 2313 persona
891 2260 1099 2313 sumpsit..
1139 2258 1308 2312 ‘optime
1352 2257 1658 2313 Graiuyenum'
1704 2259 1762 2300 acl
1794 2258 2046 2301 Euandrum

327 2333 523 2386 pertinet,
555 2331 637 2373 ‘cui
667 2345 731 2373 me
758 2332 932 2385 fortuna
953 2330 1134 2385 precari’
1167 2331 1225 2372 acl
1252 2330 1440 2384 Aenean,
1471 2330 1543 2383 qui
1572 2343 1614 2372 se
1640 2330 1797 2383 fatetur
1826 2330 2046 2384 supplicem

434 2452 476 2484 18
503 2449 695 2494 quod...
721 2448 934 2495 ingredere]
962 2448 1006 2485 cf.
1033 2448 1127 2484 Non.
1155 2460 1189 2494 p.
1211 2452 1291 2493 403,
1315 2448 1452 2493 191120
1478 2448 1520 2483 ut
1545 2446 1689 2483 dictum
1716 2447 1789 2494 est]
1819 2447 1899 2483 buc.
1927 2446 1960 2483 V
1987 2450 2007 2483 6
2033 2446 2044 2494 Η

337 2501 382 2532 25
407 2496 606 2543 Homerus]
631 2495 771 2532 11.X11
796 2499 864 2532 832

434 2608 450 2637 1
479 2604 529 2639 acl
554 2616 745 2639 nvAnnnvM
769 2617 800 2638 Ρ.
826 2615 926 2649 supr.
953 2615 1042 2639 vers
1067 2604 1139 2638 hoc
1169 2603 1330 2648 pertinet
1354 2603 1402 2638 ad
1427 2614 1499 2648 quo
1525 2602 1681 2638 tenditis
1711 2602 1744 2637 T
1771 2604 1783 2649 ΙΙ
1821 2614 1928 2637 mim:
1954 2614 2045 2638 msc

337 2665 379 2687 err
403 2664 524 2686 merri:
549 2651 644 2685 ferte
670 2650 710 2706 F
732 2652 744 2697 11
775 2655 796 2686 2
822 2651 894 2686 hoo
921 2681 927 2688 .
951 2680 957 2686 .
979 2679 986 2686 .
1014 2650 1062 2685 ad
1088 2651 1204 2686 verba
1227 2651 1308 2686 hab.
1339 2651 1372 2685 Τ
1387 2651 1400 2695 ΙΙ
1429 2650 1551 2686 dicere
1577 2650 1613 2685 R
1632 2651 1644 2697 ΙΙ
1671 2652 1690 2684 T
1715 2650 1753 2706 (i.
1781 2661 1807 2685 e.
1814 2650 1901 2706 ‚²²⁶0
1927 2649 1981 2684 F.
2008 2650 2047 2684 et

336 2699 475 2734 Daniel
508 2699 523 2744 H
560 2702 581 2732 3
614 2695 710 2732 κατὰ
743 2699 810 2733 τοῦ
843 2696 962 2733 αὐτοῦ
993 2699 1142 2743 scripsi.
1179 2698 1332 2733 catautu
1358 2698 1398 2733 Γ
1440 2699 1566 2733 catatu
1592 2698 1626 2733 G
1663 2693 1747 2732 κατ’
1776 2693 1870 2732 αὐτὸ
1896 2697 2044 2732 Daniel.

337 2747 454 2782 dicere
478 2746 593 2782 voluit
617 2746 795 2789 interpres
819 2746 912 2781 idem
937 2757 1009 2781 esse
1033 2747 1099 2781 hoc
1125 2746 1199 2781 loco
1227 2746 1345 2789 ‘ferte’
1373 2747 1470 2791 quod
1498 2745 1635 2781 ‘dicite’
1657 2746 1710 2790 114
1734 2756 1765 2780 v.
1789 2748 1857 2780 120
1881 2744 1932 2779 ad
1956 2755 2042 2778 mn-

336 2806 469 2829 DANJAE
494 2794 581 2829 haec
604 2793 686 2828 hab.
711 2793 744 2827 Τ
776 2792 848 2828 hoc
875 2793 923 2827 ad
948 2805 1064 2838 genus
1091 2793 1270 2838 pertinet,
1296 2794 1346 2828 ad
1370 2805 1472 2828 soem
1491 2805 1523 2828 A.
1544 2805 1576 2828 n.
1602 2793 1688 2828 haee
1712 2793 1782 2827 hoc
1801 2791 1970 2837 pertinet
1995 2791 2044 2826 ad

337 2842 434 2876 illud
460 2841 559 2886 quod
585 2840 621 2875 ei
645 2839 790 2875 dixerat
816 2839 981 2884 sibissla‘
986 2853 1077 2885 quas
1103 2842 1235 2885 gentes
1260 2840 1421 2876 italum’.
1442 2842 1454 2885 ΙΙ
1474 2844 1494 2875 5
1520 2840 1568 2875 ad
1593 2839 1633 2874 id
1652 2839 1806 2874 Daniel:
1832 2838 1872 2874 id
1896 2849 1962 2874 om.
1977 2838 2018 2873 F
2041 2838 2045 2886 Ι

339 2853 484 2923 sibillaq
492 2888 532 2922 F
547 2889 560 2934 ΙΙ
579 2892 600 2923 6
627 2886 816 2924 ornaueris
843 2887 877 2922 G
894 2889 907 2932 ΙΙ
926 2888 1055 2922 urbem
1082 2888 1122 2922 F
1138 2889 1149 2934 ΙΙ
1170 2892 1189 2923 7
1215 2900 1409 2924 rnucvnsvs
1437 2888 1487 2922 M
1502 2888 1554 2932 119
1580 2887 1742 2932 pertinet
1766 2896 1902 2921 aeneae
1926 2885 2045 2921 AR¹
2073 2916 2083 2930 ÷

340 2940 383 2971 12
409 2937 533 2970 tamae
553 2936 594 2970 F
627 2935 667 2970 ta
693 2946 776 2971 mae
797 2935 831 2970 G
867 2936 993 2970 tamen
1011 2935 1160 2971 Daniel.
1192 2936 1278 2979 fort.
1298 2937 1424 2970 tamen
1443 2934 1596 2970 Aenean
1615 2935 1626 2981 11
1648 2938 1692 2969 14
1717 2933 1854 2979 ospiali
1872 2933 1907 2968 L
1931 2933 2044 2979 (ospi-

338 2983 499 3019 talitatis
520 2984 544 3024 l)
564 2984 577 3028 ΙΙ
598 2987 641 3018 16
667 2983 791 3029 sensu]
816 2994 904 3018 nam
929 2982 1090 3027 primum
1117 2983 1174 3017 est
1199 2982 1353 3017 fluuium
1378 2983 1587 3028 relinquere
1613 2981 1745 3017 deinde
1771 2982 1893 3015 lucum
1920 2980 2044 3016 subire

339 3031 424 3067 add.
452 3031 491 3065 D
521 3031 534 3075 ΙΙ
572 3034 615 3065 17
642 3030 834 3066 acusativo
859 3029 900 3064 F
926 3030 939 3075 ΙΙ
969 3030 1160 3065 iuncxerat
1186 3029 1234 3070 F,
1259 3041 1350 3065 corr
1371 3030 1510 3065 Daniel
1540 3030 1551 3076 ΙΙ
1585 3033 1627 3063 18
1653 3030 1797 3064 veteres
1822 3028 1968 3063 seclusit
1994 3027 2040 3063 F.

339 3078 549 3115 Schoellius.
576 3078 779 3113 secundum
803 3078 949 3113 veteres
975 3088 1036 3122 eqo
1062 3078 1280 3112 conieceram
1299 3078 1310 3122 ΙΙ
1329 3076 1528 3112 iunxerunt
1551 3076 1690 3111 Daniel
1707 3076 1719 3120 ΙΙ
1738 3079 1783 3110 20
1808 3074 1951 3109 iuncxit
1970 3074 2012 3110 F
2033 3075 2043 3121 Η

340 3130 384 3162 21
411 3138 548 3161 orrvm:
564 3124 601 3160 R
619 3126 631 3170 ΙΙ
650 3129 695 3160 23
722 3125 779 3160 est
802 3136 871 3161 om.
885 3124 969 3160 SM
985 3125 998 3170 u
1015 3124 1098 3170 pro]
1124 3133 1214 3169 prae
1234 3124 1274 3158 F
1289 3125 1301 3169 ΙΙ
1321 3128 1366 3158 24
1385 3124 1513 3169 generi
1532 3122 1699 3168 iungitur
1717 3121 1790 3158 AS
1805 3122 1818 3167 ΙΙ
1837 3126 1881 3157 26
1907 3121 2042 3168 iustus]

341 3185 424 3209 cum
452 3172 619 3208 centauri
643 3172 783 3208 fuerint
808 3172 976 3209 crudeles
1002 3174 1040 3208 et
1064 3170 1171 3216 impii
1197 3171 1280 3206 adel.
1308 3171 1347 3205 D
1371 3172 1383 3217 ss
1415 3171 1464 3206 ad
1488 3182 1519 3206 v.
1548 3174 1620 3224 127.
1641 3171 1682 3204 in
1706 3180 1820 3215 mary.
1847 3181 1927 3215 sup.
1952 3169 2045 3205 facit

342 3233 427 3257 eum
452 3219 666 3256 benivolum
691 3219 729 3255 in
755 3220 967 3266 principio.
988 3221 1026 3255 et
1045 3221 1103 3255 est
1119 3218 1306 3254 rhetorica
1323 3217 1542 3263 persuasio.
1583 3216 1774 3263 ‚incipere
1800 3217 1961 3253 debebat
1983 3216 2016 3252 T
2031 3216 2043 3263 Η

340 3267 527 3304 rethorica
551 3267 592 3303 F
606 3268 619 3313 ΙΙ
644 3279 730 3303 nam
756 3267 980 3314 principium
1004 3278 1070 3304 om.
1091 3265 1132 3302 F
1147 3267 1159 3313 ΙΙ
1191 3269 1232 3301 27
1260 3275 1438 3311 personas
1463 3264 1504 3300 F
