2092 3614
269 652 290 683 <51

247 1008 292 1040 10

251 1364 293 1396 15

1469 216 1488 234 s

319 251 404 293 238
1094 252 1253 287 SERVII

315 360 415 401 bant
443 362 580 401 autem
610 359 697 401 ritu
726 359 848 403 veteri
876 361 1033 403 armati
1058 364 1155 415 post
1183 361 1398 403 victoriam
1431 360 1744 403 Tiburtinorum
1773 361 1821 403 de
1858 359 2022 403 Volscis.

314 434 413 473 sunt
441 433 576 472 autem
606 430 707 473 salii
729 430 888 473 Martis
918 435 956 473 et
979 432 1192 486 Herculis,
1222 432 1417 486 quoniam
1449 430 1649 474 Chaldaei
1679 433 1838 474 stellam
1868 431 2026 474 Martis

316 502 566 544 Herculeam
596 502 757 544 dicunt:
789 515 889 555 quos
918 502 1051 545 Varro
1081 504 1274 556 sequitur.
1323 506 1362 545 et
1387 503 1573 545 Tiburtes
1603 498 1730 546 salios
1760 504 1885 545 etiam
1914 493 2027 545 olica-

314 575 469 615 verant.
518 573 689 626 quidam
718 572 791 615 hos
821 588 849 615 a
862 626 866 629 ¹
879 575 990 616 saltu
1019 575 1245 628 appellatos
1276 575 1456 617 tradunt.
1500 587 1600 627 quos
1629 574 1708 616 alii
1738 588 1766 616 a
1790 574 1935 616 Numa
1965 575 2027 616 in-

315 645 478 686 stitutos
507 644 665 699 dieunt,
695 647 744 686 ut
771 658 895 687 arma
925 645 1082 688 ancilia
1105 648 1318 698 portantes
1347 645 1572 687 saltarent:
1611 658 1703 699 erqo
1734 645 1829 687 bene
1860 659 1888 687 a
1917 645 2029 688 saltu

316 715 523 769 appellati.
584 714 731 757 horum
770 729 988 758 numerum
1024 715 1234 758 Hostilius
1270 717 1432 759 addidit
1439 730 1453 767 ‚·
1496 729 1596 758 nam
1635 717 1715 759 duo
1752 720 1850 758 sunt
1879 729 2030 770 yenera

315 788 535 838 saliorum,
560 787 667 829 sicut
689 787 736 829 in
759 787 985 830 saliaribus
1009 789 1264 831 carminibus
1288 789 1517 831 invenitur:
1549 787 1702 831 Collini
1725 791 1764 830 et
1782 787 2030 841 Quirinales,

315 872 344 900 a
369 858 515 900 Numa
544 859 742 912 instituti,
773 859 826 901 ab
850 859 1034 902 Hostilio
1065 874 1157 902 vero
1179 860 1348 914 pavorii
1377 863 1415 902 et
1436 859 1613 914 pallorii
1642 859 1834 901 instituti.
1882 859 2030 902 habue-

315 932 417 971 runt
463 942 563 971 sane
611 932 650 970 et
693 929 920 972 Tusculani
961 931 1089 973 salios
1137 934 1233 973 ante
1274 931 1496 973 Romanos.
1564 930 1642 973 alii
1684 931 1827 972 dicunt
1866 930 2031 973 Salium

317 1001 521 1054 quendam
551 999 758 1042 Arcadem
792 1001 937 1055 fuisse,
979 1002 1051 1055 qui
1084 1002 1280 1044 Troianis
1315 1003 1478 1044 iunctus
1513 1002 1621 1043 hune
1651 1001 1794 1043 ludum
1824 1002 1871 1043 in
1900 1001 2032 1043 saeris

317 1072 553 1114 instituerit.
608 1085 692 1113 non
723 1071 832 1114 nulli
863 1075 999 1114 tamen
1028 1072 1101 1115 hos
1131 1087 1159 1115 a
1190 1072 1398 1115 Dardano
1428 1073 1638 1115 institutos
1666 1073 1824 1127 volunt,
1855 1073 1926 1126 qui
1955 1072 2032 1115 Sa

316 1142 591 1185 mothraeibus
620 1143 704 1185 diis
728 1156 849 1185 saera
871 1142 1158 1197 persolverent.
1207 1144 1378 1197 quidam
1403 1144 1527 1186 etiam
1551 1143 1695 1185 dieunt
1716 1143 1843 1185 salios
1867 1157 1894 1184 a
1913 1143 2030 1185 Mor-

319 1215 401 1269 rio,
439 1227 529 1268 reye
567 1213 903 1269 Veientanorum,
939 1215 1165 1266 institutoS,
1202 1218 1250 1257 ut
1278 1215 1477 1270 Halesus,
1510 1214 1696 1268 Neptuni
1725 1214 1856 1268 filius,
1893 1228 2032 1256 eorum

317 1286 499 1328 carmine
531 1286 792 1340 laudaretur,
824 1286 896 1339 qui
926 1286 1103 1328 eiusdem
1133 1286 1240 1340 reyis
1267 1286 1460 1338 familiae
1489 1289 1631 1328 auctor
1660 1285 1831 1328 ultimus
1859 1286 1955 1339 fuit.

440 1357 538 1399 288.
589 1367 773 1399 LAVDES
800 1367 1073 1399 HERCVLEAS
1099 1368 1160 1398 ET
1187 1367 1342 1399 FACTA
1367 1368 1551 1399 FERVNT
1585 1371 1705 1398 senes
1731 1359 1902 1398 tantum
1931 1371 2031 1398 voce

320 1427 470 1470 laudes
502 1427 701 1471 Herculis
735 1427 1098 1482 exsequebantur,
1130 1427 1306 1470 iuvenes
1340 1430 1382 1469 et
1413 1430 1540 1483 gestu
1573 1427 1763 1482 corporis
1797 1427 1886 1469 eius
1918 1426 2034 1470 facta

321 1498 636 1541 monstrabant.
681 1499 788 1541 unde
817 1498 875 1540 ibi
903 1499 1198 1541 inmorandum
1222 1502 1281 1540 est
1310 1497 1390 1540 ‘hic
1414 1500 1606 1541 iuvenum
1631 1497 1802 1554 ehorus',
1833 1501 1880 1540 ut
1904 1497 2031 1541 ‘salii'

320 1571 535 1613 iuvenibus
564 1570 824 1623 conveniant,
854 1570 1047 1611 carmina
1078 1570 1135 1611 ad
1162 1583 1276 1612 senes
1302 1570 1546 1623 pertineant.
1596 1573 1634 1612 et
1657 1570 1751 1612 bene
1780 1583 1892 1611 senes
1920 1570 2034 1623 faeta

323 1642 519 1684 Herculis
549 1644 723 1696 canunt,
751 1654 926 1694 quorum
956 1644 1070 1683 aetas
1099 1641 1202 1683 seire
1233 1643 1271 1682 et
1300 1632 1488 1683 interesse
1514 1642 1638 1695 yestis
1667 1641 1863 1683 Herculis
1885 1642 2033 1696 potuit,

252 1721 299 1754 20
324 1716 544 1767 antequam
574 1713 612 1755 is
642 1712 694 1754 ab
724 1712 959 1755 hominibus
990 1713 1186 1755 transiret
1215 1713 1272 1754 ad
1299 1713 1402 1754 deos.
1457 1726 1556 1754 sane
1595 1712 1808 1766 quaeritur
1838 1725 1911 1754 cur
1939 1711 2035 1754 hsuio

322 1785 394 1826 deo
436 1786 576 1837 aperto
621 1784 751 1837 capite
793 1797 958 1826 sacrum
1000 1784 1085 1837 fiat.
1149 1783 1296 1837 leyitur
1338 1784 1446 1826 enim
1489 1784 1534 1825 in
1579 1784 1707 1826 libris·
1735 1784 2036 1837 antiquioribus

322 1855 455 1909 ipsius
485 1854 711 1897 admonitio
741 1854 806 1896 his
836 1854 967 1897 verbis
998 1854 1123 1896 emihi
1153 1855 1297 1896 detecto
1327 1855 1470 1897 vertice
1497 1855 1632 1897 cuncti
1654 1853 1949 1908 sacrificanto'.
1999 1858 2037 1896 et

321 1926 407 1978 fuit
430 1926 651 1968 observatio
677 1938 730 1968 ne
750 1926 844 1980 quis
868 1926 916 1968 in
940 1926 1036 1968 aede
1054 1925 1250 1968 Herculis
1274 1926 1361 1968 eius
1383 1925 1569 1968 habitum
1590 1926 1846 1968 imitaretur:
1871 1926 2035 1980 siynum

422 2106 443 2137 2
469 2103 555 2137 sunt
581 2102 707 2137 autem
734 2112 764 2137 e.
791 2115 826 2147 q.
853 2101 904 2183 a}
930 2101 976 2138 cf.
1002 2102 1164 2138 Macrob.
1193 2102 1269 2138 Sat.
1295 2102 1344 2137 ΙΙΙ
1374 2106 1430 2146 12,
1456 2106 1476 2137 5
1498 2113 1576 2147 sqq.
1615 2103 1626 2148 ΙΙ
1664 2106 1709 2137 20
1733 2113 1821 2137 sane
1847 2102 2037 2146 quaeritur

326 2161 357 2187 e.
385 2162 419 2195 q.
447 2150 492 2196 8.]
520 2149 564 2185 cf.
591 2148 756 2186 Macrob.
784 2149 861 2185 Sat.
907 2149 938 2185 II
965 2154 997 2193 6,
1026 2153 1067 2185 17

424 2318 442 2349 1
458 2314 636 2358 diuulscis
651 2314 692 2350 F
706 2315 720 2360 ΙΙ
738 2318 759 2350 2
774 2315 894 2351 caldei
907 2314 948 2350 F
970 2314 1118 2350 chaldei
1135 2315 1167 2349 T
1183 2317 1195 2361 ΙΙ
1214 2319 1234 2350 3
1250 2314 1472 2351 Herculeam
1481 2314 1529 2351 F.
1539 2315 1756 2350 Schoellius:
1771 2315 1960 2350 herculem
1975 2315 2015 2349 F
2033 2316 2037 2362 Ι

326 2373 420 2407 quos
445 2373 552 2397 uarro
579 2361 694 2398 etiam
720 2362 888 2407 sequitur
917 2362 951 2397 T
964 2364 976 2408 ΙΙ
1000 2361 1096 2398 alios
1125 2362 1159 2398 G
1177 2364 1189 2409 ΙΙ
1221 2367 1243 2397 4
1267 2362 1422 2408 quidam
1448 2391 1455 2398 .
1479 2390 1486 2398 .
1508 2390 1515 2398 .
1542 2373 1635 2407 quos
1661 2373 1727 2397 om.
1759 2362 1792 2397 T
1805 2363 1816 2408 ss
1849 2374 1872 2398 a
1896 2363 2020 2398 Numa
2064 2364 2066 2367 ’

326 2409 452 2445 anima
477 2409 517 2444 F
538 2411 551 2455 ss
582 2413 603 2444 5
629 2409 741 2446 acilia
767 2410 802 2445 G
825 2412 838 2456 ΙΙ
869 2421 892 2445 a
918 2410 1016 2446 saltu
1042 2411 1137 2445 bene
1166 2411 1202 2445 T>
1224 2411 1236 2456 ss
1268 2416 1288 2446 6
1313 2410 1399 2454 sort.
1426 2410 1558 2445 horum
1584 2414 1736 2445 numero
1762 2422 1825 2445 x11.
1852 2410 2034 2445 Hostilius

326 2457 482 2492 addidit.
509 2457 745 2502 Dempsterus
771 2457 875 2493 auxit
894 2468 967 2503 pro
992 2457 1138 2492 addidit
1163 2458 1314 2494 coniecit
1331 2459 1343 2504 ΙΙ
1373 2458 1502 2493 hostili
1529 2457 1562 2492 G
1580 2459 1592 2502 ΙΙ
1625 2462 1643 2493 7
1672 2457 1896 2492 carminibus
1922 2456 2032 2493 salia—

304 2504 428 2551 ribus
463 2504 497 2538 T
530 2506 542 2549 ΙΙ
580 2509 600 2540 8
633 2505 765 2549 pauori
796 2506 833 2540 et
862 2504 1000 2550 pallori
1027 2504 1072 2540 F.
1112 2506 1158 2549 ef.
1188 2506 1327 2541 Preller
1359 2505 1481 2540 Roem.
1510 2505 1666 2550 Mythol.
1687 2516 1727 2549 p.
1756 2508 1823 2540 612
1850 2505 1972 2540 adnot.
1999 2508 2033 2549 3,

329 2552 558 2596 Marquardt
589 2551 711 2587 Roem.
738 2552 969 2589 Staatsverw.
996 2552 1048 2587 ΙΙΙ
1074 2564 1114 2597 p.
1141 2556 1209 2588 412
1241 2553 1365 2589 adnot.
1392 2557 1424 2587 4.
1475 2552 1579 2587 Livii
1609 2553 1718 2588 verba
1751 2563 1843 2597 quae
1877 2555 1964 2587 sunt
2001 2551 2032 2596 (I

327 2602 384 2642 27,
412 2600 448 2643 7)
478 2598 627 2634 ‘Tullus
651 2600 694 2634 in
717 2611 756 2634 re
780 2600 925 2644 trepida
950 2600 1138 2635 duodecim
1168 2601 1265 2635 vovit
1289 2599 1410 2636 Salios
1440 2600 1601 2644 fanaque
1629 2599 1775 2635 Pallori
1799 2610 1842 2635 ae
1870 2599 2029 2634 Pavori’

326 2646 540 2681 scholiastae
563 2646 695 2689 fraudi
717 2647 868 2690 fuerunt
900 2648 913 2691 ΙΙ
944 2651 964 2682 9
990 2647 1175 2682 tuscalani
1201 2647 1234 2682 G
1272 2647 1430 2682 Tuscani
1454 2647 1690 2692 Dempsterus
1720 2648 1731 2693 ΙΙ
1771 2651 1812 2681 11
1838 2646 1925 2693 hos]
1952 2657 2032 2682 saos

327 2694 423 2738 quod
459 2693 661 2729 Lobeekius
698 2694 876 2739 Aylaoph.
905 2706 944 2739 p.
974 2698 1063 2730 1292
1102 2696 1211 2730 veteri
1244 2695 1457 2730 scholiastae
1488 2694 1579 2729 Aen.
1609 2695 1640 2729 II
1666 2697 1736 2730 325
1773 2695 1931 2729 restituit
1969 2694 2034 2728 hoc

327 2752 465 2786 quoque
490 2741 565 2776 loco
589 2741 819 2776 scribendum
843 2752 914 2776 esse
939 2746 1054 2777 censet
1078 2742 1275 2778 Kettnerus
1308 2742 1461 2778 Varron.
1490 2742 1595 2778 Stud.
1619 2753 1656 2787 p.
1678 2747 1699 2777 9
1726 2742 1847 2777 adnot.
1874 2742 1886 2788 ΙΙ
1911 2752 2031 2776 samo—

328 2789 493 2827 tracibus
519 2789 607 2823 libri
624 2789 636 2834 ΙΙ
667 2792 709 2823 12
736 2787 794 2823 dis
821 2788 854 2822 T
870 2790 882 2833 ΙΙ
902 2788 1016 2823 etiam
1042 2800 1107 2825 om.
1130 2789 1170 2824 F
1185 2790 1198 2834 ss
1215 2790 1370 2825 tradunt
1399 2789 1432 2824 T
1445 2790 1457 2834 ΙΙ
1475 2788 1678 2824 Mamor-rio
1706 2789 1935 2833 Marquardt
1959 2789 1981 2824 l.
2009 2789 2031 2822 l.

328 2836 452 2872 adnot.
479 2840 500 2871 8
525 2834 736 2871 dubitanter
755 2836 933 2880 proponit
951 2836 963 2880 ll
995 2839 1038 2870 13
1065 2837 1188 2871 alesus
1212 2837 1252 2871 F
1267 2838 1280 2882 ΙΙ
1313 2840 1356 2871 14
1380 2837 1551 2872 laudaret
1580 2837 1611 2870 T
1628 2838 1639 2882 ΙΙ
1665 2838 1795 2871 auctor
1819 2835 1868 2878 F,
1893 2846 1959 2870 om.
1989 2835 2032 2877 T,

330 2883 462 2918 auctae
484 2883 624 2918 Daniel
641 2885 653 2929 ss
674 2887 717 2918 16
744 2887 782 2918 et
800 2883 866 2919 olel.
888 2893 906 2918 s
924 2884 936 2928 ΙΙ
955 2885 1060 2927 gesto
1087 2884 1121 2917 A
1161 2886 1269 2928 gesta
1288 2884 1316 2919 S
1341 2885 1445 2928 (eor-,r
1467 2886 1528 2929 as)
1547 2885 1559 2929 ΙΙ
1581 2887 1622 2918 18
1651 2883 1873 2918 conveniant
1891 2881 2031 2917 Masvi—

330 2931 427 2965 cius:
455 2930 681 2966 conueniunt
699 2930 739 2965 F
754 2931 766 2977 ΙΙ
784 2930 998 2976 pertineant
1018 2930 1240 2967 Masvicius:
1266 2930 1457 2976 pertinant
1481 2931 1521 2966 F
1555 2930 1743 2976 pertinent
1767 2929 1913 2964 Daniel.
1945 2930 2029 2972 fort.

330 2979 369 3012 et
394 2989 421 3012 s.
448 2977 473 3012 i.
501 2977 738 3022 conveniunt,
765 2988 794 3012 c.
823 2989 854 3013 a.
882 2989 908 3013 s.
935 2977 1153 3022 pertinenti}
1184 2981 1229 3013 20
1254 2979 1285 3013 is
1311 2979 1458 3023 scripsi:
1484 2978 1542 3013 his
1555 2943 1609 3012 pF
1642 2977 1704 3012 hic
1729 2976 1863 3011 Daniel
1880 2977 1893 3021 ΙΙ
1917 2977 2030 3012 adeos

333 3023 381 3069 F,
407 3035 498 3060 corr.
513 3025 651 3060 Daniel
670 3026 681 3071 ΙΙ
700 3037 769 3070 qur
788 3024 836 3068 F,
862 3035 928 3060 om.
943 3024 977 3059 G
995 3025 1006 3070 ΙΙ
1026 3028 1069 3059 21
1096 3027 1225 3069 operto
1247 3025 1295 3068 F,
1321 3027 1462 3061 correoei
1480 3026 1492 3071 ΙΙ
1511 3025 1648 3070 legitur
1674 3024 1772 3059 enim
1799 3052 1806 3059 .
1828 3052 1835 3059 .
1859 3052 1865 3058 .
1893 3023 2031 3059 amictu

329 3073 372 3107 in
395 3072 521 3108 dextro
547 3071 801 3108 Floriaeensis
832 3073 994 3117 maryine
1024 3072 1164 3116 scripta
1193 3076 1296 3114 sunt,
1328 3074 1451 3117 itaque
1481 3073 1610 3107 desunt
1639 3071 1682 3106 in
1706 3071 2030 3115 Autissiodorensi,

329 3120 394 3165 qui
417 3119 637 3164 superiorem
662 3120 791 3155 scholii
809 3123 955 3165 partem
977 3119 1082 3154 habet
1106 3119 1118 3165 ΙΙ
1148 3122 1191 3153 22
1217 3120 1334 3164 ipsius
1360 3119 1562 3154 admonitio
1589 3119 1708 3153 omisit
1733 3117 1872 3153 Daniel
1890 3119 1895 3165 Ι
1927 3119 2027 3154 dete-

331 3168 389 3201 sto
415 3167 455 3201 F
487 3168 501 3212 ΙΙ
537 3166 781 3202 sacrificanto.
826 3168 865 3202 et
896 3167 969 3202 fuit
998 3166 1146 3211 scripsi:
1184 3166 1406 3201 sacrificanti
1437 3166 1519 3200 faut
1545 3165 1585 3200 F
1619 3165 1836 3201 sacrificant.
1870 3166 1884 3200 i
1941 3165 2032 3201 facit

331 3215 470 3249 Daniel
487 3215 499 3260 ΙΙ
518 3217 563 3248 23
589 3225 635 3249 ne
662 3214 743 3258 quis
771 3215 994 3249 Masvicius:
1020 3224 1066 3249 ne
1092 3213 1132 3248 F
1147 3214 1159 3259 ΙΙ
1177 3213 1330 3249 habitus
1350 3213 1546 3249 mitat-etur
1567 3213 1616 3256 F,
1641 3224 1731 3248 corr.
1752 3212 1892 3248 Daniel
