2124 3600
587 221 738 260 COMM.
764 221 817 258 ΙΝ
846 221 985 259 VERG.
1013 222 1124 259 AEN.
1151 222 1201 258 vi
1228 226 1306 258 724.
1719 219 1800 270 101

91 333 208 376 aliud
240 333 370 376 clima
399 332 620 375 hominem
660 335 860 375 naturam
892 347 943 374 ex
974 334 1098 388 parte
1131 333 1317 384 mutare3
1359 331 1408 373 de
1441 333 1536 374 toto
1569 330 1684 373 enim
1716 345 1804 374 non

89 408 254 461 potest,
294 404 394 460 quia
431 404 476 446 in
513 404 726 459 principio
760 403 926 458 accepit
959 405 1121 446 sortem
1153 402 1347 458 corporis
1380 403 1459 444 sui.
1521 415 1624 458 ergo
1658 401 1804 444 anima

89 493 168 534 pro
209 476 419 532 qualitate
459 478 526 518 est
557 475 763 530 corporis.
825 477 869 516 et
900 489 984 530 qua
1021 475 1191 517 ratione
1223 489 1291 516 res
1325 473 1477 516 melior
1510 476 1576 515 est
1607 473 1653 515 in
1685 475 1803 528 pote-

90 550 203 590 state
229 547 484 590 deterioris?
518 547 638 602 atqui
670 546 840 588 divinus
868 545 1036 588 animus
1063 545 1212 588 debuit
1243 560 1399 600 corpus
1426 544 1585 586 habere
1611 544 1657 586 in
1682 547 1802 600 pote-

89 622 218 674 state,
250 634 338 662 non
370 619 552 660 mortale
579 632 734 673 corpus
761 620 962 660 naturam
991 616 1125 659 animi
1150 631 1436 671 corrumpere.
1486 615 1559 658 sed
1592 615 1674 658 hoc
1705 616 1801 658 ideo
1829 622 1851 655 5

88 691 155 746 fit,
194 690 295 746 quia
327 690 424 746 plus
458 693 525 732 est
557 689 671 745 quod
702 689 913 744 continet,
955 703 1084 743 quam
1116 687 1231 744 quod
1263 688 1517 730 continetur.
1567 690 1617 729 ut
1649 688 1685 729 si
1716 688 1802 730 leo-

87 777 185 804 nem
218 761 416 804 includas
448 762 495 803 in
527 775 718 815 caveam,
752 760 970 815 inpeditus
1003 759 1090 801 vim
1119 774 1241 802 suam
1273 774 1362 802 non
1392 758 1551 814 perdit,
1584 758 1658 800 sed
1685 774 1801 801 exer·

87 848 182 875 cere
214 847 302 875 non
333 834 499 888 potest,
536 831 599 874 ita
632 832 800 873 animus
832 846 921 874 non
953 831 1114 873 transit
1143 831 1189 873 in
1218 830 1327 873 vitia
1358 830 1570 885 corporis,
1603 830 1677 872 sed
1710 831 1801 872 eius

87 903 388 947 coniunctione
421 903 640 958 inpeditur
671 918 749 946 nec
782 905 951 946 exercet
984 903 1068 944 vim
1104 917 1237 944 suam.
1295 902 1484 944 occurrit
1514 901 1642 944 illud:
1675 917 1801 944 omne

87 975 203 1032 quod
247 976 539 1030 corrumpitur
583 977 807 1016 aeternum
846 989 933 1017 non
972 975 1048 1016 est.
1112 974 1148 1016 si
1186 973 1355 1016 animus
1393 974 1559 1015 insanit
1599 973 1801 1015 irascitur
1828 980 1872 1012 10

86 1047 304 1089 desiderat
332 1046 476 1101 timet,
509 1049 627 1089 caret
659 1046 935 1101 aeternitate,
968 1045 1034 1088 cui
1065 1047 1165 1087 sunt
1189 1044 1276 1087 ista
1308 1045 1542 1087 contraria:
1574 1059 1677 1086 nam
1703 1059 1800 1100 pas-

86 1118 149 1160 sio
184 1119 487 1161 aeternitatem
513 1117 702 1161 resolvit.
753 1117 868 1173 quod
899 1117 996 1160 ideo
1028 1116 1188 1159 falsum
1221 1130 1314 1158 esse
1347 1117 1547 1171 dicimus,
1580 1116 1681 1172 quia
1710 1116 1799 1158 ani-

85 1205 181 1231 mus
219 1205 296 1245 per
328 1205 372 1233 se
404 1189 513 1232 nihil
550 1189 734 1244 patitur,
772 1189 846 1231 sed
878 1189 1049 1231 laborat
1081 1202 1131 1230 ex
1164 1187 1358 1243 corporis
1398 1188 1718 1240 coniunctione,
1758 1190 1801 1230 et

85 1261 202 1304 aliud
241 1264 307 1304 est
350 1276 427 1317 per
472 1275 593 1303 suam
637 1262 838 1302 naturam
883 1259 1117 1315 corrumpi,
1162 1259 1277 1302 aliud
1323 1273 1399 1314 per
1437 1259 1700 1302 contrarium
1738 1259 1799 1300 rei

86 1332 275 1375 alterius.
336 1332 534 1376 videmus
573 1332 686 1374 enim
727 1332 814 1374 tale
853 1331 1035 1386 aliquid,
1080 1334 1128 1373 ut
1168 1330 1212 1373 in
1250 1330 1442 1384 lucerna,
1486 1344 1596 1385 quae
1639 1344 1716 1386 per
1754 1345 1798 1373 se
1826 1338 1869 1370 15

85 1404 200 1446 clara
232 1407 299 1446 est
331 1407 374 1447 et
405 1405 564 1458 locum,
596 1403 642 1445 111
674 1417 758 1457 quo
791 1404 877 1456 est,
910 1402 1003 1444 sine
1036 1402 1167 1444 dubio
1195 1401 1443 1456 inluminat,
1475 1401 1550 1443 sed
1576 1402 1613 1444 si
1638 1417 1724 1457 qua
1752 1417 1797 1444 re

85 1478 202 1517 tecta
232 1475 362 1517 fuerit
394 1478 438 1517 et
467 1474 652 1529 inclusa,
690 1488 776 1516 non
808 1473 950 1530 perdit
982 1473 1251 1528 splendorem
1284 1473 1525 1528 proprium,
1565 1473 1639 1528 qui
1669 1473 1715 1516 in
1747 1489 1798 1516 ea

84 1548 150 1588 est
186 1571 233 1576 —
269 1549 434 1589 remoto
467 1561 653 1601 namque
686 1545 981 1601 inpedimento
1015 1547 1197 1601 apparet
1222 1570 1277 1574 —
1310 1559 1388 1588 1100
1420 1547 1567 1587 tamen
1600 1545 1700 1600 quia
1731 1545 1795 1587 111-

85 1617 255 1674 peditus
294 1620 361 1660 est
399 1618 490 1660 eius
529 1618 671 1674 vigor,
713 1617 808 1659 ideo
847 1617 976 1659 etiam
1015 1618 1255 1672 corruptus
1317 1606 1379 1659 i‘ta
1417 1630 1519 1672 ergo
1553 1619 1596 1658 et
1628 1617 1796 1659 animus

84 1689 290 1744 quamdiu
321 1691 388 1731 est
413 1689 458 1731 in
484 1703 681 1744 corpore,
713 1689 877 1745 patitur
906 1689 995 1731 eius
1023 1689 1323 1745 contagiones:
1357 1688 1487 1730 simul
1514 1691 1642 1744 atque
1667 1688 1791 1743 depo·
1822 1696 1868 1727 20

86 1760 222 1803 suerit
263 1775 434 1815 corpus,
478 1760 630 1815 recipit
668 1775 792 1802 suum
831 1760 1025 1816 vigorem
1064 1763 1107 1802 et
1143 1763 1299 1803 natura
1336 1761 1472 1802 utitur
1508 1759 1696 1814 propria.
1759 1760 1796 1802 si

84 1845 187 1887 ergo
214 1832 368 1886 recipit
393 1833 596 1873 naturam
621 1845 759 1886 suam,
791 1846 922 1887 quare
954 1846 1116 1887 poenas
1143 1831 1256 1888 apud
1282 1831 1446 1874 inferos
1473 1830 1668 1886 patitur?
1699 1831 1794 1874 ideo

86 1902 187 1958 quia
219 1918 304 1958 res,
343 1918 450 1958 quae
484 1903 612 1945 simul
645 1903 717 1945 diu
749 1903 848 1957 fuit,
885 1917 974 1945 non
1005 1906 1153 1959 potest
1185 1903 1381 1958 deposita
1413 1900 1511 1958 ipsa
1541 1917 1604 1954 re,
1643 1903 1794 1945 statim

85 1973 138 2016 ad
171 1988 293 2015 suum
327 1974 513 2015 nitorem
543 1974 711 2016 reverti.
761 1976 810 2015 ut
836 1974 871 2015 si
898 1974 1084 2029 speciem
1111 1974 1339 2016 candidam
1366 1974 1545 2016 missam
1577 1974 1622 2016 in
1654 1975 1794 2016 lutum

84 2044 253 2099 polluas
286 2048 330 2087 et
361 2059 454 2086 eam
483 2045 630 2087 statim
658 2045 844 2100 auferas,
875 2059 963 2087 non
988 2045 1145 2087 idcirco
1173 2045 1371 2087 sordibus
1398 2046 1534 2095 caret,
1567 2044 1641 2086 sed
1674 2045 1793 2087 ablu·
1819 2052 1864 2085 25

82 2116 245 2159 tionem
283 2116 484 2172 requirit,
521 2119 570 2158 ut
606 2116 650 2158 in
687 2117 918 2172 pristinum
957 2117 1140 2159 nitorem
1178 2117 1320 2172 possit
1356 2115 1514 2158 redire:
1557 2116 1618 2158 sic
1648 2116 1794 2158 anima

85 2203 135 2230 ex
161 2203 211 2231 eo
238 2188 351 2244 quod
379 2188 504 2230 datur
525 2188 696 2243 corpori
721 2188 957 2244 inquinata,
985 2188 1113 2230 etiam
1142 2188 1177 2230 si
1205 2203 1360 2243 corpus
1388 2187 1588 2243 deponat,
1619 2201 1792 2230 necesse

81 2259 214 2302 habet
251 2260 440 2316 purgari.
491 2260 539 2301 si
572 2274 675 2316 ergo
707 2262 950 2316 purgantur
982 2263 1025 2302 et
1055 2260 1267 2314 recipiunt
1303 2262 1503 2302 naturam
1537 2273 1680 2314 suam,
1718 2274 1792 2302 cur

179 2382 196 2412 1
224 2376 338 2412 alium
365 2376 516 2412 climma
543 2376 640 2424 0113
668 2377 731 2412 sed
758 2388 833 2422 qua
857 2377 1001 2413 ratione
1028 2377 1134 2413 Gerh.
1169 2376 1318 2423 Vossius
1337 2378 1348 2424 ΙΙ
1368 2376 1457 2423 qua]
1484 2375 1640 2421 antiqua
1666 2388 1739 2422 qua
1764 2377 1794 2412 S

83 2425 251 2469 (antiqua
276 2425 341 2460 del.
369 2425 399 2470 s)
420 2425 431 2471 ΙΙ
459 2429 481 2459 4
508 2425 612 2470 atqui
638 2425 711 2460 AS
719 2425 763 2461 Ο
791 2427 879 2470 autq
885 2426 923 2460 ui
948 2425 984 2460 R
1024 2425 1154 2471 asstqui
1181 2425 1225 2459 H
1257 2424 1418 2480 atssssqui
1445 2425 1492 2459 Μ
1517 2425 1627 2470 (duae
1651 2425 1792 2460 litterae

82 2472 214 2508 deletae
238 2473 339 2517 sumt)
377 2471 508 2517 autqui
533 2472 582 2546 Fi
607 2472 715 2518 utqui
741 2473 775 2508 G
802 2474 813 2519 ΙΙ
847 2437 879 2507 5q
895 2483 1027 2518 corpus
1050 2472 1210 2508 mortale
1239 2473 1297 2516 M,
1328 2473 1393 2518 qui
1417 2473 1591 2507 naturam
1619 2500 1627 2508 .
1650 2500 1657 2507 .
1679 2500 1686 2507 .
1715 2483 1792 2508 cor-

82 2565 254 2599 rumpere
280 2555 413 2590 omittit
431 2556 443 2602 ΙΙ
462 2555 587 2590 anima
611 2557 783 2591 naturam
804 2555 840 2591 R
859 2557 871 2602 ΙΙ
891 2555 976 2602 1100]
1002 2556 1095 2591 haec
1114 2555 1193 2591 FG
1211 2557 1223 2602 ΙΙ
1242 2559 1263 2591 6
1283 2555 1341 2602 fit]
1367 2554 1442 2590 fuit
1461 2554 1495 2590 G
1513 2556 1525 2601 ΙΙ
1547 2558 1565 2590 7
1586 2544 1789 2600 inpeditus]

81 2601 262 2647 impetum
289 2604 327 2637 et
352 2601 430 2638 FG
458 2604 470 2649 ΙΙ
505 2606 527 2638 8
554 2603 619 2638 sed
645 2614 688 2638 ex
714 2603 792 2657 eius
818 2602 905 2639 RF
928 2604 940 2650 ΙΙ
977 2607 998 2638 9
1025 2602 1323 2647 coniunctionem
1351 2602 1388 2637 R
1427 2602 1727 2638 coniunctionem
1754 2602 1795 2637 F

81 2649 270 2685 iunctione
296 2649 330 2685 G
348 2650 360 2696 ΙΙ
377 2649 581 2695 impeditus
605 2650 683 2686 Rc
716 2650 779 2697 inp
783 2651 905 2686 editus
931 2651 980 2685 M
1017 2651 1164 2696 peditus
1185 2649 1226 2685 F
1259 2650 1428 2695 perditur
1447 2649 1480 2685 G
1499 2651 1511 2695 ΙΙ
1530 2650 1614 2696 000]
1641 2661 1715 2685 non
1744 2651 1793 2685 M

81 2696 93 2743 ΙΙ
120 2700 164 2732 10
190 2697 446 2742 conrumpitur
465 2696 543 2732 FO
558 2698 570 2744 ΙΙ
591 2701 633 2732 12
659 2699 823 2734 resoluet
844 2699 877 2733 A
887 2698 915 2733 S
951 2698 1148 2746 resolusslit
1168 2698 1210 2733 H
1234 2698 1440 2744 (resoluant
1463 2698 1578 2741 fuisse
1602 2698 1789 2742 videtur)

84 2748 125 2779 13
151 2743 247 2779 nihil
271 2755 338 2789 per
364 2756 401 2780 se
430 2745 479 2779 M
485 2744 564 2780 FG
583 2746 595 2791 ΙΙ
614 2746 653 2781 et
677 2757 744 2781 om.
761 2746 834 2780 As
842 2746 877 2780 R
886 2746 930 2780 H
944 2747 955 2792 ΙΙ
978 2749 1020 2780 14
1046 2744 1274 2781 contrarium
1298 2745 1469 2780 ASRH
1488 2745 1787 2790 mythoyraphus:

81 2793 294 2828 contactum
322 2793 370 2827 M
376 2792 456 2827 FG
494 2794 726 2829 contractum
753 2793 784 2829 G
799 2795 810 2839 ΙΙ
832 2797 875 2828 15
901 2792 1063 2828 uidimus
1091 2792 1172 2828 FG
1190 2794 1202 2840 ΙΙ
1220 2795 1263 2828 ut
1288 2804 1353 2829 om.
1376 2792 1410 2827 G
1435 2795 1468 2828 et
1492 2803 1540 2827 m
1528 2793 1788 2839 Jthoyraphus

79 2839 233 2882 fortasse
257 2843 347 2875 recte
375 2840 386 2886 ΙΙ
417 2841 550 2876 ut..
578 2840 650 2886 est]
677 2842 720 2875 ut
744 2841 897 2876 lucerna
921 2851 988 2885 per
1013 2851 1050 2876 se
1078 2841 1179 2876 clara
1205 2842 1261 2875 est
1288 2841 1338 2875 M
1366 2842 1389 2887 ΙΙ·
1417 2844 1460 2875 16
1486 2840 1517 2875 si
1543 2851 1617 2885 qua
1641 2839 1696 2886 re]
1724 2840 1789 2884 qui

80 2889 180 2922 recte
206 2887 250 2922 H
264 2888 275 2933 ΙΙ
297 2891 340 2923 18
365 2868 547 2932 apparent
573 2886 691 2923 FGG
706 2889 717 2934 ΙΙ
739 2891 781 2923 19
807 2889 861 2923 ita
887 2899 952 2923 om
980 2889 1026 2922 M
1043 2889 1055 2935 ΙΙ
1075 2892 1120 2924 20
1144 2888 1184 2923 in
1208 2888 1279 2924 hoc
1305 2897 1459 2933 corpore
1487 2887 1544 2933 011
1564 2886 1788 2932 contagione

82 2969 160 3004 SH
195 2969 497 3015 coniugationem
525 2969 556 3005 Ο
571 2971 583 3017 ΙΙ
602 2970 716 3005 simul
740 2971 868 3017 atque]
895 2973 935 3006 at
960 2982 1043 3006 cum
1069 2972 1105 3006 A
1130 2970 1414 3016 mythoqraphas
1451 2969 1562 3004 simul
1588 2942 1790 3015 atqueumS

82 3016 192 3051 simul
217 3019 370 3062 atquam
396 3017 475 3053 FG
494 3018 506 3063 11
534 3021 577 3052 21
605 3018 747 3063 recepit
772 3018 811 3052 F
819 3017 894 3053 GC
908 3019 920 3065 11
948 3022 992 3053 22
1019 3019 1161 3064 recepit
1186 3017 1225 3052 F
1231 3016 1303 3052 GO
1320 3018 1331 3063 ΙΙ
1357 3027 1463 3052 suam
1489 3018 1571 3053 hab.
1600 3016 1647 3060 G,
1673 3017 1788 3052 edidit

82 3063 287 3108 Stephanus
323 3066 335 3111 ΙΙ
370 3066 454 3112 fort.
482 3064 567 3101 ideo
599 3065 687 3110 quia
718 3077 776 3101 res
806 3078 882 3101 non
913 3069 1039 3111 potest
1064 3064 1255 3140 deposita
1266 3063 1350 3109 ipsa
1373 3076 1431 3109 re,
1463 3075 1559 3109 quae
1586 3064 1697 3099 simul
1722 3063 1786 3098 diu

1226 3111 1361 3144 vigorem

82 3144 171 3189 tuit,
197 3146 323 3181 statim
348 3158 375 3183 e.
402 3158 433 3192 q.
459 3158 487 3183 8.
507 3149 520 3193 ΙΙ
544 3152 589 3183 23
614 3148 696 3193 ipsa
721 3159 787 3183 om.
815 3149 856 3183 H
873 3150 885 3195 ΙΙ
913 3152 958 3183 24
984 3148 1032 3183 ad
1059 3160 1161 3183 suam
1191 3147 1373 3192 originem
1395 3148 1443 3182 M
1467 3148 1498 3189 (t
1525 3146 1688 3191 vigorem
1708 3146 1758 3190 m)
1775 3144 1788 3191 Η

86 3192 221 3227 reuerti
245 3193 405 3229 nitorem
430 3194 466 3229 R
491 3196 502 3240 ΙΙ
534 3196 711 3241 speciem]
740 3197 980 3241 maigaritam
1006 3207 1040 3231 m
1041 3195 1289 3242 Jtltoyraphus
