2092 3614
257 639 278 670 <7¹

236 997 279 1027 10

235 1353 277 1384 15

230 1712 276 1743 20

230 2070 275 2101 25

305 235 392 277 578
1050 264 1058 266 v
1079 238 1240 274 SERVII

304 346 474 388 timoris
512 346 693 388 dedecus
734 347 852 389 solus
883 348 990 389 meis
1022 349 1256 390 virtutibus
1286 349 1564 403 conprimam.
1613 351 1692 393 alii
1716 344 1888 394 ‘crimen'
1909 366 2015 394 com-

303 416 453 472 mund,
491 419 541 460 id.
575 422 634 460 est
669 419 856 461 omnium
884 414 1154 462 Latinorum.
1216 423 1255 462 et
1291 419 1474 462 ‘crimen’
1516 422 1578 463 ait
1612 423 1721 475 quod
1758 423 1933 465 Troiani
1968 424 2016 465 in

304 488 439 531 Italia
469 491 743 532 consederunt.
1306 497 1309 500 ⁴

429 562 492 602 17.
543 579 624 604 AVT
654 579 812 603 HABEAT
849 578 978 605 moros
1012 564 1158 605 vitavit
1179 567 1351 617 propter
1381 577 1497 606 omen
1520 565 1745 618 pessimum
1777 565 1938 607 verbum
1969 566 2017 608 de

303 645 355 682 se,
386 633 496 685 quod
524 633 573 674 de
596 632 739 675 Aenea
769 634 941 677 dixe-at
967 632 1051 675 ‘ille
1081 647 1145 675 me
1174 634 1221 675 in
1250 634 1432 675 Tartara
1463 633 1640 685 mittat';
1671 636 1742 677 sed
1763 636 1826 677 ait
1851 634 2015 679 ‘victos'.

305 721 431 747 GEDAT
459 721 622 747 LAVINIA
656 721 829 747 commus
862 708 909 746 ut
947 704 1039 759 <XI
1072 705 1187 759 321>
1233 706 1370 747 cedat
1405 697 1663 748 amicitiae
1702 707 2015 758 Teucrorum,

303 775 350 816 id
378 778 438 816 est
465 776 510 817 in
535 777 775 829 praemium
805 777 1000 818 victoriae
1031 778 1230 819 concedat.

349 901 351 904 ι
428 848 493 889 18.
543 858 729 890 SEDATO
763 859 917 891 CORDE
957 849 1057 903 quia
1095 848 1146 890 de
1178 848 1325 891 Turno
1366 849 1427 891 ait
1460 849 1575 904 <10>
1618 852 1770 904 atque
1803 850 1877 892 ita
1908 852 2016 892 tur-

305 918 453 960 bidus
487 919 623 960 infit.
681 922 719 960 et
747 920 986 973 qualitatem
1019 921 1220 962 orationis
1248 921 1467 974 praedixit.

428 990 493 1032 19.
544 1002 573 1033 0
612 1002 880 1034 PRAESTANS
919 1003 1054 1033 ANIMI
1100 994 1142 1033 et
1179 991 1420 1047 ‘praestans
1462 992 1646 1044 virium'‚
1692 995 1735 1034 et
1774 992 2015 1048 ‘praestans
2056 1014 2057 1017 ¹

307 1060 487 1103 viribus'
528 1061 722 1104 dicimus.
786 1077 889 1104 sane
922 1077 1105 1119 magnae
1137 1063 1449 1105 moderationis
1481 1066 1548 1105 est
1579 1064 1687 1106 haec
1718 1064 1876 1106 oratio:
1914 1079 2015 1106 nam

305 1135 348 1173 et
386 1132 537 1174 laudat
567 1132 758 1175 Turnum
798 1135 921 1189 quasi
962 1135 1100 1176 virum
1138 1134 1315 1190 fortem,
1357 1138 1399 1176 et
1435 1138 1581 1177 tamen
1619 1151 1718 1177 eum
1750 1151 1775 1177 a
1807 1136 2016 1191 singulari

306 1205 541 1246 certamine
573 1204 843 1247 dehortatur:
876 1205 1021 1248 dicens
1055 1206 1168 1247 euim
1202 1204 1447 1260 ‘praestans
1480 1206 1628 1249 animi'
1662 1208 1847 1249 latenter
1873 1209 2017 1249 osten-

306 1275 381 1330 dit,
415 1291 511 1318 eum
543 1276 793 1319 inferiorem
825 1292 918 1319 esse
951 1277 1123 1320 virtute.

424 1349 493 1391 21.
543 1360 829 1391 EXPENDERE
862 1361 1001 1392 CASVS
1033 1364 1086 1391 ne
1119 1364 1168 1391 ex
1204 1350 1388 1404 abrupto
1415 1349 1465 1391 de
1492 1349 1582 1391 eius
1608 1350 1766 1392 virtute
1790 1350 2016 1405 desperare

305 1419 514 1474 videatur,
547 1434 722 1462 casuum
756 1421 1011 1463 varietatem
1045 1435 1089 1462 se
1123 1421 1275 1462 timere
1308 1424 1627 1463 commemorat.
1826 1478 1830 1481 Δ

424 1491 492 1534 22.
544 1503 664 1534 svm·
699 1504 794 1534 'r1131
826 1503 981 1534 REGNA
1008 1503 1172 1534 PArRis
1200 1504 1346 1534 DAVNI
1374 1503 1493 1534 SVNT
1521 1504 1692 1534 OPPIDA
1725 1496 1867 1547 aryute
1897 1497 2018 1548 neyat

302 1563 369 1604 illi
397 1576 475 1604 sua
505 1577 645 1625 peyna,
675 1564 813 1605 dicmzs
843 1564 883 1605 ei
914 1577 995 1606 esse
1025 1564 1125 1619 alia,
1155 1567 1202 1605 ut
1231 1563 1328 1605 haec
1359 1565 1479 1605 malit
1508 1562 1675 1606 Turnus
1705 1577 1808 1617 quae
1832 1577 1909 1606 sua
1933 1565 2015 1606 vir—

304 1637 386 1675 tute
417 1635 629 1688 quaesivit.
677 1649 820 1677 sensus
851 1650 943 1690 erqo
973 1639 1052 1678 est:
1085 1635 1120 1677 si
1154 1638 1332 1690 propter
1363 1649 1540 1691 regnum
1560 1635 1778 1677 dimicare
1812 1635 2015 1691 disponis,

304 1705 440 1747 habes
473 1708 723 1764 paternum3
754 1707 791 1749 si
822 1710 999 1763 propter
1025 1708 1227 1763 gloriam,
1257 1708 1416 1749 multos
1445 1707 1604 1749 virtute
1631 1707 1857 1762 superasti.
1902 1707 2014 1762 quod

304 1780 447 1819 autem
488 1778 593 1819 dicit
633 1777 726 1820 ‘nec
758 1793 845 1820 non
878 1793 1113 1834 aurumque
1147 1779 1400 1834 animusque
1432 1779 1590 1821 Latino
1624 1778 1703 1821 est’
1736 1779 1853 1821 varie
1886 1793 2011 1834 expo-

303 1848 431 1891 nitur.
489 1863 674 1904 namque
709 1850 781 1891 alii
817 1849 983 1892 dicunt:
1016 1850 1148 1892 habes
1180 1863 1360 1906 regnum
1392 1852 1634 1906 paternum,
1667 1850 1801 1893 habes
1835 1849 2013 1906 oppida3

303 1921 432 1962 etiam
474 1935 500 1962 a
539 1936 607 1963 me
645 1921 779 1963 habes
820 1936 970 1963 aurum
1011 1925 1054 1963 et
1092 1924 1340 1977 promptum
1380 1922 1569 1963 animum
1609 1921 1661 1963 ad
1695 1921 1836 1964 danda
1868 1922 2013 1964 omnia

302 1995 474 2047 praeter
504 1993 656 2035 filiam:
689 1996 736 2034 ut
764 1994 812 2035 de
841 2007 883 2036 se
901 1994 1082 2036 Latinus
1112 1995 1263 2036 dixisse
1289 1994 1479 2035 videatur
1502 1994 1550 2036 de
1574 2007 1689 2045 auro,
1713 1997 1884 2048 propter
1908 1994 2017 2036 illud

303 2063 538 2119 <X1213>
569 2065 875 2118 praedivitis
911 2056 1027 2107 urbe
1064 2065 1251 2107 Latini.
1314 2065 1389 2106 alii
1427 2079 1526 2106 vero
1565 2065 1625 2106 sic
1662 2064 1938 2120 intellegunt:
1977 2064 2013 2107 si

302 2138 479 2190 propter
511 2150 615 2191 opes
648 2139 691 2178 et
723 2150 900 2178 uxorem
933 2135 1213 2178 dimicaturus
1246 2150 1302 2191 es,
1334 2135 1440 2177 haec
1472 2149 1558 2178 non
1591 2135 1706 2177 solus
1738 2135 1895 2190 habe03
1927 2137 2012 2177 cui-

301 2220 483 2263 cumque
510 2207 625 2249 enim
654 2207 811 2249 Latino
845 2211 912 2250 est
945 2210 989 2250 et
1021 2223 1172 2250 aurum
1199 2210 1242 2250 et
1269 2207 1437 2249 animus
1459 2210 1691 2262 *promptus
1717 2207 1759 2248 in
1787 2206 2012 2262 generum3

302 2280 351 2319 ut
383 2276 574 2320 ‘Latino’
600 2274 694 2321 >non
728 2278 778 2320 de
812 2294 856 2321 se
889 2279 1016 2335 dicat,
1049 2271 1420 2334 sed‘cuicumque
1454 2279 1503 2320 de
1536 2277 1691 2320 Latio’.

420 2349 488 2391 24.
538 2361 683 2401 LA‘rro
715 2362 772 2392 ΕΤ
805 2362 1132 2394 LAVRENTIBVS
1164 2362 1301 2393 Aers
1341 2353 1383 2392 et
1419 2350 1465 2391 in
1504 2350 1697 2403 civitate,
1736 2351 1779 2390 et
1817 2349 1862 2390 in
1895 2349 2011 2391 omni

235 2427 280 2458 30
306 2434 442 2476 regno
474 2419 740 2464 Latinorum.

398 2506 415 2535 1
444 2501 618 2548 dedecus]
648 2502 829 2538 deductus
855 2503 900 2538 H
932 2503 1082 2538 cedecui
1110 2503 1176 2548 Fu
1195 2502 1282 2538 solis
1309 2503 1344 2537 R
1362 2504 1375 2547 ΙΙ
1394 2507 1414 2537 2
1440 2503 1573 2538 troiam
1602 2501 1643 2536 F
1657 2503 1669 2546 ΙΙ
1698 2506 1719 2536 4
1745 2503 1795 2537 ad
1819 2514 1889 2538 Av'r
1912 2515 1946 2537 H.
1973 2515 2007 2538 V.

300 2560 327 2584 s.
355 2559 387 2583 v.
412 2549 535 2584 noluit
559 2550 715 2584 uerbum
741 2550 863 2585 dicere
895 2552 1047 2596 propter
1073 2562 1181 2586 omen
1208 2550 1406 2595 pessimum
1436 2551 1481 2584 de
1508 2562 1546 2584 se
1572 2550 1670 2594 quod
1698 2578 1705 2585 .
1728 2577 1735 2585 .
1758 2578 1765 2585 .
1792 2550 1921 2585 mittat
1946 2550 2007 2585 sed
2034 2589 2037 2592 .

300 2596 440 2631 habeat
464 2596 584 2632 uictos
614 2597 647 2631 T
678 2598 691 2643 ΙΙ
728 2601 748 2632 6
774 2599 824 2633 ad
849 2610 963 2632 emur
987 2611 1017 2634 L.
1046 2611 1075 2633 ο.
1102 2610 1128 2633 s.
1155 2610 1186 2634 v.
1213 2597 1250 2632 in
1277 2598 1482 2643 praemium
1517 2597 1696 2633 uictoriae
1729 2598 1911 2633 concedat
1939 2597 1973 2631 T
2000 2597 2010 2644 Η

302 2648 322 2678 9
350 2643 447 2690 infit]
479 2654 546 2688 pro
578 2644 712 2680 decoro
745 2645 880 2680 aetatis
911 2645 1102 2680 inducitur
1133 2657 1265 2680 sermo.
1311 2646 1381 2680 hoc
1413 2647 1468 2680 est
1500 2645 1598 2690 quod
1625 2644 1810 2690 praecipit
1833 2643 2009 2680 Horatius

300 2694 339 2726 in
366 2694 446 2726 arte
472 2691 622 2736 poetica
648 2694 746 2737 (114)
776 2692 961 2728 ‘intererit
985 2694 1143 2728 multum
1171 2694 1344 2728 Davusne
1371 2694 1545 2738 loquatur
1570 2704 1616 2727 an
1642 2692 1768 2735 heros,
1795 2694 2009 2727 maturusne

301 2750 413 2774 senex
440 2750 487 2774 an
514 2740 637 2775 adhuc
662 2740 817 2776 florente
842 2740 995 2776 iuventa.
1020 2740 1199 2776 fervidus’
1230 2741 1314 2775 add.
1334 2740 1534 2775 Fabricius
1552 2741 1564 2785 ΙΙ
1586 2744 1628 2775 10
1654 2752 1764 2775 Ammo
1789 2739 1826 2774 R
1845 2740 1856 2786 ΙΙ
1873 2739 2009 2775 virium

301 2788 340 2821 et
359 2789 551 2832 praestans
572 2798 638 2822 om.
654 2787 726 2822 AS
732 2788 777 2822 H
791 2789 803 2834 ΙΙ
823 2787 973 2834 virium]
995 2787 1134 2823 uiribus
1156 2787 1196 2822 F
1211 2789 1223 2832 ss
1245 2793 1285 2822 11
1311 2788 1467 2834 viribus]
1489 2788 1625 2823 uirium
1646 2787 1685 2822 F
1701 2788 1713 2834 ΙΙ
1735 2791 1777 2822 13
1796 2787 2007 2833 praestans]

300 2834 512 2879 praecantis
538 2834 606 2881 Fu
633 2838 677 2869 14
703 2835 880 2870 uirtutem
908 2835 1025 2881 HF„
1051 2837 1100 2871 ad
1123 2847 1155 2870 v.
1186 2840 1227 2871 19
1254 2847 1337 2870 cum
1363 2836 1456 2870 haec
1483 2835 1574 2870 dicit
1599 2835 1762 2870 ostendit
1787 2833 2007 2869 sollicitudi-

301 2892 386 2916 nem
414 2892 518 2916 suam
545 2883 584 2916 et
611 2882 902 2918 beniuolentiam
929 2883 1027 2918 circa
1053 2882 1170 2918 illum.
1210 2884 1248 2918 et
1271 2883 1461 2918 laudando
1481 2883 1658 2917 uirtutem
1679 2881 1757 2917 eius
1782 2881 1829 2916 ad
1855 2880 2006 2916 audien-

302 2928 390 2963 dum
411 2940 495 2964 eum
515 2929 638 2964 reddit
658 2930 884 2975 aequiorem.
911 2931 996 2965 ideo
1017 2930 1250 2966 mollioribus
1271 2930 1462 2976 principiis
1482 2930 1616 2975 incipit
1635 2929 1798 2964 suadere.
1828 2928 2004 2964 ‘iuuenis’

302 2977 426 3011 autem
454 2976 637 3020 exquisito
663 2979 777 3012 uerbo
798 2990 884 3013 usus
906 2979 963 3013 est
987 2978 1024 3013 id
1051 2980 1108 3013 est
1132 2977 1365 3014 inconsultae
1392 2976 1539 3013 aetatis.
1579 2979 1617 3012 et
1641 2977 1712 3011 hoc
1739 2975 2005 3011 attendendum

301 3023 389 3068 quia
414 3034 486 3058 non
512 3023 609 3066 dixit
636 3025 776 3060 ferocia
802 3025 867 3060 sed
898 3024 1012 3061 feroci
1044 3025 1195 3061 uirtute.
1233 3036 1317 3060 nam
1347 3026 1385 3060 et
1410 3023 1504 3059 dixit
1529 3023 1627 3069 quod
1654 3024 1775 3058 uoluit
1799 3025 1837 3058 et
1862 3026 2006 3058 senten-

300 3071 393 3105 tiam
420 3071 582 3106 molliuit
609 3072 642 3106 Τ
665 3073 678 3117 ΙΙ
712 3076 754 3108 17
781 3075 912 3119 argute
937 3075 1052 3118 negat
1078 3101 1083 3106 .
1106 3102 1113 3108 .
1137 3101 1144 3108 .
1171 3072 1356 3116 quaesivit
1380 3073 1460 3107 hab.
1492 3072 1525 3106 T
1547 3074 1559 3117 ΙΙ
1594 3075 1634 3106 18
1661 3071 1735 3106 alia
1761 3082 1840 3106 esse
1869 3071 1902 3105 T
1923 3072 1936 3117 ΙΙ
1960 3074 2005 3106 22

300 3130 453 3164 regnum
483 3146 491 3154 .
513 3147 519 3154 .
543 3147 550 3154 .
577 3119 692 3154 habes
718 3131 785 3155 om.
812 3121 851 3155 F
879 3123 892 3166 Β
926 3123 972 3156 24
998 3121 1162 3167 praeter]
1192 3123 1342 3165 propter
1368 3119 1407 3154 F
1434 3121 1446 3164 ΙΙ
1484 3123 1530 3154 25
1555 3117 1793 3164 praediuiciis
1819 3117 1860 3153 F
1885 3120 1898 3163 ss
1935 3117 2004 3163 sic]

301 3166 397 3201 sicut
422 3165 463 3200 F
486 3167 499 3212 ΙΙ
535 3170 580 3202 26
607 3166 850 3203 dimicaturus
875 3168 930 3214 es]
957 3167 1133 3203 dimicare
1158 3169 1215 3202 uis
1241 3167 1277 3202 R
1315 3167 1555 3202 dimicaturus
1582 3166 1624 3200 II
1649 3167 1662 3211 ΙΙ
1699 3170 1743 3201 28
1770 3166 1904 3211 cuique
1929 3165 1975 3200 H
1993 3165 2006 3214 Η

301 3217 346 3248 29
372 3225 477 3248 Aonis
506 3215 555 3248 M
576 3215 588 3261 fl
613 3213 650 3249 in
676 3225 742 3251 om.
772 3215 811 3250 F
826 3217 838 3262 ΙΙ
862 3214 1079 3251 ciuitatibus
1104 3215 1220 3250 ASR
1238 3217 1250 3260 ΙΙ
1274 3214 1311 3249 in
1338 3226 1405 3250 om.
1425 3214 1461 3249 R
