2092 3614
568 248 720 287 COMM.
746 250 799 285 IN
826 248 971 286 VERG.
996 250 1107 285 AEN.
1134 249 1185 285 XI
1212 253 1411 286 544—566.
1755 250 1842 292 545

133 352 216 399 loeo
248 353 477 400 ἀπίθανον
507 356 697 414 πλάσμα.
812 371 951 402 LIBRO
983 359 1094 401 liber
1127 359 1282 402 dicitur
1313 359 1493 402 interior
1524 359 1696 403 corticis
1729 375 1843 415 pars,

134 443 243 483 quae
269 429 389 485 ligno
418 430 636 472 cohaeret:
668 430 773 472 alibi
805 432 911 473 alta
941 431 1075 472 liber
1106 433 1216 472 aret
1246 430 1295 472 in
1328 431 1475 474 ulmo.
1525 431 1637 474 unde
1664 434 1708 474 et
1733 431 1844 473 liber

132 499 289 542 dicitur
326 501 372 542 in
410 517 493 556 quo
533 502 780 557 scribimus,
818 502 920 558 quia
958 505 1057 544 ante
1095 516 1221 543 usum
1256 502 1431 544 chartae
1463 504 1533 546 vel
1564 503 1841 545 membranae

131 570 182 612 de
212 571 335 613 libris
368 573 570 615 arborum
601 573 824 615 volumina
854 574 1018 628 fiebant,
1049 573 1096 615 id
1124 576 1182 615 est
1213 574 1627 629 conpaginabantur.

250 643 348 685 557.
397 662 504 686 Arm
539 662 621 687 TJBI
647 661 754 687 HANG
782 661 913 687 NEMOR
921 661 976 688 VM
1002 645 1260 687 antomasia:
1296 653 1398 687 ‘nani
1435 647 1520 688 tria
1550 646 1726 700 epitheta
1754 647 1842 689 sine
1866 656 1887 687 5

129 715 294 756 nomine
316 715 455 768 posita
484 718 592 757 sunl.

249 785 350 828 558.
399 797 499 828 1Psn
520 798 671 828 PATER
691 797 919 829 FAMVLAM
938 798 1094 831 vovno
1121 787 1230 829 bene
1258 788 1365 843 ‘ipse
1390 788 1545 845 pater'‚
1576 790 1675 845 quia
1695 792 1838 832 aucto-

132 857 316 898 ramenti
346 859 611 912 potestatem
643 858 728 899 nisi
760 862 906 914 patres
937 874 1026 902 non
1051 859 1225 901 habent.
1270 858 1435 902 ‘voveo’
1463 863 1608 902 autem
1634 875 1838 903 consecro

128 927 172 970 in
205 930 328 970 tuum
360 929 671 985 ministerium:
702 930 814 972 unde
848 933 891 972 et
922 929 1108 972 Camilla
1140 931 1255 973 dicta
1287 933 1364 987 est,
1396 932 1497 974 licet
1528 947 1660 987 supra
1692 932 1837 986 <542>

130 1014 225 1042 eam
259 1015 284 1041 a
315 1003 453 1042 matre
486 1001 641 1044 dixerit
673 1017 765 1044 esse
797 1002 1077 1045 nominatam.
1124 1003 1198 1044 sed
1230 1002 1339 1044 illud
1369 1004 1539 1058 poetice
1566 1004 1727 1046 dictum
1754 1007 1839 1046 est:
1868 1014 1910 1045 10

129 1086 230 1113 nam
258 1070 472 1114 ‘Camilla’
506 1073 630 1128 quasi
661 1073 862 1115 ministra
893 1074 1008 1116 dicta
1040 1076 1117 1126 est,
1147 1075 1474 1128 quod‘superius
1504 1076 1729 1130 expositum
1759 1079 1839 1118 est.-

128 1142 350 1185 ministros
386 1144 500 1186 enim
533 1147 576 1187 et
607 1145 829 1187 ministras
861 1146 1092 1201 inpuberes
1120 1146 1315 1188 camillos
1341 1149 1385 1188 et
1412 1147 1606 1189 camillas
1632 1147 1678 1189 in
1704 1147 1838 1189 sacris

128 1215 362 1270 vocabant,
394 1216 507 1257 unde
540 1220 584 1258 et
607 1216 846 1259 Mercurius
878 1217 1066 1260 Etrusca
1096 1217 1246 1273 lingua
1273 1216 1483 1261 Camillus
1517 1219 1683 1274 dieitur,
1715 1218 1838 1274 quasi

130 1286 329 1328 minister
360 1287 548 1330 deorum.
598 1289 645 1330 in
675 1290 806 1331 sacris
837 1292 973 1332 tamen
1005 1290 1151 1344 leqitur
1173 1303 1293 1343 posse
1316 1291 1440 1332 eliani
1464 1305 1587 1345 opera
1611 1291 1839 1333 consecrari

127 1371 176 1400 ex
206 1359 343 1410 servis,
374 1372 500 1413 usque
528 1360 627 1402 dam
651 1360 834 1402 solvatur
859 1364 983 1416 capul
1005 1360 1197 1413 hominis,
1227 1362 1274 1403 iol
1297 1365 1355 1403 est
1378 1362 1569 1404 liberebar
1592 1362 1839 1405 sacrationis
1867 1371 1910 1402 15

125 1444 235 1472 nexa
266 1432 377 1484 †aul
405 1431 514 1473 enini
544 1445 696 1473 numen
724 1432 922 1485 famulae,
953 1447 1079 1486 quain
1109 1434 1215 1475 servi
1244 1434 1491 1487 siqnificatio
1522 1434 1781 1477 condicionis.

246 1502 344 1544 559.
397 1520 494 1545 TELA
528 1520 678 1546 TENENS
714 1504 810 1545 ordo
849 1508 908 1546 est
944 1503 1034 1546 ‘tua
1070 1505 1241 1558 supplex
1279 1505 1358 1547 tela
1396 1504 1560 1560 lazens',
1598 1506 1745 1559 quibas
1775 1506 1836 1547 in—

127 1573 257 1628 liyata
288 1577 356 1616 est.
417 1577 455 1616 el
485 1575 689 1628 inqeniose
720 1574 900 1630 ‘lenens'‚
932 1590 1024 1618 cum
1055 1577 1234 1630 inliyata
1264 1577 1330 1619 sit.

246 1645 345 1687 562.
396 1657 610 1688 SONVERE
643 1658 804 1689 VNDAE
838 1648 1202 1703 distinguendum.

246 1716 345 1760 563.
394 1729 588 1759 INFELJX
627 1729 832 1760 CAMILLA
875 1720 978 1762 mire
1017 1718 1167 1774 ‘fuyit'.
1236 1718 1415 1772 ‘infelix’
1453 1723 1588 1762 autem
1626 1718 1837 1763 ‘Camilla'
1865 1730 1910 1762 20

52 1814 56 1820 -
126 1803 215 1831 non
247 1803 297 1832 eo
328 1791 524 1844 tempore
557 1803 641 1844 quo
675 1790 831 1842 evasit,
865 1791 938 1832 sed
969 1806 1082 1833 nunc
1114 1790 1284 1832 infelix:
1322 1791 1574 1846 plerumque
1606 1792 1720 1833 enim
1752 1792 1837 1847 epi-

125 1860 249 1902 theta
279 1861 520 1916 praesentis
553 1861 762 1916 temporis
796 1864 917 1918 sunt,
955 1862 1056 1904 licet
1087 1863 1132 1904 in
1162 1862 1350 1917 peractis
1381 1863 1588 1918 negotiis,
1620 1865 1668 1905 ut
1698 1863 1743 1905 in
1775 1877 1836 1906 se-

126 1931 263 1973 cundo
303 1931 448 1986 (455)
487 1931 672 1973 infelix
710 1946 806 1986 qua
845 1947 913 1988 se,
952 1932 1065 1975 dum
1103 1947 1262 1989 regna
1298 1934 1591 1990 manebant,
1630 1934 1836 1990 saepius

125 2002 486 2045 Andromache
517 2002 652 2045 ferre
683 2003 993 2046 incomitata
1025 2003 1240 2046 solebat.

243 2073 343 2116 565.
400 2091 532 2116 moros
558 2076 760 2128 propositi
782 2076 849 2117 sai
873 2078 911 2117 et
933 2075 1172 2118 intentionis
1196 2075 1350 2132 effectu,
1379 2079 1427 2118 ut
1445 2075 1583 2131 <VIII
1604 2077 1689 2132 61>
1714 2077 1837 2120 mihi
1860 2088 1906 2119 25

123 2146 280 2188 victor
309 2145 536 2188 honorem
560 2147 825 2201 persolves.

244 2216 342 2259 566.
392 2234 532 2260 BONVM
562 2235 723 2260 TRIVIAE
757 2218 860 2259 mire
897 2216 1109 2269 ‘Triviae',
1146 2231 1238 2260 cum
1273 2219 1367 2272 ipsa
1405 2218 1607 2272 loquatur.
1667 2223 1707 2262 et
1741 2220 1836 2263 bene

221 2374 239 2405 1
266 2369 364 2406 liber
390 2398 426 2406 ..
448 2377 456 2404 ’.
484 2370 846 2416 conpaginabantur]
874 2381 989 2405 exscr.
1015 2370 1102 2405 Isid.
1129 2381 1180 2406 or.
1206 2370 1258 2406 VI
1286 2375 1340 2414 13,
1368 2375 1388 2406 3
1414 2372 1426 2417 ΙΙ
1457 2375 1478 2407 2
1505 2371 1599 2418 alta]
1626 2372 1707 2408 buc.
1735 2372 1768 2407 X
1788 2376 1832 2408 67

224 2517 239 2548 1
269 2509 465 2548 ἀπίθανον
491 2512 641 2559 πλάσμα
667 2514 890 2550 Dorvillius:
916 2513 1213 2559 arpitanplasma
1237 2513 1278 2548 F
1293 2515 1305 2559 fl
1323 2514 1479 2549 interior
1503 2525 1570 2550 om.
1591 2514 1690 2550 HM
1702 2516 1715 2561 ss
1739 2515 1833 2552 inte-

125 2561 200 2596 rior
224 2560 354 2596 tunica
379 2560 527 2597 corticis
554 2562 725 2597 Isidorus
744 2563 756 2608 ΙΙ
785 2565 807 2596 4
833 2561 954 2608 libris]
981 2561 1094 2606 lignis
1120 2561 1192 2596 AS
1200 2561 1236 2596 R
1254 2563 1267 2607 ΙΙ
1291 2562 1432 2597 fiebant
1455 2564 1494 2597 et
1518 2563 1831 2609 compaginaban-

126 2610 187 2644 tur
209 2609 417 2644 Masvicius
434 2610 447 2654 ΙΙ
466 2610 515 2644 ad
535 2621 666 2645 svnnns
686 2611 731 2654 (v.
753 2612 835 2654 554)
862 2620 978 2655 genus
999 2609 1140 2644 arboris
1167 2620 1262 2654 quae
1288 2611 1409 2644 totam
1434 2610 1627 2645 materiem
1655 2611 1834 2656 expendit

125 2655 164 2690 in
190 2656 367 2691 corticem
395 2656 428 2690 T
456 2657 468 2703 ΙΙ
506 2660 526 2691 5
553 2658 602 2692 ad
626 2668 721 2691 Anu
746 2671 778 2692 rr.
803 2670 839 2692 u.
865 2670 897 2692 Ν,
923 2668 951 2692 s,
977 2668 1008 2692 v.
1036 2656 1298 2692 antonomasia
1326 2657 1414 2702 quia
1437 2657 1512 2692 tria
1538 2657 1681 2703 epiteta
1705 2658 1832 2704 posuit

126 2704 204 2738 sine
229 2703 378 2738 nomine
407 2703 440 2737 T
457 2705 469 2750 11
488 2704 737 2740 antonomisia
761 2704 802 2739 F
816 2707 828 2749 ΙΙ
846 2704 897 2738 tri
923 2704 963 2738 F
978 2705 991 2749 ΙΙ
1017 2707 1036 2739 7
1062 2704 1337 2740 auctoramanti
1361 2705 1407 2739 H
1420 2706 1432 2749 ΙΙ
1458 2709 1478 2739 9
1504 2705 1607 2740 dicta
1633 2705 1706 2752 est]
1733 2706 1831 2741 unde

126 2754 182 2786 est
206 2751 264 2793 H,
289 2762 355 2787 om.
384 2751 460 2796 ΜΙΙ
497 2755 537 2785 10
564 2752 663 2798 eam]
691 2753 730 2787 et
753 2752 851 2787 HM
864 2752 876 2799 u
907 2762 987 2786 esse
1013 2762 1079 2787 om.
1106 2751 1179 2787 AS
1196 2753 1209 2798 ΙΙ
1239 2752 1382 2787 dictum
1407 2753 1466 2787 est
1490 2763 1556 2789 om.
1584 2752 1653 2799 Fu
1686 2757 1728 2788 11
1756 2754 1827 2801 est]

125 2799 211 2834 sunt
230 2798 271 2833 F
286 2799 298 2845 ΙΙ
319 2802 361 2833 12
387 2797 577 2834 ministros
603 2800 701 2834 enim
800 2799 906 2844 quasi
930 2798 1101 2834 minister
1126 2799 1279 2834 deorum
1298 2803 1383 2845 post
1408 2798 1568 2845 inligata
1593 2800 1642 2835 sit
1668 2801 1747 2846 (lin.
1771 2803 1829 2847 18)

124 2847 205 2881 hab.
227 2845 268 2881 F
283 2850 295 2891 fl
323 2850 365 2881 13
392 2846 518 2881 millus
543 2846 584 2880 F
599 2847 611 2891 ΙΙ
641 2850 684 2881 14
709 2845 840 2892 ligitur
865 2846 898 2882 G
917 2847 930 2892 ΙΙ
963 2850 1005 2881 15
1032 2847 1197 2882 soluatur
1222 2847 1263 2882 F
1278 2848 1290 2894 ΙΙ
1310 2847 1429 2893 capud
1456 2847 1490 2883 G
1507 2849 1519 2894 ΙΙ
1539 2859 1645 2883 sacra
1669 2849 1829 2885 nationis

125 2893 174 2937 F,
199 2905 291 2929 corr.
305 2894 445 2929 Daniel
463 2895 475 2939 ΙΙ
497 2897 539 2928 16
564 2894 719 2937 fortasse
743 2894 833 2939 quid
859 2894 958 2929 enim
983 2905 1118 2929 nomen
1142 2894 1306 2930 famulae
1326 2895 1430 2930 aliud
1455 2907 1568 2940 quam
1594 2896 1692 2932 servi
1716 2896 1829 2943 signi-

124 2940 250 2976 ficatio
276 2940 507 2976 condicionis
526 2946 542 2976 ?
562 2941 574 2987 ss
595 2945 637 2976 19
662 2942 770 2976 schol.
797 2942 846 2976 ad
870 2952 901 2979 v.
930 2944 997 2976 562
1025 2952 1090 2977 om.
1112 2941 1153 2976 F
1167 2943 1179 2988 ΙΙ
1198 2946 1243 2977 20
1270 2943 1319 2978 ad
1343 2956 1452 2978 sven*
1477 2954 1505 2978 s.
1528 2954 1560 2978 v.
1587 2943 1679 2979 mire
1704 2944 1831 2989 posuit

125 2988 222 3034 fugit
251 2988 284 3022 Τ
317 2990 330 3035 ΙΙ
365 2989 460 3024 mira
491 2988 612 3035 efugit
637 2988 677 3023 F
711 2988 818 3035 (mire
843 2987 944 3034 fugit
969 2989 1028 3033 G).
1066 2989 1159 3024 mira
1186 2989 1330 3035 effingit
1354 2990 1492 3025 Daniel
1529 2991 1540 3037 ΙΙ
1578 2995 1622 3026 22
1647 2993 1828 3038 temporis

126 3036 271 3071 scilicet
296 3037 383 3071 sunt
407 3037 461 3081 F,
493 3036 583 3072 licet
607 3037 645 3071 in
671 3037 836 3072 omittens
871 3038 884 3081 ΙΙ
919 3035 1009 3071 licet
1031 3035 1070 3072 in
1095 3037 1256 3082 peractis
1281 3036 1444 3082 negotiis
1469 3038 1615 3074 ASM:
1647 3039 1736 3074 licet
1766 3051 1828 3084 pe-

124 3083 239 3118 ractis
264 3083 424 3128 negotiis
448 3084 485 3119 R
522 3083 612 3119 licet
643 3084 682 3119 et
711 3083 871 3129 peractis
901 3082 1063 3129 negotiis
1088 3084 1134 3119 H
1166 3086 1177 3131 ΙΙ
1213 3085 1252 3119 in
1281 3095 1347 3119 om.
1374 3084 1415 3119 F
1447 3086 1459 3131 ΙΙ
1495 3089 1540 3121 23
1567 3086 1764 3121 manibunt
1788 3086 1833 3121 H

125 3130 330 3166 manebunt
349 3130 390 3165 F
403 3132 416 3177 ΙΙ
435 3134 480 3166 25
506 3133 555 3167 ad
579 3144 708 3168 vmron
731 3142 758 3167 s.
778 3143 810 3167 v.
837 3131 1018 3184 propositi
1043 3131 1100 3166 sui
1126 3132 1278 3168 effector
1306 3132 1338 3166 T
1354 3133 1366 3177 11
1386 3136 1430 3167 26
1458 3134 1596 3168 honore
1620 3133 1661 3167 F
1677 3134 1688 3180 ss
1707 3137 1751 3168 27
1778 3135 1828 3169 acl

124 3191 246 3224 nomm
270 3192 302 3214 Τ.
327 3189 355 3214 s.
381 3190 412 3215 v.
438 3179 531 3215 mire
556 3179 649 3215 dicit
673 3178 810 3214 donum
834 3179 970 3215 trimae
996 3190 1081 3214 cum
1105 3179 1188 3225 ipsa
1212 3179 1434 3223 loquebatur
1462 3181 1495 3214 T
1512 3182 1523 3226 ΙΙ
1549 3182 1587 3215 et
1610 3182 1758 3226 scripsi:
1785 3183 1828 3216 ut

125 3225 179 3269 F,
205 3227 246 3261 at
271 3226 478 3272 Masvicins
