2092 3614
284 678 304 709 5

332 275 421 316 404
779 260 782 263 ’
1105 278 1267 314 snavn

331 388 538 427 vocarunt.
595 385 728 428 Varro
757 387 857 428 dicit
878 391 1047 442 propter
1077 388 1179 430 caeti
1210 388 1440 441 temperiem
1470 392 1508 430 et
1537 390 1726 442 caespitis
1752 390 2041 442 fecunditatem

331 470 521 510 eampum
564 458 734 499 eundem
779 457 1026 512 Capuanum
1070 462 1229 500 cratera
1271 459 1423 501 dietum
1473 461 1595 513 quasi
1635 461 1774 502 sinum
1815 461 1964 504 salutis
2005 465 2044 503 et

328 528 552 580 fruetuum.

452 600 548 642 147.
598 611 942 644 CONTVLERANT
974 603 1099 643 nocte
1130 601 1441 643 interveniente
1473 604 1742 657 peregerunt.
1799 605 1842 644 et
1873 606 1940 645 est
1970 619 2039 646 ex—

329 671 523 725 planatio
573 686 736 727 rerum,
786 687 891 728 quas
936 672 1107 714 Aeneas
1153 672 1290 728 gessit
1333 675 1567 728 postquam
1611 675 1678 715 est
1719 673 1938 727 profectus
1985 675 2040 717 ab

329 741 544 784 Euandro·
566 743 617 784 ad
650 744 835 798 petenda
868 743 1047 798 auxilia,
1080 743 1182 786 dum
1214 744 1326 785 inter
1353 759 1452 786 suos
1481 747 1524 786 et
1548 743 1742 786 Turnum
1775 745 1890 787 bella
1920 759 2039 801 gere-

280 833 284 837 ·
330 814 506 856 bantur:
538 829 629 856 rem
663 815 777 856 enim
810 817 911 857 ante
944 815 1148 857 omissam
1180 814 1370 856 breviter
1395 815 1651 870 exsequitur.
1744 833 1866 858 MEDIA
1888 833 2043 859 AENEAS

260 1035 303 1066 10

258 1392 301 1423 15

257 1750 302 1781 20

258 2108 303 2138 25

330 902 454 927 ΜΕΤΑ
486 902 608 928 NocrE
637 902 812 928 SEGABAT
838 889 915 928 aut
944 885 1095 928 ‘media
1123 884 1264 937 nocte',
1295 889 1370 928 aut
1401 885 1523 939 ‘freta
1552 885 1716 928 media'.

454 957 549 999 149.
599 974 734 999 REGEM
760 974 857 999 ADIT
883 958 1060 999 instanti
1091 960 1265 1011 tempore
1294 958 1393 999 adit.

450 1028 547 1070 150.
598 1040 712 1079 QVID
723 1045 770 1071 νε
798 1039 949 1070 PETAT
989 1028 1152 1070 seilicet
1190 1028 1408 1070 auxilium.
1543 1040 1717 1079 QVIDVE
1756 1041 1855 1072 IPSE
1888 1041 2037 1072 FERAT

328 1098 667 1141 vicissitudinem
700 1098 867 1150 auxilii,
899 1101 947 1140 ut
979 1113 1108 1154 supra
1129 1099 1337 1141 Euandro
1364 1098 1502 1154 <VIII
1525 1099 1637 1154 150>
1669 1101 1846 1155 accipe
1877 1101 2039 1157 daque

328 1170 496 1213 fidem.
539 1171 661 1213 multi
685 1174 823 1213 autem
849 1169 1040 1224 ‘quidque
1056 1173 1175 1224 petat
1197 1171 1370 1224 quidque
1394 1171 1481 1224 ipse
1501 1170 1627 1223 ferat'
1653 1172 1795 1214 dieunt
1818 1173 2041 1226 oportuisse

327 1243 426 1296 diei,
462 1243 533 1285 sed
567 1245 771 1284 mutatam
801 1242 1148 1284 coniunctionem:
1189 1256 1315 1296 neque
1351 1243 1460 1284 enim
1490 1256 1540 1284 ex
1570 1243 1742 1285 alterius
1764 1257 1944 1297 persona
1974 1257 2040 1286 ex-

319 1315 512 1369 ponitur,
549 1315 620 1357 sed
658 1317 785 1356 totum
816 1327 867 1355 ex
897 1313 1077 1365 Aeneae,
1115 1316 1153 1355 et
1187 1314 1275 1356 ideo
1308 1312 1411 1367 ‘que'
1444 1314 1724 1356 coniunctione
1754 1328 1855 1368 opus
1888 1315 2038 1367 fuisse,·

329 1384 415 1427 ‘ve'
447 1386 558 1428 enim
580 1386 751 1440 proprie
781 1383 885 1427 ‘vel'
917 1385 1140 1439 siqnifieat,
1179 1388 1228 1427 ut
1258 1385 1318 1427 sic
1350 1384 1442 1440 <IV
1474 1384 1591 1439 427>
1623 1399 1706 1428 nec
1737 1386 1907 1439 patris
1937 1386 2039 1428 An-

328 1456 491 1499 chisae
526 1457 715 1499 eineres
751 1469 975 1498 manesve
1010 1455 1195 1498 revelli.
1321 1467 1581 1498 MEZEN'rlvs
1620 1468 1749 1498 ARMA
1788 1468 1911 1508 QVAE
1948 1469 2039 1500 sun

329 1539 580 1570 CONCILIET
612 1528 736 1570 inicit
766 1529 952 1573 latenter
983 1527 1206 1581 timorem,
1247 1541 1300 1568 ne
1331 1527 1445 1569 forte
1476 1528 1615 1582 possit
1646 1527 1835 1570 collectis
1869 1528 2038 1571 auxiliis

329 1600 560 1642 Mezentius
590 1599 634 1641 in
666 1613 802 1655 regna
832 1613 1039 1654 remeare,
1072 1614 1098 1641 a
1129 1598 1285 1654 quibus
1316 1599 1460 1641 fuerat
1492 1601 1590 1640 ante
1623 1599 1838 1653 depulsus,

452 1670 547 1713 151.
595 1681 928 1720 VIOLENTAQVE
954 1681 1169 1712 PFCTORA
1196 1681 1339 1713 TVRNI
1371 1669 1577 1725 superba,
1608 1672 1657 1712 ut
1686 1674 1744 1713 est
1770 1671 1878 1713 illud
1900 1670 2039 1725 <VIII

332 1742 445 1796 118>
479 1756 604 1797 quos
635 1741 720 1783 illi
756 1741 895 1783 bello
932 1741 1186 1797 profugos
1225 1755 1376 1797 egere
1415 1742 1657 1796 superbo,
1694 1742 1740 1784 id
1767 1745 1826 1784 est
1854 1742 2039 1785 violento.

450 1814 546 1856 152.
594 1824 806 1855 HVMANIS
832 1824 955 1864 QVAE
983 1824 1053 1855 srr
1079 1824 1269 1855 FIDVCIA
1300 1825 1449 1856 REBvs
1481 1813 1668 1855 latenter
1698 1813 1780 1856 hoc
1811 1814 1933 1857 dicit:
1964 1830 2038 1857 no-

328 1884 403 1926 lite
429 1887 583 1940 putare
609 1884 739 1926 fixam
766 1898 859 1926 esse
885 1887 930 1927 et
956 1885 1155 1927 stabilem
1180 1884 1453 1940 felicitatem,
1479 1898 1638 1940 magna
1664 1887 1730 1927 est
1757 1885 1870 1927 enim
1895 1900 2039 1928 rerum

329 1956 538 1998 varietas:
569 1955 755 2013 inyjcem
787 1956 1008 2012 accipietis
1041 1955 1214 1998 auxilia.

450 2027 546 2070 153.
596 2039 826 2070 ADMONET
855 2038 1173 2077 mmscETQVE
1198 2038 1374 2070 PRECES
1406 2027 1565 2083 partim
1597 2030 1741 2083 rogat,
1772 2028 1932 2082 partim
1966 2028 2038 2070 ad-

331 2101 479 2141 monet
515 2098 599 2141 hoc
637 2099 844 2141 solacium
882 2113 975 2140 esse
1006 2097 1121 2140 vitae
1151 2098 1367 2140 humanae
1399 2099 1684 2154 tutissimum,
1723 2098 1760 2140 si
1790 2099 1858 2140 vel
1890 2101 2039 2142 mutua

329 2170 485 2212 dentur
522 2170 699 2226 auxilia,
739 2170 807 2212 vel
844 2170 889 2211 in
927 2169 1150 2225 prosperis
1188 2169 1322 2224 positi
1359 2169 1488 2211 etiam
1530 2170 1724 2212 subiecta
1755 2169 2038 2212 considerent.

330 2244 373 2283 et
410 2243 477 2284 est
515 2241 748 2297 superioris
787 2254 936 2283 versus
975 2240 1213 2295 expressio:
1257 2255 1358 2282 nam
1397 2239 1564 2295 edocet,
1609 2254 1718 2295 quae
1761 2242 1959 2294 peterent
1996 2243 2039 2283 et

330 2313 444 2368 quod
477 2328 574 2355 eum
601 2312 878 2355 sollicitabat.
929 2310 1164 2353 ‘admonet'
1195 2326 1298 2353 vero
1330 2311 1396 2353 vel
1430 2325 1559 2353 causa
1585 2309 1805 2366 Mezentii,
1836 2311 1904 2354 vel
1937 2312 2038 2367 quia

329 2384 547 2427 instabilis
574 2386 640 2426 est
665 2386 709 2426 et
735 2396 845 2439 vaga
869 2382 1056 2425 fortuna.
1149 2393 1370 2424 TARCHON
1400 2382 1481 2424 hoc
1506 2396 1664 2424 nomen
1694 2381 1852 2437 ubique
1885 2396 2036 2438 graece

393 2512 610 2595 2917ἶῖἑ1ἶ5Ἰ-(1ζ1
616 2511 709 2546 dicit
733 2522 764 2546 e.
791 2523 826 2556 q.
853 2503 898 2557 s'.]
930 2509 976 2546 cf.
1002 2509 1087 2546 Isid.
1115 2521 1165 2545 or.
1194 2509 1262 2544 XV
1290 2515 1320 2555 1,
1347 2514 1392 2545 54
1427 2511 1440 2555 ΙΙ
1477 2515 1498 2545 9
1524 2523 1609 2545 Am‘r
1634 2510 1657 2545 i.
1684 2513 1711 2546 t.
1738 2510 1834 2557 adit]
1869 2510 1915 2548 ef.
1942 2511 2036 2549 Non.

330 2571 365 2605 p.
464 2587 473 2603 ‚
612 2587 619 2595 .

428 2683 446 2713 1
473 2688 582 2713 uon-o
608 2677 711 2712 dicat
735 2676 776 2712 F
790 2677 803 2723 ΙΙ
822 2676 982 2721 cespites
1009 2676 1048 2710 F
1064 2677 1076 2723 ΙΙ
1099 2675 1377 2711 secundicaeem
1403 2675 1443 2711 F
1457 2678 1470 2722 l!
1498 2681 1519 2712 2
1547 2688 1755 2723 capuanum
1782 2676 1862 2714 siue
1887 2689 2035 2724 campa-

329 2738 418 2762 num
438 2726 579 2761 dictum
601 2726 745 2760 cratera
762 2723 871 2768 quasi
890 2723 1011 2758 sinum
1029 2724 1062 2758 Τ
1085 2734 1206 2769 capua
1223 2734 1335 2758 nume
1355 2725 1501 2759 oratera
1519 2725 1660 2760 dictum
1681 2726 1787 2770 quasi
1806 2725 1954 2770 signum
1969 2725 2009 2761 F
2024 2727 2035 2773 Η

331 2773 491 2819 cratera]
518 2772 722 2818 καμπτῆρα
741 2771 789 2807 F.
804 2771 1004 2806 Sohoellius
1022 2771 1034 2817 ΙΙ
1063 2776 1084 2806 4
1109 2773 1332 2816 peregerant
1359 2771 1407 2805 M
1413 2771 1453 2806 F
1469 2773 1481 2819 ΙΙ
1500 2773 1539 2807 et
1563 2774 1621 2807 est
1639 2800 1646 2807 .
1663 2802 1670 2808 .
1690 2801 1696 2808 .
1717 2772 1944 2818 gerebantur
1968 2784 2034 2808 om.

332 2821 380 2856 M
387 2820 456 2866 Fu
475 2825 495 2855 5
521 2820 570 2855 ad
595 2819 798 2855 euandrum
823 2820 836 2854 l
854 2820 866 2865 ΙΙ
886 2822 905 2853 ’1
932 2830 1011 2854 rem
1031 2845 1037 2852 .
1055 2846 1062 2853 .
1078 2848 1086 2854 .
1108 2818 1322 2863 exsequitur
1345 2822 1388 2853 ut
1406 2820 1593 2864 peculiare
1617 2820 1792 2855 scholium
1815 2820 1866 2855 ad
1891 2831 2035 2860 Muqvss

329 2881 374 2904 vr
393 2879 439 2902 AB
459 2879 621 2903 nvANnno
640 2867 806 2903 exhibent
827 2866 875 2901 M
882 2865 923 2901 F
938 2867 950 2912 ΙΙ
969 2865 1067 2900 enim
1087 2877 1152 2902 om.
1170 2866 1220 2900 M
1225 2865 1265 2900 F
1281 2866 1292 2912 ΙΙ
1311 2867 1423 2901 antea
1445 2867 1494 2901 M
1516 2867 1595 2902 anit
1613 2877 1657 2902 ea
1677 2866 1718 2901 F
1731 2867 1745 2911 ΙΙ
1763 2866 1963 2902 omnissam
1985 2867 2036 2902 M

330 2914 492 2950 obmissa
511 2915 551 2949 F
566 2916 579 2960 ΙΙ
598 2916 647 2950 ad
670 2926 782 2956 mann
805 2925 834 2949 s.
858 2924 892 2949 v.
916 2924 991 2948 non
1016 2915 1124 2948 nocte
1151 2913 1215 2949 sed
1240 2912 1337 2948 freta
1361 2914 1486 2948 media
1513 2914 1547 2948 T
1571 2915 1584 2960 ΙΙ
1622 2917 1663 2948 11
1691 2912 1821 2948 auxilii
1845 2913 2034 2949 uicissitu-

329 2962 455 2997 dinem
482 2962 530 2996 M
536 2962 576 2997 F
592 2964 604 3006 ΙΙ
624 2962 788 2997 euandro
812 2962 893 2997 hab.
916 2961 966 2995 M
982 2961 994 3006 ΙΙ
1013 2961 1062 2995 ad
1086 2973 1218 3000 vavn
1242 2971 1270 2996 s.
1295 2971 1327 2995 v.
1353 2971 1399 2996 ue
1425 2961 1549 3006 posuit
1572 2972 1640 3006 pro
1665 2971 1736 3005 que
1759 2960 1792 2994 T
1807 2961 1820 3007 ΙΙ
1850 2964 1893 2995 12
1917 2961 2033 3008 ferat]

328 3009 520 3055 proferant
539 3009 580 3043 F
601 3011 613 3056 ΙΙ
646 3014 688 3044 13
714 3020 872 3055 persono
897 3007 938 3043 F
959 3010 972 3054 11
1010 3011 1053 3043 16
1077 3020 1272 3043 unzsnrws
1299 3035 1307 3043 .
1329 3036 1337 3044 .
1359 3036 1366 3044 .
1393 3018 1557 3043 remeare
1575 3010 1661 3053 post
1686 3005 1831 3043 scilicet
1855 3008 2033 3043 auxilium

328 3058 408 3093 hab.
430 3057 471 3092 F
486 3058 498 3103 ss
529 3059 572 3091 18
598 3067 621 3091 a
646 3056 782 3101 quibus
808 3083 816 3091 .
838 3085 846 3093 .
867 3084 875 3092 .
902 3055 1076 3101 depulsus
1101 3066 1168 3090 om.
1190 3055 1240 3089 M
1246 3055 1285 3089 F
1300 3056 1313 3099 ΙΙ
1340 3058 1384 3090 21
1410 3055 1584 3090 scholium
1608 3055 1658 3090 ad
1676 3066 1707 3090 v.
1734 3057 1800 3089 152
1826 3066 1891 3091 om.
1913 3055 2007 3090 ΜΓ
2021 3056 2033 3102 ΙΙ

284 3128 292 3142 2
327 3106 379 3145 25¹
399 3105 470 3140 hoc
496 3114 576 3139 esse
601 3105 726 3139 tutum
749 3103 936 3138 humanae
954 3103 1055 3138 uitae
1077 3102 1255 3137 solacium
1271 3103 1320 3137 M
1327 3101 1368 3137 F
1383 3103 1395 3148 ΙΙ
1419 3106 1463 3137 26
1483 3102 1616 3147 positis
1638 3102 1687 3136 M
1692 3101 1732 3136 F
1748 3103 1760 3148 ΙΙ
1779 3102 2034 3139 subiectaAS

262 3266 284 3295 ἕν

318 3144 498 3187 subiecta
521 3151 653 3186 RLH
686 3150 836 3187 obiecta
860 3151 910 3186 M
914 3150 984 3186 Fa
1013 3151 1026 3196 [Ι
1062 3153 1107 3185 27
1140 3150 1179 3184 et
1210 3150 1268 3184 est
1293 3177 1301 3184 .
1323 3177 1330 3185 .
1354 3175 1361 3183 .
1386 3160 1484 3194 vaga
1508 3149 1660 3184 fortuna
1683 3160 1750 3185 om.
1779 3150 1829 3184 M
1834 3149 1875 3185 F
1895 3151 1908 3194 ss
1944 3149 2034 3195 quid

327 3200 474 3244 peteret
503 3198 710 3243 Stephanus
746 3200 757 3245 ΙΙ
793 3202 839 3234 28
871 3197 961 3243 quid
992 3208 1076 3232 eum
1109 3196 1325 3232 solicitabat
1350 3196 1556 3242 Stephanus
1598 3196 1687 3241 quid
1715 3207 1799 3232 eum
1825 3195 2032 3236 solicitat-et

330 3247 538 3283 Masvicius
562 3247 574 3293 ΙΙ
604 3246 664 3283 vel
689 3251 774 3283 ante
798 3257 911 3282 causa
934 3255 1000 3281 om.
1028 3244 1098 3280 AS
1125 3246 1136 3291 ΙΙ
1167 3247 1211 3279 29
1238 3244 1388 3291 graece]
1417 3254 1457 3280 ce
1485 3244 1535 3279 M
1541 3243 1582 3282 F
