2092 3614
240 1039 284 1071 10

238 1397 282 1429 15

231 1756 278 1788 20

231 2138 277 2170 25

231 2507 277 2539 30

310 262 397 304 478
1083 263 1245 300 SERVII

309 372 499 429 reddita]
546 371 720 428 ‘mayne'
747 375 884 416 autem
911 371 1171 428 ‘bellipotens'
1204 373 1494 417 antonomasia
1515 387 1595 429 per
1618 374 1698 417 duo
1729 374 1902 430 epitheta
1931 375 2020 418 sine

310 457 486 487 nomine.

430 516 470 559 8.
518 527 672 558 APTAT
705 517 804 571 apte
835 516 950 559 locat
982 519 1026 559 et
1057 531 1247 573 congrue
1271 517 1394 572 ponit
1424 517 1484 560 vel
1512 518 1621 572 fiqit,
1660 520 1708 560 ut
1738 516 1876 572 <VIII
1903 517 2018 572 721>

310 590 548 642 aptatque
577 587 805 642 superbis
826 588 1066 642 postibus.

429 671 469 714 9.
518 682 737 722 TELAQVE
769 683 954 715 TRVNCA
986 684 1082 715 VIRI
1119 672 1166 715 id
1200 675 1258 715 est
1292 671 1552 727 praefracta3
1590 673 1652 715 ita
1693 673 1809 715 enim
1847 673 1893 714 in
1929 675 2020 715 tro-

308 741 429 797 paeis
459 743 565 798 poni
597 746 931 786 consueverunt:
961 743 1179 787 Iuvenalis
1207 743 1276 799 <X
1302 743 1415 798 134>
1449 745 1499 785 ct
1529 744 1697 786 fracta
1729 744 1785 786 de
1818 744 2019 788 casside

309 814 527 857 buccula
567 815 795 870 pendens
837 818 889 858 et
926 818 1127 858 curtum
1162 818 1366 857 temone
1404 815 1579 871 iugum
1616 816 1889 871 victaeque
1926 815 2019 857 tri-

309 886 465 928 remis
503 887 747 942 aplustre.
808 888 869 930 vel
901 886 1070 930 ‘trunca
1101 885 1202 930 tela'
1240 900 1344 941 quae
1380 887 1428 929 de
1457 900 1530 929 suo
1561 886 1686 941 clipeo
1724 887 1894 941 Zeyerat:
1931 887 2019 929 ideo

308 958 419 1000 enim
449 957 653 1015 ‘trunca',
684 946 793 1013 quod
821 960 869 1001 in
899 959 1096 1001 evellendo
1123 959 1374 1013 praefracta.
1493 969 1551 999 ΕΤ
1582 968 1653 1000 131s
1687 969 1771 1001 snx
1800 969 2019 1001 THORACA

309 1041 514 1071 PE'rrrvm
534 1041 901 1080 PERFosvaQVE
927 1040 1063 1072 Locls
1090 1029 1315 1071 duodecim
1341 1029 1591 1071 vulneribus
1619 1028 1879 1084 adpetitum:
1906 1029 2019 1085 quia,

309 1103 357 1142 ut
401 1116 531 1156 supra
569 1100 641 1156 <11
673 1100 789 1156 278>
829 1100 1033 1155 diximus,
1076 1100 1212 1143 totius
1252 1098 1433 1142 Tusciae
1477 1100 1663 1155 populus
1707 1100 1753 1142 in
1796 1100 2018 1143 duodecim

308 1173 454 1226 partes
491 1171 574 1214 fuit
611 1171 796 1227 divisus,
837 1173 885 1213 ut
917 1170 987 1226 <X
1017 1170 1134 1225 202>
1172 1184 1298 1227 gens
1336 1171 1420 1213 illi
1457 1171 1670 1226 triplex,
1707 1171 1886 1227 populi
1926 1172 2018 1214 sub

309 1245 463 1299 gente
496 1243 755 1299 quaterni,
787 1243 860 1298 qui
893 1242 1076 1299 singulis
1108 1242 1409 1285 lucumonibus
1438 1243 1663 1298 parebant.
1714 1243 1846 1285 moris
1873 1245 2019 1286 autem

308 1315 391 1356 fuit
426 1317 478 1357 ut
512 1315 798 1370 interemptos
838 1314 965 1357 duces
1005 1313 1145 1356 omnis
1183 1314 1432 1356 vulneraret
1469 1315 1700 1370 exercitus,
1739 1314 1851 1357 sicut
1886 1315 2020 1357 etiam

310 1386 361 1429 de
393 1385 582 1430 Hectore
614 1385 831 1429 Homerus
870 1388 1192 1428 commemorat.
1254 1385 1366 1427 unde
1405 1387 1471 1428 est
1502 1385 1573 1440 <11
1605 1385 1721 1440 278>
1758 1400 1885 1441 quae
1923 1386 2018 1429 cir-

304 1472 414 1500 cum
451 1458 676 1514 plurima
714 1472 884 1500 muros
924 1456 1127 1513 accepit
1166 1457 1381 1513 patrios.
1441 1470 1523 1500 non
1556 1471 1648 1512 erqo
1677 1457 1730 1500 ab
1760 1457 1920 1513 Aenea,
1950 1458 2022 1500 sed

304 1529 356 1572 ab
386 1529 452 1573 his
481 1531 555 1584 qui
580 1529 650 1586 <X
670 1529 785 1585 692>
817 1530 907 1572 uni
937 1529 1162 1583 odiisque
1191 1529 1298 1571 viro
1331 1529 1540 1583 telisque
1567 1529 1913 1590 frequentibus
1942 1529 2018 1572 in-

302 1604 461 1644 stant:
492 1602 602 1655 quod
630 1601 804 1644 ostendit
825 1601 1073 1652 Mezentius,
1104 1614 1196 1642 eum
1226 1600 1301 1643 sub
1326 1600 1490 1643 Aeneae
1520 1600 1610 1643 telis
1634 1600 1782 1643 iaceret
1806 1599 1876 1655 <X
1899 1600 2016 1655 904>

302 1674 403 1716 seio
440 1673 615 1716 acerba
651 1687 864 1716 meorum
900 1673 1226 1715 circumstare
1267 1672 1405 1715 odia:
1445 1685 1571 1726 neque
1607 1672 1716 1714 enim
1752 1671 1825 1714 hoe
1860 1672 1908 1714 in
1944 1672 2017 1714 illo

303 1748 503 1787 momento
527 1745 705 1799 periculi
734 1745 1002 1797 meminisset,
1032 1744 1119 1787 nisi
1148 1757 1214 1786 eos
1243 1746 1420 1786 cerneret
1450 1744 1662 1786 inminere.

352 1869 353 1872 ,
428 1829 494 1872 10.
545 1840 842 1880 CLIPEVMQVE
869 1841 931 1871 nx
957 1840 1078 1871 AERE
1106 1827 1354 1885 figuratius,
1386 1841 1516 1883 quam
1544 1827 1581 1869 si
1607 1825 1809 1869 ‘aereum'
1842 1827 2014 1882 diceret,

301 1904 350 1943 ut
378 1900 482 1943 alibi
513 1899 605 1956 <IV
635 1900 747 1955 138>
780 1901 859 1943 eui
881 1900 1127 1955 pharetra
1158 1913 1213 1942 ex
1243 1913 1376 1942 auro.

426 1985 491 2026 11.
541 1995 696 2027 ENSEM
717 1994 869 2027 COLLO
890 1994 1146 2027 SVSPENDIT
1167 1993 1389 2024 EBVRNVM
1411 1981 1617 2038 vaginam
1638 1982 1879 2024 eburneam.
1912 1997 2014 2025 sane

304 2055 427 2099 ‘ebur
446 2054 604 2098 eboris'
630 2055 753 2110 facit,
778 2070 867 2098 non
894 2053 1085 2110 ‘eburis'‚
1112 2054 1222 2096 sicut
1247 2053 1458 2096 ‘murmur
1476 2052 1742 2096 murmuris':
1774 2053 1886 2095 unde
1912 2053 2014 2109 quia

301 2128 349 2170 in
390 2127 725 2183 principalitatis
770 2126 1057 2170 declinatione
1101 2125 1291 2168 varietas
1336 2124 1573 2179 invenitur,
1624 2125 1756 2166 etiam
1800 2119 2019 2168 derivatio*

302 2199 424 2242 varia
465 2201 548 2241 est:
585 2214 687 2242 nam
720 2197 939 2241 ‘eburnus'
971 2197 1077 2240 facit
1107 2197 1161 2239 ab
1195 2212 1245 2239 eo
1278 2196 1391 2252 quod
1424 2199 1491 2239 est
1523 2195 1673 2251 ‘ebur’,
1711 2195 1924 2238 ‘eboreus’
1957 2196 2012 2239 ab

303 2285 353 2313 eo
380 2271 494 2326 quod
521 2272 587 2313 est
612 2269 804 2315 ‘eboris'.
847 2268 978 2313 ‘eollo'
1004 2272 1154 2324 autem,
1185 2269 1232 2311 id
1253 2272 1313 2311 est
1335 2269 1384 2311 de
1408 2268 1520 2310 eollo.
1563 2267 1773 2322 paulatim
1797 2268 1845 2309 de
1870 2270 2013 2312 trunco

303 2343 465 2385 arboris
488 2342 717 2385 humanam
740 2343 921 2397 fiyuram
948 2341 1061 2396 fecit,
1091 2344 1140 2383 ut
1162 2344 1200 2383 et
1221 2341 1439 2384 sinistram
1467 2339 1534 2381 itti
1557 2339 1623 2381 det
1644 2341 1682 2380 et
1705 2338 1874 2381 collum:
1906 2339 2015 2393 quod

301 2414 418 2457 valde
447 2414 678 2468 quaeritur,
709 2427 767 2455 an
798 2413 903 2455 bene.

425 2497 492 2538 14.
540 2508 726 2538 ΜΑΧΙΜΑ
756 2507 842 2539 RES
871 2505 1082 2538 EFFECTA
1107 2507 1203 2537 VIBI
1235 2494 1375 2536 occiso
1407 2495 1530 2536 tanto
1564 2493 1686 2536 duce:
1720 2493 1848 2536 simul
1881 2494 2013 2536 etiam

302 2673 384 2719 quis
408 2673 560 2709 retineri
577 2672 662 2708 velit
688 2672 726 2707 et
750 2673 836 2717 post
860 2670 1025 2715 reddita,
1051 2672 1085 2706 ei
1102 2671 1155 2707 sie
1172 2671 1281 2706 verba
1301 2671 1514 2706 collocanda
1532 2670 1703 2706 videntur
1728 2670 1875 2706 videtur
1898 2670 2011 2706 inter-

302 2722 414 2766 rupta
438 2719 642 2765 descriptio
669 2720 707 2755 et
730 2719 818 2765 post
841 2718 999 2755 reddita.
1037 2719 1109 2754 hoc
1136 2746 1143 2754 .
1166 2746 1173 2754 .
1195 2746 1203 2754 .
1229 2717 1500 2764 prosphonesin
1524 2719 1578 2753 vel
1600 2718 1654 2753 sie
1677 2718 1749 2753 hoc
1775 2745 1783 2754 .
1805 2745 1812 2753 .
1835 2745 1843 2752 .
1870 2717 2012 2754 dictum

303 2769 369 2804 est.
408 2768 557 2804 videtur
581 2767 605 2804 i.
626 2768 662 2803 d.
687 2766 951 2813 prosphonesi,
978 2768 1017 2801 et
1041 2768 1126 2812 post
1142 2765 1298 2801 'reddita
1316 2767 1329 2811 ΙΙ
1359 2770 1380 2801 3
1406 2768 1496 2810 apta
1520 2765 1561 2800 F
1577 2766 1589 2811 ΙΙ
1612 2766 1663 2801 ad
1686 2777 1799 2800 APrA'r
1823 2776 1851 2800 s.
1870 2776 1902 2800 v.
1928 2764 2011 2810 figit

303 2818 427 2861 atque'
448 2815 556 2860 ponit
580 2811 623 2850 ut
648 2815 756 2860 aptat
780 2814 950 2860 superbis
974 2813 1144 2858 postibus
1174 2814 1206 2848 T
1236 2814 1248 2860 n
1284 2813 1383 2859 fugit
1406 2813 1447 2848 F
1479 2814 1492 2858 ΙΙ
1529 2816 1548 2849 5
1575 2814 1662 2858 post
1685 2812 1808 2848 fracta
1831 2812 1868 2847 R
1904 2822 2009 2856 prae-

301 2863 402 2899 fecta
426 2863 471 2898 H
504 2863 692 2907 perfracta
715 2861 773 2898 Fl
791 2863 803 2909 ΙΙ
833 2866 854 2897 6
881 2860 1014 2897 cassile
1041 2860 1081 2896 F
1095 2863 1108 2908 ΙΙ
1141 2865 1159 2897 7
1187 2861 1323 2907 pucula
1349 2860 1390 2896 F
1404 2862 1417 2906 ΙΙ
1446 2860 1586 2906 pendet
1611 2859 1652 2895 F
1666 2860 1678 2906 ΙΙ
1709 2870 1855 2894 currum
1879 2858 1974 2894 ΒΜ

300 2912 339 2946 te
365 2921 467 2946 more
495 2910 536 2945 F
550 2911 562 2957 ΙΙ
580 2909 783 2955 iugumque
810 2909 848 2944 R
866 2911 879 2955 ΙΙ
896 2909 1285 2954 trireremissaplustre
1311 2908 1357 2944 H
1370 2910 1383 2954 ΙΙ
1408 2912 1428 2944 8
1455 2906 1624 2952 aplustra
1647 2907 1684 2953 R
1720 2905 1908 2951 aplaustre
1935 2905 1977 2941 F

300 2958 350 2994 ad
367 2969 503 2994 'mvncA
520 2971 557 2994 v.
574 2968 602 2993 s.
623 2969 655 2994 v.
682 2957 722 2992 id
747 2958 805 2993 est
829 2957 875 2992 de
900 2966 965 2991 suo
986 2956 1106 3001 clipeo
1128 2956 1234 3001 quasi
1251 2956 1290 2991 in
1310 2955 1505 2992 euellendo
1525 2953 1736 3000 praefracta
1755 2953 1789 2988 T
1804 2954 1817 2999 ΙΙ
1836 2964 1927 2998 ques
1941 2953 1982 2988 F
2005 2953 2009 3000 Ι

299 3005 444 3052 legeret
468 3005 518 3049 F,
545 3006 686 3041 correxi
704 3006 716 3052 ΙΙ
737 3008 779 3040 12
807 3004 879 3040 sibi
901 3003 1007 3050 genti
1029 3003 1070 3038 F
1085 3005 1096 3050 ΙΙ
1118 3008 1161 3039 15
1188 3002 1470 3048 commemorat]
1499 3002 1564 3046 (Il.
1587 3001 1691 3036 XXII
1711 3001 1793 3046 367)
1819 2995 1843 3045 ἦ
1869 2998 1918 3047 ῥα
1943 3014 1992 3036 κα

302 3050 344 3088 ἐκ
371 3056 520 3095 νεκροῖο
548 3080 555 3088 .
578 3081 585 3089 .
606 3080 614 3087 .
641 3049 822 3098 ἀνουτητί
846 3065 887 3097 γε
914 3048 1078 3096 παρέστη
1105 3052 1189 3087 add.
1215 3051 1255 3086 D
1285 3051 1298 3096 ΙΙ
1336 3054 1379 3086 16
1405 3049 1542 3094 accipit
1566 3048 1655 3084 HF
1682 3049 1694 3093 ΙΙ
1733 3052 1775 3083 17
1810 3052 1887 3083 unsi
1913 3047 2008 3084 odiis

301 3100 407 3145 quito
433 3100 474 3135 F
494 3101 507 3145 ΙΙ
540 3103 583 3135 18
609 3111 694 3135 eum
721 3099 762 3135 F
782 3102 795 3145 ΙΙ
827 3103 870 3135 19
896 3098 1069 3134 acerbum
1096 3110 1221 3134 eorum
1247 3098 1288 3133 F
1309 3099 1321 3145 ΙΙ
1351 3102 1397 3133 20
1421 3095 1620 3132 inmineret
1643 3095 1684 3130 F
1705 3096 1717 3140 ΙΙ
1749 3099 1794 3130 24
1820 3096 1910 3130 ebor
1934 3094 1976 3130 F
1995 3094 2009 3142 Η

301 3152 347 3184 26
379 3147 561 3183 eburneus
586 3147 623 3182 R
659 3149 671 3194 ΙΙ
707 3147 880 3194 eboreus]
912 3146 1093 3182 eborneus
1118 3145 1191 3182 As
1233 3145 1414 3181 eburneus
1440 3141 1625 3179 RLHM
1631 3142 1672 3177 F
1699 3144 1710 3188 ΙΙ
1749 3146 1793 3195 2]
1827 3143 1926 3188 quod
1951 3143 2009 3178 est

301 3195 391 3231 ebor
415 3194 538 3230 eboris
563 3195 603 3229 D
633 3196 645 3240 ΙΙ
681 3196 731 3231 ad
756 3207 867 3230 como
892 3205 917 3230 s.
944 3205 977 3230 v.
1004 3194 1049 3228 de
1075 3193 1189 3239 collo,
1215 3194 1265 3229 ad
1288 3205 1319 3229 v.
1350 3197 1391 3228 11
1418 3192 1460 3227 in
1483 3201 1597 3236 mary.
1623 3191 1808 3236 paulatim
1835 3218 1842 3226 .
1864 3218 1872 3226 .
1894 3217 1901 3225 .
1929 3188 2004 3224 col-

301 3243 379 3278 lum
407 3243 441 3277 T
468 3243 481 3289 ss
511 3246 557 3278 28
582 3242 673 3278 fecit
696 3242 854 3289 figuram
883 3242 916 3276 T
941 3242 954 3287 ΙΙ
984 3240 1092 3276 illum
1117 3240 1158 3275 F
