2092 3614
515 278 667 315 OOMM.
694 278 749 313 IN
773 278 917 316 VERG.
944 279 1055 315 AEN.
1083 280 1171 316 VIII
1196 284 1397 316 299—310.
1601 229 1631 267 ⁴
1716 280 1802 322 243

87 387 206 429 mina
242 388 449 443 delectari,
486 390 688 442 sanquine
724 390 813 443 ipso
850 392 994 432 vestem
1024 387 1192 431 inlitam
1223 390 1375 431 marito
1407 391 1540 446 daret,
1570 404 1648 444 per
1678 403 1804 444 quam

86 458 295 501 vindicari
325 463 474 513 posset.
536 462 608 502 sed
641 460 850 503 Deianira
891 475 984 504 cusin
1021 462 1202 503 audisset
1237 461 1438 508 maritum
1475 461 1610 517 Iolen,
1647 461 1804 516 Euryti

89 529 363 573 Oechaliensis
393 545 537 573 amare
566 532 721 588 filiam,
753 536 898 576 vestem
930 534 1101 576 tinctam
1127 532 1250 575 Nessi
1280 532 1482 586 sanquine
1506 532 1660 574 Lichae
1689 546 1803 575 servo

87 602 198 644 dedit
226 602 284 645 ad
305 616 396 644 eum
425 603 720 656 perferendam.
765 606 837 659 qui
862 619 954 648 cum
973 605 1148 647 Herculi
1171 605 1219 646 in
1246 603 1346 646 Oeta
1371 604 1619 659 occurrisset,
1649 618 1803 647 munus

86 674 232 716 uxoris
263 675 448 717 tradidit.
491 689 617 728 quam
647 690 740 718 cum
764 677 834 718 ille
863 677 956 719 Iovi
985 677 1295 730 sacrificaturus
1324 676 1544 729 induisset,
1576 678 1687 717 tanto
1719 690 1802 717 cor-
1829 685 1850 716 ὅ

84 745 198 797 poris
228 747 376 787 ardore
406 750 612 799 correptus
635 751 708 802 est,
739 751 787 789 ut
808 762 892 790 non
918 749 1079 790 invento
1104 748 1278 790 remedio
1302 760 1458 801 pyram
1483 748 1664 789 construi
1695 748 1803 790 iube-

85 818 148 856 ret
188 816 428 870 donatisque
464 817 712 860 Philoctetae
753 820 915 873 sayittis
950 823 1103 873 peteret
1144 819 1196 861 ab
1235 832 1277 860 eo
1318 822 1366 860 ut
1403 822 1664 862 cremaretur.
1725 834 1803 873 quo

85 886 195 938 facto
225 887 333 929 inter
363 888 456 931 deos
489 890 643 932 relatus
674 893 742 932 est.

205 957 304 999 301.
354 976 425 1001 SAL
437 977 482 1003 νΕ
510 958 575 1002 hic
606 960 745 1004 ‘salve'
777 963 837 1004 sic
867 962 1022 1004 dictum
1053 965 1113 1004 est
1139 966 1189 1004 ut
1210 962 1313 1004 alibi
1338 961 1389 1017 <I
1415 962 1532 1017 330>
1563 963 1634 1005 sis
1662 963 1803 1015 felice.

85 1027 154 1070 hic
180 1028 318 1072 Divus
349 1030 501 1074 Fidius
536 1032 648 1074 solus
683 1033 852 1085 dicitur,
890 1035 1000 1087 quod
1034 1034 1146 1076 solus
1181 1034 1304 1088 fidem
1338 1034 1436 1086 fecit
1466 1031 1586 1090 (esse)
1618 1047 1660 1076 se
1690 1034 1804 1076 Iovis
1832 1042 1876 1072 10

85 1100 233 1163 filium.
356 1113 482 1144 VERA
513 1114 635 1145 IOVIS
675 1115 854 1146 PROLES
892 1105 1038 1146 nullus
1079 1105 1192 1146 enirn
1231 1104 1420 1147 humano
1459 1105 1669 1161 sanguine
1707 1120 1803 1159 pro-

89 1175 261 1215 creatus
291 1175 416 1215 tanta
446 1174 682 1229 perficeret.

204 1244 302 1286 302.
353 1256 543 1287 DEXTER
580 1258 663 1287 ADI
704 1247 747 1288 id
786 1249 850 1289 est
888 1248 1115 1304 propitius.
1237 1260 1359 1290 PEDE
1399 1260 1616 1292 sncvrmo
1659 1248 1802 1290 omine

87 1330 308 1370 prospero.
835 1322 842 1326 '

205 1387 303 1430 303.
355 1399 502 1431 SVPER
523 1400 674 1432 OMNIA
694 1402 801 1433 CACI
832 1391 876 1433 id
909 1394 976 1434 est
1000 1392 1082 1434 1100
1108 1391 1272 1435 factum
1298 1392 1478 1434 laudant
1503 1392 1619 1434 ultra
1645 1392 1802 1435 omnia.
1830 1397 1873 1429 15

86 1460 129 1499 et
162 1458 223 1500 sic
254 1461 321 1501 est
352 1459 534 1515 dictum,
565 1462 615 1502 ut
641 1460 733 1516 <IX
753 1461 870 1517 281>
903 1463 989 1504 sed
1021 1465 1070 1504 te
1103 1478 1256 1518 super
1287 1463 1458 1506 omnia
1489 1462 1620 1505 dona
1652 1478 1802 1505 unum

87 1544 188 1571 oro.
239 1533 283 1572 et
313 1530 442 1586 bene,
475 1534 687 1587 quantum
720 1533 773 1575 ad
806 1533 926 1588 ipsos
957 1534 1165 1589 pertinet,
1197 1548 1287 1576 rem
1321 1534 1529 1576 maiorem
1561 1538 1599 1576 et
1621 1535 1701 1577 sibi
1725 1535 1803 1576 uti-

87 1601 228 1644 liorem
261 1616 485 1646 servavere
516 1604 619 1658 po‘st
651 1605 815 1647 omnia:
856 1606 956 1659 quia
987 1606 1048 1647 ita
1078 1619 1197 1662 saepe
1225 1606 1291 1661 fit,
1322 1609 1370 1648 ut
1398 1620 1446 1648 ea
1476 1619 1580 1660 quae
1609 1606 1656 1647 in
1683 1620 1803 1659 prae-

85 1676 194 1715 sente
224 1677 422 1729 ayuntur,
456 1674 614 1727 fabulis
644 1676 832 1718 omnibus
856 1680 998 1730 postea
1029 1677 1258 1728 addantur,
1289 1680 1328 1719 et
1356 1691 1460 1732 quae
1489 1678 1642 1731 experti
1672 1681 1802 1728 erant,

78 1744 246 1797 potiora
275 1746 492 1787 videantur
528 1746 695 1800 iynotis,
733 1750 772 1789 et
799 1748 899 1801 fides
929 1747 1127 1791 habeatur
1156 1748 1245 1791 illis
1274 1762 1378 1805 quae
1408 1749 1632 1791 audierant
1659 1762 1708 1790 ex
1738 1748 1803 1790 his
1828 1755 1873 1786 20

85 1828 192 1867 quae
221 1816 420 1859 viderant.

206 1887 303 1929 307.
355 1898 547 1931 OBSITVS
585 1900 710 1932 AEVO
751 1892 893 1933 aetate
931 1890 1173 1946 involutus,
1214 1893 1263 1932 ut
1297 1891 1511 1933 Terentius
1548 1892 1612 1933 ait
1650 1891 1801 1933 annis

86 1958 377 2014 pannisque
415 1959 631 2003 obsitus.
692 1961 886 2003 nonnulli
917 1960 1133 2004 ‘obsitum'
1165 1963 1287 2015 quasi
1323 1962 1497 2004 insitum
1533 1965 1571 2004 et
1600 1962 1802 2005 obsessum

86 2032 125 2071 et
147 2043 381 2083 possessum
413 2031 595 2074 tradunt.
1516 2081 1526 2093 ⁸

205 2101 305 2144 310.
353 2112 644 2153 FACILESQVE
678 2093 858 2147 o'cvnos
891 2115 1013 2146 mm*
1046 2115 1194 2146 OMNIA
1227 2115 1402 2147 cmcvn
1444 2104 1614 2159 physici
1652 2104 1802 2147 dicunt
1827 2111 1871 2142 25

87 2186 138 2214 ex
171 2173 271 2215 vino
304 2172 553 2216 mobiliores
587 2174 733 2217 oculos
766 2175 877 2217 fieri:
908 2174 1090 2217 Plautus
1123 2175 1309 2218 faciles
1343 2176 1519 2218 oculos
1551 2175 1725 2231 habet,
1758 2176 1802 2218 id

87 2246 152 2285 est
183 2243 365 2286 mobiles
398 2244 511 2287 vino.
572 2245 644 2287 hoc
674 2247 799 2288 etiam
829 2247 1051 2290 Maecenas
1088 2247 1134 2288 in
1170 2248 1392 2302 symposio,
1423 2247 1494 2289 ubi
1532 2247 1735 2301 Veryilius
1765 2250 1804 2289 et

87 2314 293 2358 Horatius
322 2316 616 2372 interfuerunt,
647 2331 739 2360 cum
770 2332 818 2360 ex
845 2332 1023 2372 persona
1053 2318 1261 2360 Messalae
1291 2319 1339 2360 de
1367 2319 1410 2360 vi
1441 2319 1531 2360 vini
1563 2318 1801 2373 loqueretur,

186 2437 229 2469 13
254 2445 393 2468 nnx‘rnn
416 2432 619 2481 propitius]
645 2434 690 2470 cf.
716 2433 812 2471 Non.
838 2447 875 2480 p.
903 2439 984 2480 290,
1013 2439 1054 2471 11
1083 2435 1131 2469 Μ.
1157 2436 1170 2481 ΙΙ
1201 2439 1245 2470 22
1272 2435 1485 2482 Terentius]
1512 2446 1594 2470 eun.
1621 2435 1655 2470 II
1682 2439 1714 2479 2,
1742 2439 1763 2470 5
1790 2439 1801 2481 Η

91 2483 137 2516 23
163 2480 327 2517 obsitum
353 2508 361 2517 .
384 2509 392 2517 .
414 2509 421 2516 .
449 2481 659 2528 obsessum]
686 2483 732 2518 cf.
760 2483 845 2518 Isid.
873 2494 923 2519 or.
949 2483 983 2518 X
1011 2487 1078 2519 197
1170 2496 1175 2502 ·

189 2591 209 2622 2
235 2588 355 2633 possit
379 2587 420 2623 F
434 2589 447 2633 11
472 2588 607 2624 euritio
633 2589 807 2625 etalensis
832 2590 874 2625 F
908 2589 1030 2636 euryti
1055 2591 1094 2625 et
1118 2589 1297 2625 haliensis
1325 2589 1360 2624 T
1395 2590 1516 2636 euryti
1541 2590 1580 2625 D
1604 2591 1616 2636 ΙΙ
1648 2594 1668 2624 3
1694 2589 1800 2634 lycae

87 2634 127 2669 D
152 2636 165 2680 ΙΙ
196 2638 219 2669 4
243 2634 282 2669 in
306 2635 396 2670 uota
424 2636 456 2670 T
478 2636 492 2681 ΙΙ
517 2647 649 2671 munus
676 2637 828 2673 Daniel:
858 2649 987 2673 manus
1014 2637 1095 2672 FT
1111 2639 1123 2684 ΙΙ
1152 2648 1285 2672 munus
1312 2637 1451 2679 uxoris}
1478 2636 1649 2673 manibus
1676 2637 1799 2672 uxoris

89 2683 217 2718 datam
243 2682 282 2716 D
301 2684 313 2727 ΙΙ
331 2686 353 2717 5
379 2682 585 2722 induxisset
610 2684 649 2718 D
667 2685 679 2730 [Ι
699 2689 719 2720 6
747 2684 859 2720 adore
883 2685 922 2719 F
939 2686 950 2731 ΙΙ
969 2685 1121 2720 invento
1148 2684 1312 2720 remedio
1338 2696 1404 2720 om.
1419 2684 1459 2719 D
1477 2686 1489 2731 ΙΙ
1510 2690 1528 2720 7
1557 2684 1798 2730 cremaretur]

90 2740 135 2764 ne
161 2728 391 2765 inueniretur
417 2730 501 2765 add.
518 2730 557 2765 D
575 2732 587 2777 11
608 2734 651 2766 10
677 2731 768 2766 fecit
793 2743 873 2767 esse
899 2743 939 2767 se
959 2731 1184 2767 Dorvillius:
1211 2731 1302 2767 fecis
1323 2743 1362 2767 se
1382 2732 1423 2767 F
1457 2732 1548 2768 fecit
1573 2744 1611 2767 se
1631 2732 1770 2767 Daniel
1790 2731 1801 2778 Η

92 2781 133 2812 11
160 2779 376 2822 procreatus
403 2777 467 2823 qui
491 2778 598 2813 tanta
625 2779 674 2813 M
690 2779 702 2825 ΙΙ
729 2783 772 2814 1ῦ
798 2779 837 2814 id
864 2781 921 2814 est
945 2790 1010 2814 om.
1033 2779 1105 2815 AS
1123 2780 1134 2827 ΙΙ
1163 2784 1205 2815 16
1231 2779 1288 2826 ut]
1315 2782 1359 2815 ut
1384 2781 1442 2815 est
1466 2779 1552 2815 LH
1557 2781 1606 2814 M
1621 2781 1634 2825 ΙΙ
1654 2779 1735 2825 sed]
1763 2780 1801 2814 et

89 2825 177 2860 libri
196 2828 344 2869 praeter
369 2824 454 2859 RF
481 2825 493 2871 ΙΙ
528 2826 654 2861 malim
677 2837 773 2870 rem,
806 2828 986 2871 quantum
1014 2827 1060 2862 ad
1087 2828 1188 2873 ipsos
1213 2827 1393 2873 pertinet,
1427 2827 1606 2862 maiorem
1643 2827 1655 2874 ΙΙ
1694 2830 1735 2862 17
1764 2827 1801 2861 et

89 2871 276 2907 utiliorem
302 2873 416 2908 edidit
435 2871 642 2917 Stephanus
659 2874 671 2918 ΙΙ
693 2877 735 2908 18
762 2885 909 2909 seruare
929 2873 965 2908 L
1002 2876 1152 2910 seruant
1177 2886 1216 2910 re
1236 2874 1277 2909 F
1292 2876 1304 2920 ΙΙ
1326 2879 1368 2910 19
1395 2876 1549 2920 aguttur
1569 2874 1609 2909 F
1623 2875 1636 2920 ΙΙ
1655 2873 1799 2920 experti

89 2921 196 2955 erant
225 2921 375 2964 scripsi:
409 2920 646 2965 experierant
671 2920 712 2955 F
752 2921 984 2967 expetierant
1010 2922 1251 2958 Commelinus
1287 2923 1299 2968 ΙΙ
1336 2925 1381 2957 20
1413 2921 1599 2967 ignoturis
1624 2921 1674 2965 F,
1706 2932 1798 2956 corr.

89 2966 229 3002 Daniel
256 2967 268 3013 ΙΙ
299 2978 344 3002 ex
370 2966 411 3002 F
444 2970 483 3003 et
507 2966 646 3004 Daniel
676 2969 688 3015 ΙΙ
719 2971 763 3004 22
789 2969 861 3016 ait]
888 2969 942 3004 ait
967 2970 1009 3004 ut
1035 2969 1074 3004 F
1101 2971 1114 3015 ΙΙ
1144 2970 1194 3005 ad
1220 2982 1366 3005 onsmvs
1391 2981 1425 3005 A.
1450 2980 1550 3014 supr.
1577 2980 1667 3005 vers.
1694 2968 1799 3013 quasi

89 3014 243 3054 insitum
269 3015 308 3049 et
334 3014 523 3050 obsessum
553 3016 586 3049 T
601 3016 614 3061 11
642 3019 687 3050 23
713 3015 884 3063 insitum]
910 3017 995 3061 fort.
1022 3017 1192 3052 indutum
1213 3018 1224 3063 ΙΙ
1250 3021 1295 3052 27
1323 3017 1393 3052 1100
1419 3016 1532 3052 etiam
1561 3045 1569 3053 .
1591 3045 1597 3051 .
1620 3041 1629 3051 .
1655 3015 1800 3050 reducit

90 3059 189 3096 bona
213 3062 294 3096 hab.
325 3061 357 3095 Τ
386 3063 398 3108 ΙΙ
433 3073 606 3097 mecenas
634 3062 674 3097 F
707 3074 903 3100 mecaenas
932 3064 965 3098 T
994 3065 1006 3111 ss
1044 3064 1220 3110 simposio
1248 3063 1290 3098 F
1315 3065 1328 3109 ΙΙ
1363 3063 1444 3110 ubi]
1473 3064 1532 3099 cui
1558 3064 1763 3099 Masvicius
1788 3062 1799 3107 Η

91 3107 270 3153 uergilius
293 3108 333 3143 F
378 3112 423 3144 28
450 3121 494 3145 ex
520 3121 717 3155 personam
742 3112 788 3146 ‘e‘e
813 3111 934 3147 ledem
961 3112 1048 3147 uino
1069 3111 1109 3146 F
1144 3122 1188 3146 ex
1214 3122 1411 3156 personam
1438 3111 1484 3147 e”e
1510 3110 1627 3146 lederi
1652 3110 1739 3144 uino
1769 3108 1825 3142 Τ-

93 3165 138 3236 {a}
163 3157 983 3252 ‘timess{trissitant}
1002 3155 1800 3250 weiss⁰?a'ssz'302225al112‘2332-35ffl320233

205 3229 213 3237 o
1360 3235 1367 3242 ι
1435 3235 1442 3243 ι
1653 3230 1665 3247 5

94 3247 301 3285 Maevicius
325 3253 358 3285 et
382 3249 625 3288 Burmannus
648 3254 762 3288 secuti·
785 3255 885 3297 sumt)

1446 3311 1516 3346 16*
1585 3330 1587 3332 .
