2092 3614
503 274 655 312 COMM.
681 274 734 311 IN
759 273 904 310 VERG.
930 273 1041 311 AEN.
1069 274 1156 335 Vin
1183 278 1382 312 148—166.
1695 274 1781 316 223

195 384 290 427 156.
347 402 472 429 voc-EM
496 402 693 429 Alvcfflsnn
719 401 851 427 mam
875 385 979 426 mire
1009 385 1120 438 quod
1146 398 1232 426 non
1260 384 1357 437 fecit
1385 384 1558 427 Aenean
1586 377 1783 426 dicentem

68 456 141 510 qui
169 456 242 510 sit,
272 455 526 498 Euandrum
561 459 867 511 coynoscentem.

191 526 284 569 157.
335 545 532 570 HESIONAE
567 545 762 572 VIsENTEM
788 545 918 571 REGNA
949 545 1107 571 soaoms
1151 528 1525 570 commemorationi
1573 528 1783 570 necessitu-

67 599 180 641 dinis
209 599 343 641 reddit
372 601 791 642 commemorationem
821 599 998 654 hospitii.
1048 613 1148 642 sane
1175 599 1323 652 fabula
1347 599 1395 641 de
1418 598 1600 642 Hesione
1624 603 1662 641 et
1684 603 1784 642 nota

67 673 127 711 est
155 673 194 711 et
223 671 381 724 aliquot
406 671 509 724 ,loeis
539 673 732 725 exposita.
785 672 878 725 quis
908 671 1017 713 enim
1047 672 1175 714 nescit
1203 685 1231 713 a
1261 671 1535 713 Laomedonte
1565 671 1783 713 mercedem

68 741 260 796 Neptuno
291 744 330 783 et
358 741 551 795 Apollini
581 743 628 784 ob
658 756 797 784 muros
833 742 981 784 Troiae
1016 742 1242 795 fabricatos
1272 745 1484 796 walatam,-
1523 756 1691 796 cumque
1720 743 1784 784 in-

67 826 190 855 cursu
220 814 352 855 maris
382 814 527 856 civitas
557 817 789 869 vexaretur,
830 817 1012 856 coactum
1042 814 1359 856 Laomedontem
1388 814 1523 868 liliam
1554 813 1785 856 Hesionam

67 887 147 926 ceto
178 884 349 935 obicere‚·
381 898 548 938 eamque
578 885 630 927 ab
658 885 838 927 Hercule
870 886 1098 937 liberatam,
1130 899 1267 928 eversa
1295 886 1425 927 Troia
1455 889 1493 927 et
1523 885 1650 927 occiso
1676 886 1784 927 Lao-

68 956 251 998 medonte
272 959 443 1010 propter
472 960 665 1011 negatum
691 957 944 1012 praemium,
973 957 1188 1000 Telamoni
1218 971 1292 999 suo
1324 958 1462 999 comiti
1493 958 1540 998 in
1570 957 1783 999 matrimo-

66 1028 186 1069 nium
223 1028 376 1071 datam.
437 1042 542 1082 quae
578 1042 705 1070 causa
740 1029 836 1082 fecit
870 1032 918 1075 ut
947 1028 1149 1071 Priamus
1185 1029 1242 1070 ad
1276 1029 1445 1079 visenda
1475 1029 1629 1071 sororis
1658 1042 1783 1083 reyna

63 1100 342 1154 proficiscens,
374 1114 467 1142 cum
491 1099 757 1143 Salaminam
783 1101 975 1156 tenderet,
1005 1101 1083 1143 iter
1103 1115 1182 1155 per
1200 1100 1431 1143 Arcadiam
1454 1100 1607 1153 faceret
1630 1103 1668 1142 et
1691 1104 1787 1142 tunc

68 1170 120 1212 ab
151 1170 356 1213 Euandro
394 1175 493 1213 esset
527 1175 732 1225 susceptus
763 1169 974 1214 Anchises.
1096 1183 1331 1215 nEsronAE
1364 1183 1599 1214 VISENTEM
1630 1183 1786 1214 REGNA

70 1253 261 1284 SORORIS
294 1245 343 1284 ut
373 1242 560 1284 diximus
594 1258 723 1298 supra
750 1243 798 1298 <I
827 1244 942 1297 619>
968 1242 1176 1285 Hercules
1205 1258 1355 1286 eversa
1382 1243 1512 1285 Troia
1538 1242 1785 1296 Hesionam,

72 1313 380 1355 Laomedontis
418 1315 572 1369 filiam,
610 1314 836 1357 Telamoni
875 1330 952 1356 suo
992 1315 1142 1357 comiti
1181 1315 1315 1370 dedit,
1354 1329 1404 1356 ex
1437 1329 1522 1370 qua
1561 1317 1688 1357 natus
1720 1317 1787 1356 est

70 1384 242 1427 Teucer.
287 1385 485 1428 Priamus
512 1387 663 1440 postea
683 1400 779 1428 cum
799 1385 1020 1428 Salamina
1035 1386 1246 1429 tenderet
1271 1386 1324 1428 ad
1351 1386 1576 1428 visendum
1603 1400 1783 1442 regnum

71 1456 251 1508 sororis,
287 1471 364 1512 per
396 1457 628 1499 Arcadiam
659 1457 742 1498 iter
772 1456 893 1513 fecit,
927 1459 970 1499 et
1001 1460 1105 1500 tunc
1138 1459 1192 1500 ab
1224 1458 1430 1500 Euandro
1464 1460 1530 1500 est
1562 1460 1785 1513 susceptus

71 1527 295 1570 Anchises
416 1540 655 1572 VISENTEM
686 1539 847 1571 REGNA
877 1529 1022 1571 videre
1054 1530 1309 1585 cupientem.

194 1599 289 1641 159.
339 1611 573 1643 PROTINVS
612 1615 699 1642 uno
739 1600 971 1655 eodemque
1009 1602 1220 1655 tempore,
1260 1600 1343 1642 hoc
1385 1603 1452 1643 est
1489 1601 1588 1643 dum
1632 1602 1787 1658 pergit,

74 1669 184 1712 vidit
214 1670 466 1726 Arcadiam3
508 1686 610 1713 nam
641 1687 729 1714 non
762 1686 992 1727 possumus
1025 1671 1199 1713 ‘simul'
1233 1672 1504 1728 intellegere,
1537 1688 1631 1715 cum
1666 1672 1786 1716 Sala-

73 1741 191 1783 mina
220 1742 364 1783 insula
396 1741 470 1797 sit,
502 1742 690 1785 Arcadia.
723 1743 768 1785 in
801 1743 1054 1786 continenti.

194 1814 289 1855 161.
340 1811 642 1865 MIRABARQVE
675 1826 826 1858 Dvons
860 1826 1072 1858 Tnvcnos
1104 1815 1186 1857 hos
1219 1815 1388 1871 laudat,
1428 1831 1512 1872 quo
1547 1816 1698 1859 melior
1730 1816 1788 1858 sit

73 1884 146 1926 ille
179 1899 304 1939 quem
337 1884 536 1940 praefert.

198 1956 294 1998 162.
345 1973 504 1999 efforts
527 1973 666 1999 Aaron
695 1970 779 1999 non
810 1957 943 1999 solum
973 1959 1031 2000 ad
1058 1961 1282 2014 staturam,
1312 1960 1383 2001 sed
1411 1960 1469 2001 ad
1498 1960 1649 2002 omnia.

195 2028 291 2069 163.
341 2039 565 2071 IVVENALI
597 2039 815 2070 ARDEBA'r
848 2040 1006 2072 AMORE
1048 2029 1163 2071 inest
1199 2030 1312 2072 enim
1343 2031 1522 2072 strenuis
1559 2031 1786 2074 iuvenibus

75 2098 265 2141 studium
297 2098 661 2154 adquirendarum
694 2100 1001 2143 amicitiarum:
1035 2101 1245 2144 Horatius
1279 2102 1580 2157 animusque
1612 2103 1786 2145 virilis

78 2171 286 2225 quaerit
318 2185 440 2226 opes
472 2174 521 2213 et
554 2171 829 2214 amicitias,

197 2242 292 2285 165.
342 2256 508 2286 errrore
551 2242 796 2299 ἐπιθυμῶν.
918 2256 1091 2287 ΡΗΕΝΕΙ
1124 2245 1271 2301 oppidi
1304 2244 1533 2288 Arcadiae:
1572 2245 1787 2288 Homerus

76 2315 122 2356 οἳ
154 2310 324 2355 Φένεόν
355 2308 394 2354 τ’
429 2312 652 2369 ἐνέμοντο.
708 2320 788 2358 nec
819 2330 899 2358 nos
931 2316 1059 2357 debet
1091 2331 1261 2358 movere
1294 2317 1426 2373 quod,
1458 2332 1554 2359 eum
1587 2317 1790 2360 Euander

75 2384 126 2426 de
166 2383 392 2427 Pallanteo
433 2385 509 2441 sit,
554 2386 656 2427 dicit
692 2385 875 2428 ‘Phenei
913 2388 993 2429 sub
1032 2386 1236 2443 moenia',
1280 2403 1377 2431 cum
1417 2388 1603 2431 sciamus
1638 2391 1788 2444 poetas

76 2456 238 2500 vicinas
266 2471 414 2498 omnes
446 2472 523 2512 pro
548 2472 634 2499 uno
660 2458 820 2500 habere
847 2459 1065 2514 civitates,
1097 2459 1208 2501 sicut
1238 2460 1290 2502 de
1315 2459 1484 2503 Didone
1510 2461 1628 2512 facit,
1660 2475 1787 2516 quam

78 2542 402 2583 nonnumquam
434 2528 631 2584 Tyriam,
665 2530 923 2586 aliquotiens
956 2530 1178 2574 Sidoniam
1211 2534 1351 2574 vocat.

146 2641 149 2644 .
202 2600 296 2643 166.
346 2611 453 2655 ΗΑΛ]
485 2613 592 2642 Mun
624 2612 847 2643 INSIGNEM
879 2614 1161 2644 PHARETRAM
1199 2603 1265 2644 ius
1300 2603 1481 2659 hospitii
1513 2604 1647 2647 habet
1677 2605 1789 2647 inter

174 2743 218 2775 25
245 2740 439 2787 Horatius]
467 2752 500 2776 a.
527 2753 563 2786 p.
591 2745 658 2777 166
691 2743 702 2788 ΙΙ
734 2745 777 2777 27
805 2741 1003 2788 Homerus]
1030 2742 1072 2777 Il.
1100 2742 1134 2777 II
1161 2746 1228 2778 (305

177 2875 194 2906 1
223 2871 357 2907 mirere
377 2871 584 2908 Schoellius.
612 2871 711 2917 quod
737 2872 849 2907 deleri
867 2873 991 2908 malim
1010 2874 1022 2920 ΙΙ
1042 2877 1061 2908 2
1089 2873 1154 2919 qui
1177 2874 1225 2909 sit
1245 2874 1297 2909 F:
1326 2874 1390 2919 qui
1410 2875 1482 2910 scit
1500 2876 1640 2912 Daniel
1657 2876 1669 2922 ΙΙ
1688 2880 1709 2911 4
1737 2876 1788 2910 fn-

80 2917 166 2954 bule
181 2918 221 2953 F
236 2921 248 2965 ΙΙ
268 2923 288 2954 5
308 2919 460 2965 aliquod
475 2919 515 2954 F
531 2921 542 2966 ΙΙ
563 2925 583 2955 6
602 2919 768 2965 apollino
783 2919 822 2954 F
837 2920 850 2964 ΙΙ
868 2919 1104 2956 incursum-G
1123 2923 1134 2968 ΙΙ
1155 2925 1174 2957 7
1195 2922 1310 2957 filiam
1327 2950 1334 2957 .
1351 2950 1357 2957 .
1374 2952 1380 2958 .
1397 2923 1650 2959 Laomedonte
1669 2935 1735 2959 om¹
1754 2924 1788 2958 G

81 2965 93 3011 Η
112 2970 132 3001 8
153 2966 227 3002 cito
248 2966 289 3001 F
303 2969 315 3014 ΙΙ
337 2971 378 3002 11
401 2967 592 3003 Salamina
609 2967 782 3003 tenderet
801 2969 838 3003 et
857 2967 929 3002 iter
947 2968 1086 3004 Daniel
1104 2971 1115 3015 ΙΙ
1139 2973 1179 3004 16
1207 2972 1398 3014 susceptus
1425 2973 1482 3005 est
1502 2971 1615 3006 ΑΕΒ
1635 2973 1646 3018 ΙΙ
1669 2976 1710 3007 19
1732 2983 1787 3006 sa-

82 3013 181 3048 lania
200 3014 245 3048 H
258 3015 271 3060 ΙΙ
290 3018 335 3050 20
360 3015 484 3050 insula
502 3014 689 3050 RLHF:
715 3014 754 3050 in
772 3014 897 3051 insula
915 3015 1064 3051 ASMl
1082 3017 1093 3063 ΙΙ
1113 3017 1291 3052 archadia
1316 3019 1443 3053 autem
1462 3018 1499 3053 R
1537 3020 1726 3054 arcadium
1748 3018 1793 3053 H

82 3061 253 3096 arcadiae
273 3062 313 3096 F
329 3063 340 3108 ΙΙ
359 3066 404 3098 23
430 3063 480 3098 ad
506 3075 650 3099 nvnc-ris
675 3075 709 3097 A.
735 3073 836 3107 supr.
857 3073 945 3099 vers.
971 3074 1046 3098 non
1072 3064 1191 3099 solum
1217 3066 1265 3099 ad
1290 3066 1472 3101 staturam
1499 3067 1564 3102 sed
1590 3067 1637 3102 ad
1664 3067 1789 3102 omnia.

1813 1038 1856 1069 10

1813 1755 1859 1786 20

1815 2471 1859 2502 30

83 3107 316 3144 referendum
334 3110 446 3146 altior
468 3110 501 3144 T
517 3111 530 3156 ΙΙ
548 3114 594 3145 26
613 3121 703 3155 opes
724 3110 763 3145 et
781 3121 846 3146 om.
861 3110 935 3145 AS
952 3112 964 3157 ss
983 3115 1027 3146 27
1050 3108 1249 3156 ἐπιθυμῶν
1270 3112 1526 3150 Commelinus:
1553 3125 1609 3149 en.
1630 3125 1735 3149 emon
1750 3112 1791 3147 F
1850 3144 1855 3150 .

85 3150 146 3189 ἔπι
170 3157 306 3201 θυμων
330 3157 469 3193 Daniel
487 3158 499 3204 ΙΙ
518 3170 614 3193 mum
641 3157 711 3193 AS
748 3170 867 3193 rmum
892 3158 942 3192 M
973 3171 1102 3194 PHYNEI
1129 3158 1169 3194 F
1185 3160 1196 3204 ΙΙ
1215 3163 1260 3194 28
1287 3170 1323 3194 01
1348 3169 1676 3205 φιΝεοΝτεΝεΜοΝτε
1702 3160 1790 3195 libri

78 3205 224 3253 praeter
249 3203 298 3246 F,
323 3205 386 3249 qui
411 3217 448 3239 01
473 3214 604 3250 φῑκεοη
629 3206 713 3240 tene
739 3204 926 3241 amicitias
951 3217 1103 3241 memorre
1128 3207 1268 3242 exhibet
1286 3209 1297 3254 ΙΙ
1317 3211 1361 3243 29
1386 3209 1523 3255 phenei
1548 3209 1576 3243 S
1612 3207 1711 3242 fenei
1735 3207 1787 3242 L:

86 3247 213 3292 phinei
238 3251 291 3284 vel
315 3251 403 3286 finei
425 3253 558 3297 reliqui
575 3254 587 3298 ΙΙ
611 3254 762 3297 poetam
787 3252 957 3288 ASLM
973 3255 986 3299 ΙΙ
1017 3258 1062 3288 30
1088 3266 1162 3290 una
1187 3255 1199 3290 l
1224 3258 1257 3291 et
1280 3257 1387 3302 vulyo
1411 3258 1424 3301 ΙΙ
1454 3260 1499 3291 31
1526 3255 1726 3299 aliquando
1753 3254 1789 3290 L
