2092 3614
228 994 272 1025 10

227 1350 270 1382 15

225 1707 270 1739 20

223 2063 267 2095 25

229 2421 275 2453 30

300 235 387 276 292
1070 235 1233 271 SERVII

299 343 446 400 gladio
479 358 523 386 se
554 344 786 387 interemit.
835 359 960 400 quem
986 343 1147 387 Brutus
1174 345 1226 387 de
1252 345 1342 387 eius
1369 359 1547 400 corpore
1579 346 1820 387 extractum
1851 347 2003 387 tenens

298 415 511 470 processit
550 415 604 457 ad
639 416 866 472 populum,
904 419 948 458 et
985 417 1123 459 multa
1162 420 1423 472 conquestus
1463 416 1514 458 de
1546 415 1769 471 Tarquinii
1801 417 2004 472 superbia

299 488 342 528 et
373 486 563 529 filiorum
596 487 687 529 eius
718 487 1006 542 turpitudine,
1047 487 1137 543 egit
1167 502 1223 529 ne
1254 487 1300 529 in
1331 488 1482 529 urbem
1514 487 1822 542 reciperentur,
1861 490 2002 530 aucto-

297 557 427 600 ritate
469 573 554 613 qua
593 558 827 613 plurimum
870 560 1060 613 poterat:
1113 573 1213 600 nam
1264 560 1311 600 ut
1357 558 1560 614 diximus,
1604 557 1763 600 Brutus
1806 559 2004 602 tribunus

299 628 491 683 equitum
528 628 680 672 fuerat.
744 630 817 672 sed
855 644 951 671 cum
988 644 1076 672 non
1115 629 1404 685 susciperetur
1442 629 1700 685 Tarquinius
1739 630 1923 672 contulit
1960 645 2005 672 se

298 699 350 741 ad
382 699 670 756 Porsennam,
702 715 850 757 regem
882 700 1076 743 Tusciae.
1140 700 1213 756 qui
1244 715 1323 756 pro
1356 700 1593 755 Tarquinio
1626 716 1723 743 cum
1755 701 2004 756 ingentibus

298 771 433 825 copiis
477 773 603 826 capto
641 771 832 815 Ianiculo
875 774 918 814 et
953 772 1044 815 illic
1085 767 1238 814 castris
1282 771 1457 828 positis,
1501 771 1687 814 Romam
1730 771 2005 815 vehementer

298 842 479 885 obsedit.
531 844 575 884 et
607 857 704 885 cum
735 857 812 898 per
845 843 1071 886 sublicium
1105 846 1301 898 pontem,
1333 843 1415 886 hoc
1449 846 1514 885 est
1546 844 1755 899 ligneum,
1786 844 1858 897 qni
1888 843 2006 885 modo

298 913 485 967 lapideus
515 914 683 968 dicitnr,
721 914 908 956 transire
941 917 1188 970 conaretur,
1227 915 1344 958 solus
1377 913 1529 957 Cocles
1560 914 1762 957 hostilem
1795 914 2005 969 impetum

298 985 522 1039 sustinuit,
555 984 689 1027 donec
717 1000 742 1026 a
766 987 891 1040 tergo
917 1000 1026 1041 pons
1054 985 1293 1028 solveretur
1319 1001 1343 1027 a
1370 986 1516 1028 sociis:
1549 1000 1631 1040 quo
1665 986 1807 1028 soluto
1834 1001 1880 1028 se
1906 1000 2003 1028 cum

297 1057 428 1098 armis
460 1055 766 1111 praecipitavit
798 1057 843 1097 in
874 1055 1083 1111 Tiberim,
1116 1059 1160 1098 et
1189 1056 1291 1098 licet
1322 1056 1464 1098 laesus
1496 1059 1596 1099 esset
1624 1056 1670 1097 in
1701 1071 1826 1111 coxa,
1857 1059 2003 1098 tamen

297 1129 386 1169 eius
413 1127 573 1169 fluenta
601 1126 840 1181 superavit:
872 1126 984 1168 unde
1012 1126 1212 1169 estillud
1238 1127 1292 1168 ab
1320 1141 1369 1169 eo
1395 1127 1575 1181 dietum,
1607 1141 1703 1169 cum
1736 1127 1772 1168 ei
1805 1126 1852 1168 in
1878 1128 2005 1169 comi-

295 1198 370 1240 tiis
403 1213 536 1241 coxae
562 1197 717 1240 vitium
743 1198 986 1240 obiceretur
1012 1196 1105 1253 ‘per
1131 1198 1322 1254 singulos
1349 1198 1506 1254 gradus
1534 1198 1770 1240 admoneor
1795 1198 2003 1253 triumphi

296 1269 415 1312 mei'.
464 1270 510 1311 in
540 1271 709 1311 tantam
743 1271 888 1311 autem
921 1259 1158 1311 obsidionis
1184 1269 1486 1311 necessitatem
1519 1270 1703 1324 populus
1730 1271 1925 1324 venerat,
1957 1272 2006 1312 ut

297 1341 431 1383 etiam
470 1340 643 1383 obsides
681 1340 811 1383 daret.
875 1354 927 1382 ex
959 1339 1113 1395 quibus
1148 1338 1314 1383 Cloelia
1344 1340 1523 1383 inventa
1555 1341 1776 1383 occasione
1807 1343 2006 1383 transna-

295 1413 406 1455 tavit
443 1411 622 1454 fluvium
660 1413 703 1453 et
740 1411 925 1454 Romam
962 1426 1134 1454 reversa
1174 1414 1255 1466 est,
1292 1411 1542 1467 redditaque
1580 1427 1728 1454 rursus
1769 1415 1851 1467 est,
1887 1412 2005 1467 pacis

295 1484 391 1539 lege
423 1498 518 1525 eam
543 1482 765 1525 Porsenna
790 1485 1026 1538 repetente.
1076 1484 1150 1538 qui
1182 1482 1418 1535 admiratus
1450 1483 1656 1525 virtutem
1686 1483 1854 1538 puellae
1886 1483 2009 1526 dedit

296 1555 335 1597 ei
361 1555 603 1610 optionem,
634 1556 683 1596 ut
714 1569 812 1596 cum
838 1554 992 1610 quibus
1018 1554 1148 1597 vellet
1172 1554 1341 1596 rediret.
1392 1554 1468 1596 illa
1500 1554 1633 1610 elegit
1663 1554 1872 1610 virgines,
1903 1568 2008 1608 quae

293 1626 478 1668 iniuriae
506 1629 702 1680 poterant
730 1639 812 1668 esse
841 1625 1055 1680 obnoxiae,
1101 1625 1210 1668 unde
1242 1625 1465 1673 Porsenna
1502 1625 1584 1667 hoc
1624 1640 1792 1681 quoque
1825 1626 2006 1668 miratus

297 1698 527 1752 concessit,
559 1700 602 1739 et
632 1697 806 1753 rogavit
836 1711 913 1752 per
943 1697 1116 1739 litteras
1148 1697 1357 1752 populum
1389 1696 1652 1751 Romanum,
1690 1699 1737 1739 ut
1770 1696 1809 1739 ei
1841 1696 2007 1752 aliquid

295 1769 418 1812 virile
450 1769 766 1822 decerneretur:
800 1769 868 1811 cui
899 1769 1003 1811 data
1029 1770 1095 1811 est
1122 1771 1268 1810 statua
1294 1768 1522 1824 equestris,
1555 1783 1683 1823 quam
1715 1768 1761 1810 in
1787 1783 1911 1811 sacra
1939 1768 2006 1812 via

293 1840 505 1896 hodieque
544 1839 846 1895 conspicimus.
967 1850 1175 1881 EIECTVM
1213 1839 1339 1881 facile
1376 1841 1550 1894 poterat
1588 1840 1746 1895 suscipi
1786 1843 1828 1882 et
1859 1840 2007 1883 occidi.

294 1911 367 1954 sed
405 1911 501 1953 ideo
533 1926 621 1954 non
653 1913 720 1953 est
751 1913 994 1966 susceptus,
1038 1911 1139 1966 quia
1178 1910 1314 1953 occidi
1351 1925 1441 1953 non
1478 1913 1649 1965 poterat
1686 1911 1896 1967 religione
1928 1911 2006 1953 im-

294 1983 512 2038 pediente:
547 1988 623 2024 rex
663 1982 775 2024 enim
815 1982 947 2024 etiam
985 1996 1208 2024 sacrorum
1250 1981 1402 2024 fuerat.
1465 1982 1576 2026 unde
1615 1984 1768 2037 postea
1799 1982 1872 2024 alii
1903 1982 2007 2024 facti

296 2057 396 2097 sunt
427 2054 644 2108 consules,
676 2052 751 2095 alii
783 2066 907 2109 reges
941 2067 1174 2095 sacrorum.
1294 2064 1541 2096 PORSENNA
1573 2068 1704 2095 unum
1738 2052 1808 2095 ‘n'
1843 2053 2007 2095 addidit

296 2126 424 2168 metri
456 2139 603 2168 causa:
635 2124 747 2166 unde
779 2127 823 2166 et
853 2124 1146 2179 paenultimae
1178 2124 1303 2166 datus
1337 2127 1538 2167 accentus
1572 2127 1655 2167 est:
1686 2139 1786 2166 nam
1815 2123 2007 2166 Porsena

297 2198 436 2240 dictus
469 2199 553 2239 est:
594 2195 806 2238 Martialis
838 2195 887 2250 <I
918 2196 995 2251 21,
1027 2195 1083 2250 6>
1116 2195 1247 2238 hanc
1279 2198 1516 2251 spectare
1549 2210 1748 2238 manum
1781 2195 2007 2238 Porsena

297 2283 399 2312 non
430 2267 614 2324 potuit.
756 2316 761 2323 ,

418 2339 516 2381 648.
566 2349 820 2380 AENEADAE
863 2338 968 2380 satis
1011 2337 1138 2392 longe
1177 2337 1361 2392 petitum
1399 2337 1635 2392 epitheton.
1695 2341 1733 2380 et
1767 2340 1900 2391 potest
1934 2337 2007 2380 hoc

301 2412 383 2454 loco
414 2410 588 2453 historia
617 2410 666 2452 de
695 2409 838 2452 Mucio
869 2409 1010 2463 accipi.

395 2578 416 2610 8
456 2573 521 2619 qui
558 2574 668 2609 modo
706 2573 878 2620 lapideus
917 2573 1070 2620 dicitur]
1109 2573 1155 2609 cf.
1191 2573 1333 2609 Becker
1368 2572 1514 2609 Handb.
1554 2573 1619 2609 der
1654 2584 1766 2611 roem.
1798 2573 1957 2610 Alterth.
1988 2574 2006 2609 Ι

300 2635 335 2669 p.
359 2626 426 2658 695
443 2634 520 2667 sqq.
548 2622 559 2668 ΙΙ
589 2625 632 2657 15
659 2632 703 2657 ex
729 2622 864 2668 quibus
891 2621 1034 2658 Cloelia
1058 2632 1088 2657 8.
1116 2633 1151 2666 q.
1178 2620 1222 2668 s.]
1251 2620 1296 2657 cf.
1323 2621 1437 2656 schol.
1463 2623 1536 2657 vet.
1562 2622 1602 2656 in
1626 2622 1702 2658 Iuv.
1731 2621 1817 2657 VIII
1842 2625 1911 2657 265

397 2781 415 2812 1
444 2777 489 2813 de
516 2776 594 2812 eius
619 2776 776 2811 abstulit
795 2787 946 2822 corpore
966 2776 1004 2812 R
1022 2778 1034 2823 ΙΙ
1053 2777 1262 2812 extractum
1281 2776 1364 2811 LF
1379 2777 1553 2823 mythoyr.
1580 2778 1746 2812 exertum
1765 2775 1861 2811 AM
1863 2787 1882 2811 8
1905 2787 2005 2812 exer-

301 2825 416 2860 citum
443 2824 472 2860 S
508 2826 749 2869 exertumque
767 2823 804 2859 R
823 2825 835 2870 ΙΙ
854 2828 875 2859 6
901 2835 1099 2869 porsenam
1119 2825 1155 2860 R
1173 2825 1186 2869 ΙΙ
1205 2836 1289 2860 cum
1314 2835 1379 2860 om.
1403 2825 1438 2859 L
1465 2825 1564 2870 (add.
1585 2825 1610 2869 l)
1629 2825 1642 2870 ΙΙ
1662 2828 1681 2859 7
1707 2823 1869 2858 ianiculo
1895 2824 2006 2868 capto

300 2872 337 2908 R
356 2873 368 2919 ΙΙ
387 2876 408 2908 8
435 2871 657 2917 supplicium
685 2871 778 2906 ΑΒΖ
815 2871 1030 2906 subulbium
1049 2872 1115 2907 La
1152 2871 1343 2907 sublitium
1370 2871 1408 2907 R
1445 2872 1643 2917 suplicium
1667 2872 1776 2916 31111
1803 2869 1909 2916 licet]
1936 2871 2005 2906 sci·

300 2920 392 2955 licet
416 2919 445 2955 S
463 2921 474 2965 ΙΙ
493 2919 656 2955 inlaesus
682 2919 781 2954 esset
806 2930 935 2954 coxam
960 2918 1001 2953 F
1016 2919 1029 2963 ΙΙ
1059 2923 1101 2953 12
1128 2919 1207 2954 eius
1232 2930 1298 2955 om.
1325 2919 1399 2955 AS
1414 2920 1426 2965 ΙΙ
1450 2919 1627 2954 fluentam
1652 2918 1805 2953 uexauit
1829 2917 1869 2952 F
1884 2920 1897 2962 ΙΙ
1922 2930 2005 2953 cum

302 2967 337 3003 ei
361 2978 427 3002 om.
443 2967 483 3002 F
498 2968 511 3012 ΙΙ
530 2966 698 3002 cometiis
719 2967 751 3001 L
776 2965 952 3012 (comitiis
972 2966 998 3011 Z)
1036 2966 1247 3002 commitias
1267 2967 1318 3002 M
1349 2967 1500 3002 comicis
1524 2978 1555 3010 a¹
1565 2967 1578 3012 11
1600 2969 1641 3001 15
1668 2965 1776 3001 codia
1800 2964 1837 2999 R
1854 2966 1867 3011 ΙΙ
1885 2967 2005 3000 trans-

301 3014 465 3050 mutauit
487 3014 650 3060 tyberim
675 3013 716 3049 F
731 3015 743 3059 ΙΙ
773 3018 816 3049 16
842 3012 1077 3058 redigitaque
1104 3014 1160 3049 est
1185 3013 1226 3048 F
1240 3016 1252 3058 ΙΙ
1280 3018 1321 3049 17
1348 3014 1431 3059 lege
1458 3025 1540 3049 eam
1565 3024 1631 3048 om.
1658 3012 1698 3047 F
1712 3013 1725 3057 ΙΙ
1743 3015 1894 3057 repente
1921 3013 2005 3047 LF

302 3064 407 3108 (corr.
434 3063 461 3107 l)
480 3062 492 3108 ΙΙ
514 3065 555 3096 19
583 3062 764 3097 obnoxiae
789 3061 945 3097 Daniel:
971 3060 1106 3096 obnixe
1132 3060 1173 3095 F
1188 3062 1199 3107 ΙΙ
1225 3065 1269 3096 22
1296 3062 1458 3096 eiectum
1482 3063 1606 3095 autem
1633 3071 1747 3104 quare
1773 3060 1840 3094 aut
1864 3059 1927 3104 qui
1952 3060 2006 3096 fa-

302 3110 373 3146 cile
399 3110 439 3145 F
454 3110 466 3155 ΙΙ
497 3113 543 3144 24
568 3109 682 3144 etiam
707 3120 773 3145 om.
802 3109 872 3144 AS
880 3110 892 3144 l
909 3109 922 3154 ΙΙ
948 3107 1096 3154 postea]
1124 3110 1318 3153 praeterea
1342 3108 1378 3143 L
1403 3109 1507 3153 (corr.
1535 3108 1561 3152 l)
1601 3108 1713 3143 etiam
1739 3106 1780 3141 F
1801 3108 1813 3153 ΙΙ
1845 3111 1889 3142 25
1916 3119 2005 3142 sane

301 3168 462 3203 porsena
486 3156 527 3191 F
541 3158 554 3202 ΙΙ
572 3155 680 3192 addit
697 3157 731 3191 L
757 3157 863 3202 (corr.
884 3157 910 3203 l)
929 3157 942 3201 ΙΙ
961 3160 1005 3191 26
1031 3166 1144 3191 causa
1168 3155 1279 3191 metri
1302 3155 1340 3190 R
1357 3156 1370 3200 ΙΙ
1389 3158 1433 3191 27
1459 3154 1645 3190 marcialis
1671 3154 1700 3189 S
1711 3154 1738 3188 L
1758 3156 1770 3199 [Ι
1789 3155 2004 3200 exspectare

302 3216 414 3240 manu
442 3204 480 3239 F
495 3205 507 3251 ΙΙ
531 3214 727 3250 porsenam
753 3204 789 3239 R
826 3214 1011 3250 porsenna
1035 3203 1117 3238 LF
1140 3204 1244 3248 (corr.
1271 3204 1297 3247 l)
1321 3203 1334 3247 ΙΙ
1365 3206 1410 3237 28
1435 3213 1483 3237 no
1510 3202 1549 3237 F
1574 3204 1586 3248 ΙΙ
1616 3206 1661 3237 29
1687 3202 1890 3248 repetitum
1915 3202 1951 3237 R
