2092 3614
332 270 418 311 274
1106 270 1265 308 ssnvn

327 381 524 433 fruimur.
574 381 644 423 secl
672 381 751 423 duo
775 380 889 432 haee,
920 396 1023 435 quae
1052 385 1295 437 sequuntur,
1326 383 1383 424 acl
1413 383 1544 425 loeum
1573 383 1680 426 liune
1709 398 1792 427 non
1820 385 2035 438 pertinent.

322 453 511 505 primum
541 466 641 495 sane
670 456 762 507 apte
791 454 950 495 videtur
981 454 1173 508 acliunyi,
1206 453 1276 495 ubi
1306 455 1409 507 quid
1436 455 1706 508 eoyitantibus
1735 456 1851 498 nobis
1881 457 2039 510 aeeiclit,

328 525 438 577 quod
471 527 578 566 vetat
606 527 681 566 aut
709 524 915 580 hortatur,
952 526 1061 578 quocl
1095 525 1380 567 consiliarium
1416 526 1589 568 dieitur:
1628 540 1729 569 nam
1759 531 1797 569 et
1825 527 1890 570 hie
1919 529 2038 570 modo

326 595 491 638 Aeneas
521 597 568 638 de
598 596 788 638 brevitate
818 597 973 639 auxilii
1009 597 1172 651 eoquat,
1213 597 1314 650 quia
1343 597 1407 638 ait
1436 596 1658 651 ‘multaque
1687 599 1795 640 dura
1824 611 1897 641 suo
1930 599 2039 641 tristi

280 672 301 704 ὃ
327 680 418 709 eum
449 668 565 709 eorde
588 667 816 722 putabant'
855 671 893 710 et
922 669 980 710 sie
1013 668 1158 722 siclyur
1192 668 1350 721 factum
1382 671 1455 723 est,
1495 670 1604 722 quod
1632 682 1723 711 eum
1752 669 1952 724 hortetur,
1987 684 2039 712 ne

330 739 378 780 de
409 739 561 781 bellicis
589 739 785 782 subsidiis
814 741 1002 794 desperet.

446 809 544 853 525.
595 821 691 852 CVM
718 822 886 853 SONITV
913 811 1100 853 tonitrus
1126 811 1306 853 seilicet.
1350 813 1411 867 et,
1437 813 1484 853 ut
1511 811 1695 854 diximus
1723 827 1855 868 supra
1879 813 2037 869 <431>,

327 881 523 924 ordinem
562 882 704 943 tenuit
743 882 814 937 qui
847 882 972 924 nobis
1006 885 1202 938 apparet,
1246 885 1295 924 ut
1325 882 1539 938 fulgetras
1572 883 1687 926 dieat
1717 884 1902 940 priores,
1940 899 2036 927 cum

327 952 414 995 sint
451 955 552 995 ante
594 954 798 995 tonitrua.
919 965 1071 996 RVERE
1110 965 1258 996 OMNIA
1304 954 1363 996 sic
1405 955 1519 996 enim
1562 957 1707 1011 sonat,
1751 958 1800 997 ut
1842 956 2037 1005 videatur

255 1030 300 1060 10
325 1024 467 1065 ruina:
495 1024 601 1066 alibi
621 1024 671 1079 <I
694 1025 805 1079 129>
832 1025 1066 1080 caelique
1092 1025 1254 1068 ruina.
1298 1026 1407 1068 bene
1434 1028 1578 1068 autem
1605 1027 1865 1082 temperavit
1891 1027 2035 1070 dicens

325 1093 474 1150 ‘visa'‚
506 1096 552 1137 id
579 1099 638 1138 est
667 1096 724 1138 ad
753 1096 985 1149 opinionem
1017 1097 1161 1138 animi.
1525 1093 1528 1094 ⁷

444 1167 543 1208 526.
594 1178 966 1217 rrnnnnnvsqvn
1014 1179 1165 1209 'rvnAE
1210 1179 1387 1210 niveum
1427 1180 1514 1210 PER
1554 1179 1775 1210 AETHERA
1816 1180 2035 1212 CLANGOR

324 1237 595 1292 Tyrrhenum
633 1237 884 1295 clangorem
923 1237 1033 1280 dixit
1070 1239 1201 1281 tubae
1239 1239 1353 1294 ideo,
1398 1239 1498 1294 quia
1537 1239 1650 1294 apud
1683 1239 1846 1282 Tuscos
1884 1241 2034 1283 tubam

323 1311 494 1350 constat
538 1309 770 1352 inventam.
834 1324 937 1366 ergo
983 1309 1255 1365 ‘Tyrrhenus
1295 1309 1495 1366 elangor'
1541 1325 1671 1352 sonus
1712 1310 2034 1365 Tyrrhenarum

253 1387 295 1418 15
323 1380 537 1422 tubarum.
599 1383 643 1423 et
675 1381 784 1424 bene
817 1382 1019 1438 congruis
1053 1381 1268 1424 ominibus
1302 1390 1421 1424 arma
1460 1381 1733 1436 nuntiantur,
1771 1397 1848 1436 per
1881 1397 2033 1425 sonum

321 1452 537 1494 tubarum.
583 1456 620 1494 et
643 1454 817 1507 fiyurate
840 1467 918 1507 per
943 1453 1106 1507 epitheti
1130 1454 1445 1496 inmutationem
1468 1453 1704 1508 Tyrrhenae
1729 1453 1856 1496 tubae.
1903 1453 2035 1496 Varro

320 1523 368 1565 de
404 1524 578 1566 saeculis
620 1525 847 1566 auditum
884 1537 1056 1566 sonum
1093 1524 1235 1565 tubae
1274 1524 1328 1565 cle
1363 1524 1496 1566 eaelo
1533 1524 1641 1566 (licit.
1702 1524 1862 1566 violetur
1897 1528 2033 1566 autem

320 1594 386 1636 hie
416 1598 611 1649 oportune
645 1595 880 1649 Tyrrhenae
918 1595 1035 1637 tubae
1063 1594 1177 1647 faeta
1206 1595 1373 1649 mentio,
1404 1598 1451 1637 ut
1481 1596 1568 1637 iam
1600 1592 1692 1650 (ad)
1728 1595 2033 1650 Tyrrhenorum

320 1669 458 1709 eastra
487 1667 625 1709 vocari
654 1667 845 1709 videatur
875 1666 1048 1709 Aeneas.
1247 1663 1257 1675 ‘⁴

249 1746 296 1778 20
441 1737 540 1780 527.
591 1749 780 1781 FRAGOR
818 1749 1026 1780 INTONAT
1068 1736 1259 1793 ‘fragor'
1302 1740 1368 1780 est
1410 1738 1582 1793 proprie
1627 1753 1845 1781 armorum
1890 1754 2032 1781 sonus.

322 1809 434 1864 quod
485 1812 629 1852 autem
679 1809 784 1851 dicit
827 1808 1054 1867 ε1111οἶ11019,
1104 1809 1207 1851 111110
1257 1811 1425 1864 spectat
1470 1808 1584 1863 <XII
1623 1809 1736 1864 654>
1785 1810 2033 1852 fulminat

321 1880 520 1923 Aeneas
565 1881 740 1936 armis,
786 1895 894 1936 quae
935 1880 1031 1923 vult
1068 1880 1241 1936 fragore
1279 1880 1492 1935 tonitrua,
1534 1881 1760 1934 splendore
1799 1881 2032 1937 fulgetram

320 1952 494 1995 imitari.
542 1967 631 1995 non
662 1955 807 1994 autem
839 1952 994 1994 mirum
1027 1954 1094 1993 est
1125 1967 1150 1993 a
1176 1951 1344 1994 Venere
1378 1951 1522 1993 allatis
1556 1952 1687 1993 armis
1719 1953 1859 1994 inesse
1891 1952 2031 2009 fulgo-

319 2038 430 2065 rem:
467 2039 565 2066 nam
601 2026 643 2066 et
674 2023 889 2066 Homerus
922 2022 1026 2065 dicit
1058 2037 1083 2064 a
1115 2022 1297 2065 Thetide
1336 2022 1483 2064 oblata
1522 2037 1642 2064 arma
1674 2022 1832 2066 habere
1864 2026 2030 2066 motum

249 2104 294 2136 25
321 2096 534 2150 quendam
561 2098 605 2138 et
631 2096 850 2151 spiritum,
882 2109 989 2150 quae
1023 2094 1106 2136 duo
1139 2094 1185 2135 in
1218 2109 1331 2149 aqua
1363 2108 1456 2136 esse
1489 2093 1766 2136 manifestum
1799 2096 1875 2137 est.
1921 2094 2030 2137 The-

319 2166 454 2210 tidem
486 2169 630 2209 autem
662 2167 860 2210 novimus
893 2165 1127 2221 nympham
1160 2179 1252 2208 esse.

439 2238 537 2281 528.
587 2250 733 2280 INTER
763 2249 922 2280 NVBEM
959 2250 1036 2292 per
1072 2236 1251 2291 nubem,
1292 2250 1410 2278 more
1443 2251 1532 2280 suo.
1594 2238 1638 2278 et
1671 2236 1774 2278 dicit
1804 2237 1848 2279 in
1880 2252 2031 2280 serena

319 2312 443 2365 parte
475 2309 583 2351 caeli
613 2309 747 2365 fuisse
777 2309 956 2362 nubem,
987 2322 1063 2362 per
1095 2322 1223 2363 quam
1257 2322 1377 2349 arma
1407 2308 1581 2362 portata
1614 2310 1724 2349 sunt.

416 2477 459 2508 13
488 2473 720 2518 Tyrrhenum
747 2502 754 2509 .
777 2500 784 2507 .
807 2501 814 2508 .
840 2418 1047 2517 inventam]⁸
1075 2472 1118 2508 cf.
1132 2472 1244 2518 Luct.
1264 2471 1365 2507 Plac.
1394 2470 1442 2506 ad
1466 2471 1559 2507 Stat.
1581 2471 1698 2507 Theb.
1721 2472 1770 2507 VI
1789 2475 1859 2508 404
1885 2473 1923 2507 et
1942 2471 2027 2508 Isid.

320 2533 370 2557 or.
398 2521 518 2556 XVIII
545 2525 580 2566 4,
605 2525 625 2556 2
651 2522 663 2567 ΙΙ
697 2525 739 2556 16
765 2519 882 2556 Varro
911 2520 956 2556 de
982 2520 1155 2566 saeculis]
1182 2531 1217 2564 p.
1245 2522 1314 2554 258
1340 2518 1439 2554 Ries.

416 2680 433 2710 1
469 2676 643 2711 secuntur
670 2674 711 2710 F
743 2676 755 2721 ΙΙ
793 2680 812 2710 2
845 2674 1013 2710 adiuncti
1044 2674 1151 2710 uerbi
1183 2674 1283 2719 quod
1310 2673 1351 2709 F
1384 2673 1533 2709 adnecti
1565 2673 1630 2709 ubi
1662 2673 1762 2719 quod
1790 2673 2028 2709 Commelinus

319 2723 468 2758 adnecti
493 2723 557 2759 ubi
583 2723 674 2768 quid
695 2723 903 2758 Masvieius
920 2723 933 2767 ΙΙ
951 2726 974 2757 4
1000 2722 1089 2766 quia
1107 2722 1263 2757 Daniel:
1290 2733 1324 2766 q:
1351 2721 1391 2756 F
1406 2723 1459 2770 115
1485 2721 1610 2766 fulgor
1634 2720 1675 2756 F
1689 2722 1703 2766 ss
1721 2721 1821 2767 eum]
1849 2731 1933 2755 oum
1952 2720 1993 2755 F
2015 2721 2026 2767 11

321 2775 341 2805 6
367 2770 507 2805 subdiis
534 2771 574 2805 F
589 2772 601 2815 ΙΙ
621 2770 786 2815 disper-et
811 2769 852 2805 F
867 2771 879 2815 Η
900 2774 918 2805 7
945 2770 1125 2804 tonitrum
1153 2769 1192 2804 F
1207 2771 1219 2815 ΙΙ
1238 2773 1259 2805 8
1284 2769 1341 2814 ut]
1368 2770 1406 2803 et
1431 2769 1472 2803 F
1487 2770 1499 2814 ΙΙ
1519 2768 1611 2804 dicit
1636 2768 1680 2803 H
1694 2770 1706 2813 ΙΙ
1729 2771 1770 2803 10
1796 2767 1888 2803 alibi
1913 2768 2025 2802 caeli-

320 2829 391 2862 que
418 2817 524 2853 ruina.
549 2829 615 2853 om.
630 2818 703 2852 AS
721 2818 733 2864 ΙΙ
751 2816 860 2863 alibi]
887 2817 978 2851 alibi
1004 2817 1057 2852 ait
1076 2817 1116 2851 F
1131 2818 1143 2863 ΙΙ
1165 2820 1221 2851 14(
1234 2817 1380 2852 constat
1406 2827 1485 2851 esse
1511 2816 1702 2851 inuentam
1723 2816 1736 2850 l
1754 2816 1765 2861 ΙΙ
1787 2819 1829 2850 15
1848 2815 2023 2849 tubarum

320 2893 326 2900 .
349 2893 357 2900 .
379 2893 386 2899 .
413 2865 632 2900 nuntiantur
656 2876 722 2900 om.
750 2864 790 2898 F
817 2866 828 2911 ΙΙ
859 2864 1030 2899 omnibus
1056 2865 1145 2899 libri
1169 2863 1353 2899 ominibus
1379 2865 1486 2909 vulyo
1516 2864 1528 2908 ΙΙ
1564 2874 1630 2908 per
1655 2873 1785 2897 sonum
1811 2861 1886 2896 AS
1894 2862 1943 2896 M
1950 2861 2023 2896 Fl:

317 2923 384 2958 per
409 2923 517 2948 sonos
541 2913 578 2947 R
621 2924 687 2957 per
713 2923 803 2947 sono
829 2911 863 2946 L
899 2922 965 2956 per
991 2911 1090 2946 sonis
1117 2911 1167 2946 H.
1203 2912 1289 2954 sort.
1315 2913 1358 2946 ut
1382 2922 1448 2955 per
1474 2922 1604 2946 sonum
1635 2911 1647 2955 ss
1686 2913 1728 2944 16
1753 2909 1878 2943 malim
1903 2908 2022 2943 Varro

319 2989 327 2996 .
350 2988 357 2996 .
379 2987 387 2994 .
414 2959 507 2995 dicit
528 2987 535 2995 .
556 2961 595 2995 et
624 2960 782 3005 figurate
809 2987 816 2994 .
839 2985 847 2994 .
869 2986 876 2993 .
902 2959 1016 2993 tubae
1053 2959 1065 3002 ΙΙ
1102 2962 1311 3003 expectatur
1344 2958 1576 3003 ‘Tyrrhenus
1600 2957 1714 2991 tubae
1740 2955 1914 3001 clangor’
1955 2967 2024 3001 pro

320 3007 554 3052 ‘Tyrrhenae
579 3007 712 3042 tubae’
753 3008 764 3053 ΙΙ
803 3010 846 3041 18
872 3006 920 3041 ad
945 3006 1078 3041 addidi
1112 3007 1124 3050 ΙΙ
1164 3010 1206 3040 19
1232 3016 1366 3041 vocare
1391 3006 1548 3047 Daniel,
1581 3006 1624 3038 ut
1647 3003 1723 3038 iam
1748 3002 2022 3048 Tyrrhenorum

318 3056 441 3090 eastra
465 3065 598 3089 vocare
625 3054 822 3090 videantur
847 3053 998 3088 Aenean
1021 3052 1266 3087 Burmannus
1283 3054 1296 3097 ΙΙ
1320 3057 1363 3088 21
1390 3052 1484 3087 illud
1509 3052 1543 3086 L
1569 3052 1581 3097 ΙΙ
1606 3054 1651 3085 22
1677 3049 1766 3095 quia
1791 3050 1874 3085 uult
1898 3050 2023 3095 frago-

316 3112 395 3137 rem
419 3100 586 3137 tonitrua
612 3101 846 3146 splendorem
873 3100 1072 3145 fulgetram
1098 3099 1240 3135 imitari
1265 3100 1302 3134 R
1332 3101 1344 3145 ΙΙ
1375 3103 1420 3134 23
1446 3099 1581 3133 adlatis
1608 3097 1648 3132 F
1672 3099 1685 3142 ss
1717 3097 1829 3132 armis
1855 3108 1921 3134 om.
1951 3097 1991 3132 F
2011 3098 2023 3144 lg

316 3153 362 3184 25
389 3160 469 3185 esse
494 3159 560 3184 om.
584 3148 716 3195 171126
741 3148 961 3194 nympham]
988 3147 1171 3183 Homerus
1196 3149 1321 3182 autem
1348 3146 1401 3181 sie
1427 3147 1491 3190 (Il.
1519 3144 1604 3180 XlX
1631 3147 1689 3190 12)
1716 3141 1765 3184 ὣς
1791 3142 1867 3189 ἄρα
1893 3143 2021 3190 φωνή-

317 3209 412 3232 σασα
439 3225 447 3232 .
469 3225 476 3232 .
498 3224 506 3232 .
534 3192 584 3237 ὥς
611 3209 675 3241 μιν
710 3196 848 3241 μᾶλλον
881 3194 948 3231 ἔδυ
973 3192 1086 3241 ’χόλος
1116 3195 1200 3230 add.
1228 3193 1438 3230 Fabricius.
1483 3193 1641 3238 quinque
1665 3203 1832 3228 versuum
1857 3193 2021 3237 spatium

316 3245 480 3280 relietum
505 3247 555 3279 est
579 3244 621 3279 in
645 3243 694 3278 D.
