2092 3614
260 670 280 700 5

240 1025 283 1056 10

243 1381 286 1412 15

242 1738 288 1768 20

246 2093 291 2124 25

304 267 392 309 344
1077 266 1238 302 SERVII

424 377 523 418 372.
573 393 807 418 mammonas!
838 379 1065 429 amen-tem,
1107 378 1155 417 at
1191 374 1261 427 <Il
1293 374 1408 429 244>
1447 375 1691 416 instamus
1735 378 1893 416 tamen
1934 375 2012 416 in-

304 461 556 490 memores:
586 447 647 488 vel
677 447 948 498 incuriosum,
979 447 1040 488 vel
1070 447 1293 488 incautum.
1414 457 1571 487 RADHS
1603 445 1826 487 lunaribus
1859 445 2007 487 intelle-

302 520 495 573 qondam.
583 520 588 527 ‘

424 590 522 632 373.
571 601 700 631 HAVD
727 601 914 631 TEMERE
941 589 1154 643 particula
1178 589 1285 630 haec
1311 588 1436 630 modo
1465 588 1566 630 ‘non
1594 588 1684 630 sine
1711 586 1855 629 eausa’
1881 587 2014 642 signi-

307 661 426 715 ficat,
459 661 566 702 alias
600 660 836 716 efortuito'‚
869 661 975 702 alias
1011 659 1178 714 ‘male'‚
1211 659 1318 701 alias
1351 658 1631 713 ⁹inprovide’,
1663 659 1772 700 alias
1805 657 2015 712 ‘passim’,

306 735 353 774 ut
377 732 522 787 <327>
556 735 728 774 temere
758 733 888 773 inter
920 732 1026 773 lora
1057 732 1293 782 iacentes,
1324 731 1433 773 alias
1462 729 1635 783 ‘facile'.·
1668 729 1848 772 Plautus
1877 731 2014 783 rapi-

307 804 397 845 dus
424 803 619 856 flavias
650 807 719 845 est
748 803 840 857 hie,
878 817 974 845 nori
1004 802 1094 844 kae
1125 805 1300 844 temere
1330 802 1549 844 transiri
1576 804 1758 854 potest:
1797 815 1906 855 quae
1937 816 2014 856 pro

307 875 401 916 loco
428 875 688 928 accipiuntur
712 878 749 916 et
772 874 1094 929 intelleguntur.
1138 873 1375 915 adverbium
1399 887 1498 915 sarie
1519 872 1733 926 qualitatis
1752 872 1928 914 relatum
1947 875 2015 914 est.

429 946 527 988 375.
578 958 710 987 mnu,
737 958 832 987 1LL1
858 957 1077 987 TENDERE
1103 956 1289 1003 CONTRA
1314 944 1397 986 hoc
1424 947 1489 985 est
1514 942 1639 1003 ‘nihil
1666 946 1815 985 contra
1840 957 2015 997 respon-

310 1017 505 1059 derunt':
545 1032 648 1059 nam
686 1017 836 1059 ‘tendo
870 1018 1022 1058 contra
1046 1030 1293 1072 „sermonem
1326 1014 1469 1057 tuum’
1509 1017 1574 1056 est
1606 1013 1868 1068 ‘respondeo
1900 1013 2018 1065 tibi',

310 1088 464 1130 ‘tendo
498 1091 648 1130 contra
679 1088 763 1130 iter
793 1086 939 1130 tuum'
974 1090 1040 1129 est
1072 1086 1271 1128 ‘occurro
1298 1085 1419 1127 tibi’:
1452 1099 1554 1141 ergo
1588 1085 1715 1127 ‘nihil
1747 1087 1896 1127 eontra
1927 1087 2016 1126 ten·

311 1158 507 1213 debant’,
539 1159 582 1200 id
616 1161 681 1201 est
710 1158 819 1201 nihil
851 1157 1172 1212 respondebant
1204 1173 1226 1199 e
1259 1160 1420 1200 contra.

430 1230 528 1271 377.
578 1242 642 1271 AD
674 1241 903 1272 DIVORTIA
942 1229 1032 1271 viae
1062 1230 1107 1270 iii
1138 1229 1299 1271 diversa
1331 1230 1550 1283 tendentes,
1589 1228 1661 1270 hoe
1697 1231 1757 1270 est
1793 1227 1847 1269 ad
1884 1227 2018 1269 diver-

311 1302 446 1343 ticula
472 1301 568 1343 viae
594 1301 812 1343 militaris:
846 1300 1069 1342 Terentius
1098 1300 1182 1342 ubi
1216 1299 1276 1342 ad
1307 1300 1474 1355 ipsum
1499 1300 1616 1342 veni
1642 1298 2020 1341 diverticulum.

312 1372 568 1415 diverticula
599 1376 744 1414 autem
777 1374 877 1414 sunt
908 1372 1088 1414 semitae
1119 1374 1410 1427 transversae,
1442 1386 1550 1426 quae
1581 1374 1683 1413 sunt
1707 1386 1733 1412 a
1757 1371 1893 1411 latere
1925 1369 2020 1411 viae

313 1444 529 1486 militaris.

431 1516 529 1557 378.
580 1526 761 1557 ADITVM
787 1525 1039 1557 CORONANT
1073 1514 1226 1557 melior
1260 1517 1326 1556 est
1357 1515 1484 1557 lectio
1512 1513 1722 1568 ‘abitum’‚
1755 1528 1883 1568 quam
1917 1512 2019 1554 ‘adi-

312 1586 441 1629 tum’:
474 1586 656 1642 cingunt
687 1586 802 1627 enim
835 1586 1007 1641 silvam,
1038 1600 1090 1628 ne
1125 1586 1300 1637 abeant,
1330 1601 1435 1641 non,
1465 1600 1519 1627 ne
1552 1584 1669 1627 adire
1701 1584 1884 1639 possint.

432 1658 532 1701 381.
581 1668 800 1699 DVCEBAT
834 1668 1006 1699 SEMITA
1024 1657 1198 1712 ‘legitur
1231 1660 1274 1698 et
1307 1656 1529 1699 ‘lueebat't
1562 1656 1676 1712 quod
1709 1656 1745 1698 si
1777 1658 1860 1710 est,
1892 1654 2021 1697 ‘rara'

314 1744 391 1784 pro
425 1728 555 1772 eraro'
590 1728 903 1783 accipiendum,
941 1731 990 1770 ut
1023 1728 1080 1770 sit
1112 1727 1225 1770 ‘raro
1257 1727 1458 1782 lueebat’,
1496 1727 1642 1770 herbis
1675 1727 1840 1769 seilicet
1870 1727 1914 1768 in
1947 1727 2041 1768 ali-¹

315 1801 470 1856 quibus
503 1801 608 1843 locis
640 1800 1042 1842 intervenientibus:
1082 1800 1119 1841 si
1153 1788 1390 1854 ‘ducebat’,
1421 1799 1712 1854 intellegimus
1744 1799 1858 1840 inter
1889 1798 2021 1840 calles

314 1887 519 1928 pecorum
562 1886 705 1913 raram
747 1871 882 1913 fuisse
923 1870 1138 1923 semitam,
1183 1870 1265 1913 hoe
1307 1873 1373 1912 est
1412 1870 1637 1913 hominum
1681 1870 1807 1912 viam.
1869 1873 1906 1912 et
1940 1883 2024 1911 riori

317 1944 490 1986 ostendit
520 1957 598 1997 qao
628 1943 817 1985 ducebat:
848 1943 919 1984 secl
947 1942 1229 1996 intelleyamas
1260 1945 1407 1984 euntes.

435 2015 534 2057 383.
583 2025 838 2056 EVRYALVM
882 2025 1142 2055 INPEDIVNT
1181 2013 1375 2068 ‘inpedio
1414 2012 1478 2055 te'
1519 2013 1699 2054 dicimus
1741 2026 1817 2067 per
1855 2025 2024 2053 aecusa-

317 2086 474 2140 tivum,
513 2088 556 2127 et
593 2099 717 2127 casus
757 2084 916 2126 mutari
946 2099 1035 2126 non
1072 2087 1236 2139 potest,
1276 2085 1359 2126 nisi
1393 2085 1562 2126 deseras
1595 2084 1790 2138 verbum,
1826 2085 1877 2124 ut
1906 2082 2023 2124 dicas

318 2156 628 2212 ‘inpedimento
659 2155 768 2198 mihi
800 2154 874 2198 es'.
930 2155 1149 2198 sciendum
1182 2170 1286 2198 sane
1317 2157 1477 2198 multas
1510 2155 1694 2198 conferri
1719 2155 1763 2202 in
1788 2154 2025 2209 Euryalum

319 2228 627 2271 excusationes.
747 2244 918 2270 memma
948 2244 1037 2270 VIAR
1045 2244 1100 2270 VM
1128 2228 1331 2282 reyionem
1361 2227 1426 2270 hie
1455 2231 1608 2269 rectam
1638 2227 1716 2268 iter
1746 2226 1868 2279 dixit,
1899 2224 1950 2266 ab
1981 2238 2024 2266 eo

317 2301 427 2353 quod
454 2302 569 2353 reyat
600 2299 816 2340 tramitem.
1019 2301 1023 2306 '

416 2396 436 2427 6
463 2391 635 2437 Plautus]
663 2391 795 2426 Bacch.
823 2390 840 2424 Ι
867 2394 899 2435 1,
926 2393 970 2425 52
996 2391 1008 2436 ΙΙ
1039 2394 1082 2425 13
1109 2390 1187 2426 vias
1212 2389 1254 2424 in
1279 2390 1427 2426 diversa
1450 2389 1646 2424 tendentes
1672 2400 1702 2425 e.
1730 2402 1764 2434 q.
1792 2390 1838 2436 s.]
1866 2389 1911 2424 cf.
1937 2389 2024 2424 Isid.

320 2451 371 2476 or.
397 2439 465 2474 XV
482 2443 551 2483 ι16,
579 2442 620 2473 11
650 2438 710 2481 (cf.
736 2438 851 2483 praef.
878 2450 914 2483 p.
940 2436 1072 2484 XLII);
1099 2438 1191 2473 Non.
1219 2450 1254 2483 p.
1282 2441 1363 2482 290,
1384 2442 1429 2473 23
1449 2437 1497 2472 M.
1518 2438 1530 2483 ΙΙ
1551 2441 1594 2472 14
1619 2436 1832 2484 Terentius]
1858 2436 1948 2472 Eun.
1975 2436 2040 2471 IV.

319 2491 352 2530 2,
381 2490 412 2522 7.
452 2486 496 2521 ef.
524 2487 616 2520 Don.
644 2486 691 2520 ad
717 2485 814 2520 hunc
840 2496 934 2521 vers.

417 2573 435 2603 1
471 2569 520 2603 ad
552 2571 763 2603 mammonam
793 2579 820 2603 s.
846 2579 878 2603 v.
906 2569 1092 2602 amentem
1122 2568 1185 2603 uel
1215 2567 1406 2603 incautum
1439 2567 1501 2603 uel
1530 2567 1757 2603 incuriosum
1787 2567 1821 2602 T
1852 2569 1864 2614 ΙΙ
1901 2571 1922 2602 4
1952 2578 2028 2602 non

321 2629 387 2652 om.
402 2615 476 2652 AS
491 2617 503 2663 ΙΙ
523 2619 544 2650 5
569 2615 728 2651 fortuitu
749 2615 777 2650 S
784 2615 873 2649 LH
875 2627 899 2650 a
935 2614 1089 2650 fortuite
1109 2615 1146 2650 A
1164 2617 1176 2660 ΙΙ
1194 2616 1293 2650 male
1318 2615 1412 2651 alias
1438 2627 1504 2651 om.
1520 2616 1564 2650 H
1578 2616 1589 2662 ΙΙ
1609 2616 1703 2651 alias
1728 2613 1868 2661 passim
1894 2627 1920 2650 e.
1934 2626 1965 2660 q.
1981 2614 2024 2660 sn]

321 2666 367 2708 cf.
395 2665 444 2699 ad
468 2675 499 2698 v.
521 2667 589 2699 327
610 2664 621 2710 ΙΙ
642 2667 662 2698 6
689 2664 786 2697 teme
814 2663 847 2697 G
866 2663 877 2708 ΙΙ
897 2662 992 2708 lora]
1018 2662 1096 2698 tela
1120 2663 1259 2698 Daniel
1278 2664 1289 2710 ΙΙ
1309 2664 1438 2708 apidus
1465 2663 1498 2698 G
1517 2664 1528 2709 ΙΙ
1549 2668 1567 2699 7
1595 2663 1712 2699 transi
1738 2663 1777 2697 F
1794 2664 1805 2709 ss
1834 2666 1854 2698 8
1880 2662 2026 2697 intelle-

321 2713 456 2757 gantur
481 2709 522 2746 F
545 2712 558 2756 ΙΙ
595 2710 827 2755 adverbium]
854 2722 885 2758 Gp
913 2709 1130 2745 aduerbium
1158 2710 1197 2745 F
1227 2713 1306 2755 (pro
1332 2715 1374 2746 at
1398 2722 1442 2746 ew
1467 2712 1515 2746 iis
1539 2722 1630 2756 quae
1651 2711 1875 2755 praecedunt
1898 2713 2024 2744 temere

320 2760 512 2804 repetitam
536 2758 662 2801 delevi)
688 2757 867 2792 adverbio
892 2756 1030 2793 Daniel
1049 2759 1060 2803 ΙΙ
1092 2758 1287 2802 qualitatis
1314 2769 1401 2793 sane
1427 2759 1565 2793 Daniel
1589 2760 1601 2805 Η
1632 2758 1704 2804 est]
1732 2758 1803 2794 hoo
1827 2757 1910 2792 loco
1937 2757 2020 2792 add.

322 2807 470 2842 Daniel.
515 2805 693 2841 sententia
717 2805 803 2840 haee
827 2808 896 2840 est:
929 2805 1082 2848 fuerunt
1105 2816 1192 2840 sane
1216 2807 1280 2850 qai
1308 2806 1472 2841 ‘temere'
1501 2806 1713 2841 adverbium
1735 2805 1927 2850 qualitatis
1951 2814 2022 2839 esse

322 2854 505 2895 referrent.
543 2854 641 2888 inter
664 2852 841 2887 adverbia
866 2863 953 2886 sane
979 2863 1013 2896 q.
1034 2864 1062 2887 r.
1084 2864 1113 2887 e.
1142 2852 1189 2888 F.
1204 2853 1403 2888 Selloellias
1428 2854 1439 2899 ΙΙ
1472 2857 1492 2888 9
1518 2853 1611 2888 nihil
1638 2852 1782 2897 contra]
1810 2851 1865 2886 illi
1892 2852 2021 2886 contra

323 2901 419 2935 nihil
433 2901 476 2935 H
497 2900 593 2935 nihil
611 2900 669 2935 illi
688 2900 818 2935 contra
834 2899 882 2934 M
898 2900 910 2945 ΙΙ
931 2903 973 2933 13
994 2899 1072 2934 vias
1090 2900 1295 2936 Masvieius
1314 2902 1325 2947 ss
1345 2900 1576 2936 deuerticula
1593 2900 1678 2937 AF
1700 2898 1935 2944 (diuerticula
1954 2899 1990 2942 a)
2011 2898 2022 2944 l}

326 2952 371 2983 14
395 2947 591 2983 Terentius
619 2977 626 2984 .
649 2975 656 2982 .
679 2974 686 2982 .
713 2946 887 2982 militaris
911 2957 977 2981 om.
1003 2946 1040 2980 R
1071 2948 1082 2992 ΙΙ
1113 2947 1386 2983 deuerticulum
1413 2947 1501 2983 HF
1524 2950 1536 2992 ΙΙ
1574 2951 1616 2982 15
1643 2945 1870 2982 deuerticula
1894 2945 1983 2979 ΑΗ
1986 2945 2026 2979 F

323 2995 562 3040 (diuerticula
587 2996 625 3039 a)
645 2996 657 3041 11
677 2996 801 3030 autem
827 3005 893 3029 om.
921 2993 955 3028 L
973 2994 985 3040 ΙΙ
1016 2997 1058 3029 17
1085 3007 1215 3029 Aizrrvm
1240 2995 1334 3030 AM
1351 2996 1362 3042 ΙΙ
1382 2997 1439 3030 est
1463 3006 1529 3030 om.
1550 2994 1631 3028 LF
1653 2994 1750 3038 (add.
1777 2994 1803 3036 l)
1823 2994 1835 3039 ΙΙ
1853 2992 2023 3027 habitum

325 3040 407 3078 LF
429 3044 535 3088 (corr.
557 3043 581 3087 l)
601 3043 613 3087 ΙΙ
633 3042 737 3077 aditu
763 3042 803 3077 H
822 3043 834 3087 ss
856 3045 898 3077 18
925 3041 1089 3076 habeant
1113 3042 1241 3076 RLH
1265 3044 1369 3087 (corr.
1392 3043 1417 3088 l)
1437 3044 1448 3088 ΙΙ
1467 3042 1569 3077 abire
1589 3041 1639 3076 H.
1664 3051 1712 3075 ne
1737 3040 1902 3075 habeant
1926 3040 2023 3075 unde

325 3090 427 3126 abire
459 3089 602 3135 possint
630 3089 812 3132 Guelferb.
840 3090 868 3123 I
901 3089 912 3135 ΙΙ
949 3092 993 3123 22
1026 3089 1209 3133 pecodum
1239 3091 1283 3124 M
1321 3091 1332 3136 ΙΙ
1369 3094 1413 3125 23
1440 3088 1631 3124 hostendit
1655 3087 1695 3122 F
1730 3087 1907 3132 (ostendit
1933 3087 1981 3130 G)
2013 3087 2024 3133 ΙΙ

326 3141 372 3173 25
401 3136 550 3172 deseras
575 3137 687 3171 HM:
721 3137 876 3172 dederas
902 3135 974 3171 AS
1011 3136 1184 3171 detrahas
1210 3137 1288 3171 RL
1325 3138 1431 3172 deras
1458 3136 1498 3171 F
1525 3137 1538 3181 ΙΙ
1574 3139 1618 3171 26
1644 3135 1700 3181 es]
1727 3136 1783 3170 est
1807 3135 1896 3169 LH
1921 3136 1933 3180 ΙΙ
1968 3135 2025 3170 in-

326 3184 415 3220 ferri
435 3184 475 3219 F
490 3185 503 3231 ΙΙ
521 3188 565 3219 27
593 3185 643 3219 ad
661 3196 813 3219 nemone
833 3197 865 3219 v.
892 3195 919 3219 s.
938 3194 971 3218 v.
996 3182 1036 3218 id
1061 3184 1118 3218 est
1142 3189 1244 3219 recto
1269 3184 1402 3220 itinere
1425 3184 1512 3219 inde
1537 3183 1768 3229 appellatum
1793 3182 1893 3227 quod
1917 3184 2025 3227 regat

325 3232 515 3268 tramitem
545 3231 578 3266 T
606 3232 617 3278 ΙΙ
647 3232 807 3279 reetu'm]
833 3243 956 3267 rerum
981 3229 1022 3266 F
