2092 3614
587 243 738 280 COMM.
765 243 817 279 IN
845 242 986 280 VERG.
1012 242 1126 279 AEN.
1150 242 1221 279 XII
1246 245 1444 280 667-694.
1780 241 1866 283 633

155 355 318 409 furere,
351 354 517 397 scilicet
548 368 679 409 quam
710 353 762 395 ad
795 367 892 396 eum
924 352 1110 407 veniam,
1142 354 1190 394 ut
1223 366 1418 409 pugnam
1451 354 1595 394 mente
1627 351 1867 407 concipiam

157 429 201 468 et
231 425 468 468 instructus
500 425 644 473 furore
675 425 722 467 in
755 425 867 467 bella
898 438 1189 479 prorumpam.

276 497 374 540 684.
425 508 581 540 SAXVM
613 508 676 539 DE
708 506 907 538 VERTIGE
940 506 1176 538 PRAECEPS
1209 507 1304 538 CVM
1333 508 1441 538 nvn*
1474 496 1738 550 comparatio
1770 495 1867 550 ipsa

105 619 108 622 ῃ
156 568 349 611 futurum
389 567 580 611 ostendit
617 570 830 610 eventum.
894 567 1021 608 simul
1057 566 1296 609 notandum
1336 567 1468 623 quod,
1505 567 1616 609 sicut
1655 581 1786 621 supra
1822 567 1866 608 in

155 640 337 695 proelio,
384 639 449 682 ita
485 654 599 681 nunc
637 638 769 681 etiam
805 638 849 680 in
889 637 1212 692 comparatione
1250 638 1494 693 praefertur
1532 638 1720 680 Aeneas:
1764 653 1864 680 nam

106 725 112 729 ·
159 710 350 753 Turnum
382 711 499 765 parti
530 712 754 765 comparat
785 710 956 761 montis,
991 709 1210 751 montibus
1243 713 1455 765 exaequat
1486 709 1674 752 Aenean.

276 781 374 825 685.
424 793 644 824 AVVLSVM
677 793 833 824 VENTO
871 781 1060 836 proprie:
1099 795 1201 822 nam
1240 783 1283 822 et
1314 781 1482 823 Turnus
1521 781 1574 823 ad
1608 781 1770 824 bellum
1802 782 1864 823 in-

155 853 267 895 vitus
300 853 554 896 adtrahitur.

272 925 370 968 686.
420 942 540 968 ANNIS
571 941 711 968 somn*
740 941 935 967 SVBLAPSA
967 938 1047 978 pro
1093 923 1338 966 ‘multorum
1382 938 1590 967 annornm
1626 924 1865 978 sublapsum

154 995 332 1038 saxnm’.
376 999 414 1038 et
442 997 612 1050 qnidam
645 994 793 1049 ‘lapsa’
825 996 946 1048 quasi
977 1009 1060 1037 non
1083 996 1258 1049 passiva
1287 997 1425 1050 speeie,
1456 997 1527 1038 sed
1552 996 1686 1038 activa
1711 996 1864 1038 dietam

157 1068 306 1110 volant.

274 1139 372 1182 687.
423 1151 549 1182 MONS
588 1150 818 1181 INPROBVS
857 1153 956 1193 pars
996 1138 1175 1181 montis:
1221 1141 1262 1180 et
1301 1138 1549 1193 ἐμφατικῶς
1588 1138 1749 1179 dictum
1787 1140 1864 1192 est,

153 1211 265 1253 sicut
296 1225 429 1266 supra
461 1210 675 1266 <X1128>
708 1210 838 1252 haud
871 1212 1072 1266 partem
1106 1209 1343 1266 exiguam
1376 1210 1579 1252 montis.
1700 1221 1862 1252 MAGNO

151 1294 275 1325 ACTV
309 1296 467 1339 magno
500 1283 688 1338 inpulsu,
718 1296 868 1336 ‘mayno
901 1282 1063 1335 impetu.

271 1354 369 1397 688.
419 1371 678 1401 EXVLTATQVE
707 1371 799 1396 sozo
828 1354 952 1395 mire:
983 1367 1101 1407 saepe
1131 1354 1263 1408 exilit,
1294 1354 1392 1395 dani
1423 1354 1607 1395 volvitur.

272 1425 370 1467 690.
419 1437 498 1467 VBI
542 1437 747 1467 PLVRIMA
786 1437 903 1468 Fvso
944 1436 1173 1467 SANGVINE
1213 1437 1364 1467 TERRA
1401 1437 1563 1467 MADET
1607 1424 1861 1480 hypallage:

151 1497 225 1539 ubi
256 1497 444 1552 plurimo
477 1496 688 1552 sanguine
719 1500 829 1539 terra
853 1497 1090 1539 maduerat:
1122 1497 1180 1539 sie
1204 1511 1334 1551 supra
1360 1496 1450 1551 <XI
1471 1497 1587 1551 633>
1619 1497 1863 1550 san-quine

154 1568 205 1611 in
237 1569 364 1620 alto:
395 1569 455 1611 vel
485 1571 597 1619 certe,
629 1568 700 1610 nbi
724 1568 958 1622 plurimam
986 1568 1082 1621 fuso
1112 1570 1325 1622 sanquine.

272 1641 370 1682 691.
421 1652 755 1690 srmnvn'rQVE
806 1651 1081 1682 HASTILIBVS
1121 1652 1275 1682 AVRAE
1319 1640 1535 1682 Homerus
1585 1641 1861 1695 συρίζουσαῆ*

149 1727 353 1767 μακεοιον
387 1724 593 1754 ισιτιτατε
624 1710 771 1767 λόγχη.

271 1784 370 1826 692.
420 1800 553 1826 MAGNO
587 1801 659 1826 oms
681 1797 760 1837 pro
792 1782 898 1825 ‘voce
927 1782 1108 1837 mayna'.

270 1855 368 1897 693.
419 1866 542 1896 TELA
580 1867 805 1896 ΙΝΗΙΒΕΤΕ
844 1854 1061 1910 cohibete,
1096 1855 1349 1909 suspendite:
1388 1856 1432 1896 et
1470 1856 1537 1897 est
1574 1855 1803 1897 translatio
1837 1870 1862 1897 a

150 1926 306 1968 nautis.

270 1997 369 2040 694.
419 2010 482 2039 ME
513 2010 680 2041 vnmvs
713 2009 845 2040 VNVM
877 2008 967 2040 PRO
996 2009 1130 2040 voms
1158 2009 1197 2040 F.
1223 2010 1262 2040 L.
1290 1996 1462 2040 ‘verius’
1489 1997 1657 2039 iustius.
1689 2000 1731 2039 et
1768 2012 1859 2040 sen-

152 2083 223 2110 sus
250 2069 321 2112 hic
347 2071 429 2112 est:
463 2070 619 2112 iustius
647 2072 725 2124 est,
756 2084 824 2111 me
851 2083 984 2111 unum
1009 2084 1089 2123 pro
1117 2069 1315 2111 omnibus
1342 2070 1459 2124 rupti
1485 2069 1670 2111 foederis
1698 2084 1859 2125 poenas

248 2226 290 2256 19
323 2221 523 2268 Homerus]
556 2221 648 2267 epic.
680 2233 801 2267 graec.
835 2221 968 2268 fragm.
996 2221 1081 2258 coll.
1110 2221 1244 2258 Kinkel
1270 2221 1344 2257 vol.
1372 2222 1387 2256 I
1413 2234 1449 2267 p.
1478 2226 1522 2257 74
1559 2223 1571 2268 ΙΙ
1608 2226 1652 2257 22
1686 2221 1858 2258 cohibete

182 2295 189 2303 .
212 2299 219 2306 .
246 2268 387 2317 nautis]
416 2269 461 2306 cf.
489 2279 622 2305 comm.
649 2269 736 2305 Luc.
761 2269 814 2304 III
841 2272 909 2304 659

148 2424 182 2448 a.
199 2424 229 2449 e.
243 2424 278 2448 u.
295 2413 366 2448 AS
389 2425 416 2449 s.
431 2425 478 2449 m.
494 2412 516 2448 f.
533 2412 568 2449 b.
582 2413 648 2448 aut
668 2412 829 2448 furorem
846 2425 873 2447 s.
888 2424 961 2457 quo
976 2423 1006 2447 a.
1024 2424 1055 2448 e.
1071 2426 1103 2448 u.
1120 2413 1157 2448 R
1182 2426 1208 2449 s.
1223 2425 1272 2448 m.
1287 2413 1311 2447 f.
1328 2413 1361 2447 b.
1376 2414 1502 2447 autem
1522 2413 1683 2448 furorem
1705 2425 1731 2447 s.
1747 2425 1858 2457 quam

148 2471 180 2495 a.
225 2472 288 2495 ..u
309 2460 350 2495 H
386 2472 414 2496 s.
434 2471 480 2495 m.
503 2460 623 2496 furere
650 2459 812 2496 furorem
838 2460 1013 2496 bellicum
1039 2461 1201 2496 furorem
1227 2460 1372 2496 scilicet
1398 2462 1484 2495 ante
1510 2472 1623 2504 quam
1649 2472 1679 2495 a
1707 2473 1736 2495 e.
1758 2473 1792 2496 u.
1814 2460 1863 2495 M

148 2519 175 2543 s.
203 2519 252 2543 m.
278 2508 313 2543 b.
339 2508 362 2542 f.
390 2509 475 2543 ante
501 2508 622 2543 furere
649 2520 675 2544 s.
702 2509 917 2553 priusquam
945 2520 975 2544 a.
1004 2521 1036 2545 e.
1063 2521 1097 2544 u.
1126 2508 1167 2543 F
1195 2510 1207 2555 ΙΙ
1246 2514 1264 2544 2
1293 2508 1341 2543 'td
1366 2507 1468 2543 bella
1495 2507 1535 2543 F
1563 2509 1574 2554 ΙΙ
1612 2513 1632 2543 3
1660 2508 1757 2554 ipsa]
1785 2507 1859 2543 ista

149 2555 355 2600 Stephanus
373 2556 385 2602 ΙΙ
405 2559 424 2590 5
453 2555 566 2591 etiam
587 2567 652 2591 om.
669 2555 708 2590 F
723 2557 735 2602 ΙΙ
755 2560 775 2591 6
799 2557 1010 2610 comparat]
1041 2558 1310 2592 commemorat
1329 2555 1370 2590 F
1385 2557 1397 2602 ΙΙ
1418 2556 1607 2638 Aenean]
1614 2557 1652 2591 et
1677 2558 1733 2591 est
1759 2566 1857 2591 oom-

147 2603 293 2647 paratio
320 2603 365 2638 de
391 2603 542 2638 homero
570 2604 720 2648 sumpta
745 2603 810 2648 qui
834 2603 890 2639 ait
914 2604 981 2649 (Il.
1005 2604 1090 2638 X111
1112 2606 1194 2648 137)
1222 2601 1378 2646 αντικρὺ
1405 2616 1584 2648 μεμαως.
1624 2631 1632 2638 .
1655 2600 1858 2648 ἐσσύμενός

149 2662 219 2694 περ
245 2651 329 2685 add.
356 2649 396 2684 D
420 2652 432 2695 ΙΙ
464 2655 482 2686 7
508 2662 634 2685 venus
662 2650 807 2697 ASFu
827 2651 881 2697 et]
909 2653 950 2686 ut
976 2651 1016 2686 F
1037 2652 1049 2698 ΙΙ
1079 2651 1144 2698 ad]
1171 2652 1209 2686 in
1236 2651 1308 2686 AS
1332 2653 1344 2696 ΙΙ
1376 2655 1395 2685 9
1423 2651 1472 2685 ad
1496 2662 1598 2685 Astus
1624 2662 1650 2685 s.
1677 2662 1708 2685 v
1735 2650 1774 2684 id
1802 2650 1859 2685 est

150 2698 350 2732 multorum
376 2707 575 2739 annorum,
602 2698 652 2733 ad
677 2710 851 2734 SVBLAPSA
875 2710 903 2733 s.
924 2710 956 2734 v.
983 2701 1081 2734 retro
1107 2698 1217 2744 lapsa
1240 2699 1299 2745 ΤΙΙ
1319 2711 1449 2733 εοιΝικ
1471 2698 1509 2732 F
1525 2699 1537 2743 ΙΙ
1558 2702 1601 2732 10
1628 2698 1736 2741 quasi
1755 2697 1857 2732 Mas-

150 2745 280 2780 vieins:
308 2744 485 2789 quoniam
506 2744 547 2780 F
562 2747 574 2791 [Ι
595 2748 638 2780 16
664 2746 713 2781 ad
736 2757 891 2781 1’1vn1MA
914 2760 944 2781 ι.
971 2757 998 2781 3.
1018 2758 1050 2781 v.
1078 2746 1280 2792 hypallage
1307 2757 1373 2791 pro
1400 2745 1463 2780 ubi
1489 2745 1650 2790 plurimo
1678 2744 1858 2790 sanguine

150 2792 231 2827 fuso
263 2795 362 2827 terra
394 2792 519 2828 madet
550 2793 610 2827 uel
637 2797 736 2828 certe
763 2793 925 2839 plurima
949 2805 1016 2839 pro
1042 2794 1244 2839 plurimum
1274 2794 1307 2828 T
1339 2796 1351 2838 ΙΙ
1391 2797 1432 2828 17
1458 2793 1559 2828 terra
1585 2822 1591 2828 .
1614 2819 1621 2826 .
1644 2821 1651 2828 .
1679 2793 1858 2837 sanguine

151 2839 271 2875 Servii
295 2843 380 2875 sunt
399 2841 411 2885 11
436 2840 645 2886 maduerat]
675 2841 801 2875 madet
827 2840 1031 2877 Masvicias
1049 2844 1062 2885 ΙΙ
1094 2845 1136 2877 18
1162 2840 1358 2887 sanguine]
1386 2840 1514 2875 madet
1538 2840 1638 2875 teria
1664 2841 1748 2875 add.
1775 2839 1856 2874 Da

150 2888 223 2923 niel
242 2888 254 2933 ΙΙ
275 2891 317 2922 19
343 2888 449 2922 schol.
478 2888 526 2922 ad
550 2899 581 2922 v.
603 2891 670 2923 691
697 2899 762 2923 om
785 2888 986 2923 Fabricius
1004 2890 1017 2934 ΙΙ
1036 2900 1222 2924 εῩΡιΖοΥεΑ
1247 2900 1410 2924 nmmos
1437 2899 1611 2923 mmmm
1637 2898 1755 2922 Aonxn
1774 2888 1857 2930 AS,

150 2935 226 2970 nisi
256 2935 351 2980 quod
384 2946 549 2969 ΜΑΚεΑοΝ
579 2939 611 2969 et
643 2947 761 2970 Aonxn
787 2935 815 2970 S
858 2947 1020 2971 crpxzoox
1051 2948 1219 2972 nnnc-:aon
1250 2948 1428 2971 mmmm
1460 2949 1578 2970 Aouxn
1603 2935 1639 2970 It
1682 2946 1856 2970 cymzomx

151 2995 320 3017 ΜΛΚΕΛΟΗ
345 2993 522 3017 ICIHTATE
550 2994 664 3017 AONxN
684 2982 729 3017 H
762 2994 948 3018 CYPIZOYca
967 2995 1121 3019 aKeaonl
1143 2994 1295 3019 (ITlTaTG.
1315 2995 1432 3018 aoqu
1454 2983 1502 3017 M
1538 2994 1715 3018 (ΥΡΙΖΟΙΕΒ)
1742 2996 1857 3017 ΛΟΝΧΗ

152 3028 199 3064 F.
239 3029 381 3065 Graeca
405 3040 471 3064 om.
499 3029 716 3074 Stephanus.
756 3031 954 3073 συρίζουσοι
979 3028 1092 3076 λόγχη
1119 3031 1158 3066 id
1184 3033 1242 3066 est
1268 3030 1404 3065 stridor
1429 3030 1580 3065 lanceae
1605 3029 1761 3072 Daniel,
1794 3030 1858 3074 qai

153 3077 307 3112 latinam
332 3078 664 3121 interpretationem
689 3078 766 3122 ipse
789 3078 974 3113 addidisse
992 3079 1146 3114 videtur.
1186 3080 1388 3122 συρίζουσα
1414 3074 1615 3134 μαχητάων
1643 3075 1710 3111 ἰθὺ
1736 3075 1855 3112 πτάτο

152 3119 266 3168 λόγχη
292 3125 354 3169 (cf.
381 3125 432 3159 Il.
462 3123 530 3159 XX
550 3125 609 3169 99)
635 3125 689 3159 vel
715 3126 914 3182 συρίζρυσα
940 3122 1027 3170 μαλ’
1057 3123 1098 3161 ἐν
1124 3126 1247 3166 δίναις
1273 3123 1469 3160 εἰσέπτατο
1493 3122 1605 3170 λόγχη
1632 3125 1724 3159 coni.
1746 3124 1857 3169 Hnyo

155 3171 412 3207 Stadtmueller
450 3173 648 3216 συρίζουσα
675 3171 844 3218 μακεδνὴ
868 3169 1061 3216 Ἀμᾶζονος
1085 3169 1221 3219 ἥπτετο
1247 3170 1359 3217 λόγχη
1387 3172 1586 3208 Sehoellius
1617 3173 1627 3217 ΙΙ
1660 3175 1703 3205 22
1731 3170 1856 3206 conhi-

157 3217 235 3253 bite
259 3218 332 3254 AS
368 3218 511 3254 conibit
530 3219 571 3255 fl
608 3219 806 3256 conhibete
834 3220 881 3255 M
899 3220 911 3267 ΙΙ
931 3223 987 3256 est
1010 3231 1077 3257 om.
1099 3220 1139 3257 F
1154 3222 1165 3266 ΙΙ
1194 3223 1238 3256 25
1265 3231 1331 3266 pro
1357 3218 1570 3256 hominibus
1595 3219 1713 3266 ruptis
1739 3218 1810 3256 AS

1891 649 1911 679 ει

1895 1007 1935 1037 10

1894 1364 1934 1395 15

1888 1722 1933 1754 20

1886 2080 1930 2110 25
