2092 3614
552 284 706 322 COMM.
731 284 784 320 IN
810 282 956 320 VERG.
980 283 1092 319 AEN.
1119 283 1170 319 XI
1197 279 1396 320 144—16'1.
1740 281 1828 324 495

239 394 338 438 155.
380 412 611 439 mannen
638 411 762 438 DEcvs
788 397 864 436 aut
891 393 1008 436 valde
1038 392 1161 448 dulce,
1192 396 1268 435 aut
1297 393 1418 447 quasi
1448 393 1717 435 inmaturum.

236 466 336 510 156.
386 484 593 510 PRIMITIAE
626 466 879 521 rudimenta,
921 465 1043 520 quasi
1087 464 1275 508 Troiani.
1402 482 1542 513 BELLIQ
1550 482 1598 508 VE
1623 480 1833 511 PROPINQVI

114 538 174 580 vel
215 539 325 592 quod
353 541 449 581 ante
477 542 687 581 maturam
718 540 892 580 aetatem
922 536 1132 579 Pallantis
1162 537 1335 578 venerit:
1373 540 1449 578 aut
1479 535 1733 591 ‘propinqui'
1765 536 1828 578 ni-

114 610 246 652 mium
288 610 432 662 vicini,
475 623 553 664 quo
591 609 741 652 Pallas
783 609 894 651 mitti
931 611 1077 663 posset.
1139 621 1239 650 sane
1265 608 1354 651 ΛΙιοσ
1396 608 1544 651 bellum
1582 607 1827 651 ‘antarium'

115 682 254 724 vocari
282 682 461 737 solitum,
492 682 600 735 quod
630 682 688 724 sit
717 684 813 724 ante
842 680 994 737 urbem,
1024 680 1145 734 quasi
1174 683 1271 723 ante
1300 693 1411 723 aras.
1856 685 1877 717 5

237 753 333 796 157.
383 769 490 797 DVRA
521 753 674 796 misera
704 756 741 795 et
769 752 968 806 infelicia.

236 824 332 867 158.
382 835 509 867 vo'rA
535 835 806 875 Pnncnsqu
825 835 953 866 MEAE
979 838 1110 879 supra
1130 823 1245 879 <50>
1271 823 1380 866 fors
1407 825 1456 865 et
1481 825 1603 866 vota
1627 823 1768 867 fecit.

115 914 188 945 wo
196 914 244 940 νΕ
270 914 290 939 ο
314 913 565 940 SANCTISSJMA
597 913 769 940 commvx
791 894 1010 939 ‘sanctum'
1029 909 1114 938 non
1137 909 1294 950 semper
1317 909 1495 951 sacrum,
1520 909 1646 950 neque
1668 896 1827 950 reliyz‘o-

111 981 204 1011 suni
235 971 304 1022 est,
334 971 382 1010 ut
410 967 486 1024 hic,
517 968 588 1010 ubi
621 966 911 1011 ‘sanctissima'
943 968 1205 1022 incorruptae
1235 967 1436 1010 castitatis
1460 967 1689 1022 siqnificat:
1720 968 1828 1009 unde

110 1043 149 1082 et
177 1043 344 1083 sanetae
374 1040 475 1095 leqes
505 1039 768 1094 appellantur
798 1053 902 1094 quae
931 1053 1058 1094 neque
1087 1042 1302 1094 corruptae
1330 1043 1439 1093 sunt,
1469 1053 1595 1094 neque
1619 1039 1827 1093 corrumpi
1855 1044 1897 1075 10

107 1115 294 1166 possunt.

235 1183 331 1226 159.
381 1195 522 1226 FELIX
552 1194 714 1226 MORTE
746 1195 839 1226 TVA
870 1198 922 1226 ea
952 1198 997 1226 re
1031 1183 1148 1240 felix,
1180 1198 1266 1239 qua
1297 1183 1427 1226 ceteri
1461 1184 1621 1227 dolent.
1671 1186 1709 1226 et
1733 1183 1828 1226 bene

113 1255 230 1312 ‘tua'‚
261 1269 323 1311 ne,
338 1259 402 1301 ‚ut
429 1256 526 1311 ipse,
556 1255 639 1309 filii
668 1258 797 1298 morte
825 1256 940 1310 fieret
968 1256 1128 1309 infelix.

236 1328 331 1370 160.
381 1339 592 1370 VIVENDO
637 1338 732 1369 VIOI
777 1339 876 1369 MEA
913 1339 1035 1370 FATA
1079 1327 1152 1369 diu
1198 1327 1396 1383 vivendo,
1439 1329 1489 1370 ut
1531 1328 1576 1369 in
1619 1327 1826 1370 bucolicis

113 1399 204 1455 <IX
235 1400 290 1454 2>
322 1414 347 1442 0
380 1398 589 1455 Lycida,
621 1398 729 1441 vivi
758 1400 1113 1454 pervenimus..
1160 1397 1274 1441 ‘vici'
1308 1401 1455 1442 autem
1488 1398 1599 1442 emea
1630 1398 1750 1455 fata',
1781 1399 1825 1440 id
1854 1404 1896 1436 15

113 1474 180 1513 est
219 1471 463 1514 naturalem
505 1470 702 1512 ordinem
739 1470 830 1512 vita
867 1471 1062 1526 longiore
1105 1470 1323 1526 superavi,
1365 1471 1413 1513 in
1448 1470 1521 1513 hoo
1557 1474 1737 1526 tantum,
1779 1473 1829 1512 ut

111 1545 313 1597 superstes
354 1555 478 1585 essem
514 1542 602 1596 filio
640 1556 749 1584 meo:
794 1557 980 1599 namque
1023 1542 1095 1585 hie
1133 1541 1239 1584 ordo
1276 1543 1488 1585 naturalis
1527 1544 1610 1599 est,
1652 1545 1702 1584 ut
1739 1542 1826 1584 sint

112 1614 367 1670 parentibus
400 1613 655 1669 superstites
688 1613 824 1657 liberi.
874 1614 965 1656 fata
991 1627 1094 1670 ergo
1121 1614 1211 1656 eius
1237 1614 1462 1670 generalia
1486 1613 1607 1670 dixit,
1636 1613 1825 1655 referens

115 1701 160 1728 se
192 1685 246 1728 ad
277 1685 519 1728 naturalem
553 1685 759 1737 ordinem,
790 1699 879 1728 non
910 1684 964 1728 ad
996 1685 1135 1727 fatum
1167 1685 1409 1741 proprium;
1442 1701 1544 1728 nam
1575 1685 1668 1727 fata
1699 1699 1825 1741 supe-

112 1772 210 1801 rare
238 1772 366 1800 nemo
396 1756 624 1799 hominum
656 1759 812 1812 potest.
851 1757 962 1799 unde
994 1757 1119 1800 multi
1151 1757 1211 1800 sie
1243 1757 1520 1814 distinguunt
1551 1757 1719 1801 ‘eontra
1744 1772 1826 1815 ego
1851 1765 1897 1796 20

114 1829 296 1872 vivendo
313 1827 427 1891 ‘vici’
460 1828 594 1872 vitam
628 1828 793 1871 scilieet
823 1828 920 1870 filii:
951 1843 1051 1870 nam
1075 1828 1160 1871 hoe
1187 1830 1254 1871 est
1279 1828 1514 1886 ‘superstes
1543 1832 1752 1872 restarem
1779 1832 1827 1872 ut

113 1899 320 1957 genitor':
366 1902 416 1943 ut
460 1900 573 1943 ‘mea
612 1899 719 1943 fata'
758 1914 835 1956 per
872 1900 1230 1943 exclamationem
1269 1900 1431 1943 dietum
1470 1902 1539 1945 sit.
1607 1902 1825 1944 sciendum

113 1975 278 2029 tamen,
316 1972 448 2015 etiam
479 1972 806 2015 inrationabilia
837 1972 1080 2015 dolentibus
1113 1972 1219 2014 dari.
1342 1991 1511 2017 νινΕΝοο
1537 1974 1628 2027 νισι]
1662 1971 1742 2016 *id
1769 1977 1828 2016 est

115 2044 347 2100 supervioei:
378 2047 526 2087 veteres
555 2045 666 2087 enini
691 2044 872 2087 ‘vivendo
896 2043 1068 2087 vincere’
1099 2044 1286 2087 dicebant
1307 2045 1570 2100 supervivere,
1600 2048 1648 2087 ut
1670 2045 1826 2088 multa

112 2117 273 2159 virum
308 2116 505 2158 volvens
539 2116 743 2158 vivendo
780 2115 981 2158 saecula
1011 2115 1188 2158 vincit:
1225 2130 1326 2158 nani
1356 2119 1395 2158 et
1422 2117 1470 2158 in
1495 2117 1642 2171 toyatis
1673 2115 1822 2159 ‘victri-
1851 2124 1896 2155 25

113 2187 187 2231 oes’
218 2188 498 2243 appellantur,
534 2202 638 2242 quae
668 2188 777 2230 viros
807 2187 1060 2230 extulerunt:
1104 2186 1284 2230 Plautus
1315 2188 1363 2230 in
1394 2187 1570 2242 Epidico
1603 2187 1676 2243 <II
1705 2189 1741 2240 1,
1768 2188 1823 2244 8>

113 2260 231 2314 quia
261 2259 355 2302 tibi
387 2259 536 2302 licuit
563 2273 667 2303 eum
696 2260 901 2302 vivendo
930 2259 1169 2302 vincere*.

236 2331 332 2374 161.
381 2342 632 2374 RESTAREM
663 2345 814 2374 essem.

210 2453 233 2484 4
258 2460 346 2485 sane
374 2476 382 2484 .
404 2476 412 2485 .
433 2475 441 2484 .
467 2450 567 2496 aras]
598 2448 644 2486 ef.
670 2448 769 2485 Fest.
795 2447 900 2485 Paul.
928 2460 955 2484 s.
982 2459 1016 2484 v.
1043 2448 1230 2485 antarium
1262 2450 1274 2494 ΙΙ
1312 2453 1333 2485 8
1359 2450 1528 2485 sanctum
1554 2476 1591 2486 ..
1613 2450 1827 2497 .possunt]

114 2496 161 2579 ff.
174 2496 353 2580 211ξ1)[ἐ1,61·01>.
379 2497 456 2534 Sat.
484 2495 536 2532 III
562 2501 601 2542 3,
629 2501 649 2532 6
676 2498 715 2533 et
740 2495 834 2533 Don.
861 2495 910 2532 ad
935 2496 1016 2532 Ter.
1043 2496 1202 2543 Adelph.
1231 2495 1263 2532 V
1290 2501 1368 2541 7,1
1407 2498 1419 2544 ss
1456 2501 1502 2532 24
1526 2476 1663 2544 multa]
1695 2509 1824 2544 georg.

213 2656 231 2687 1
260 2653 353 2688 aut.
394 2651 663 2688 .immaturum
689 2653 770 2688 hab.
795 2652 828 2687 T
844 2653 857 2699 ΙΙ
876 2656 896 2687 2
923 2652 1031 2697 quasi
1050 2651 1204 2688 Troiani
1228 2653 1318 2698 quid
1341 2653 1414 2688 sibi
1438 2653 1523 2689 velit
1547 2663 1623 2689 non
1647 2653 1822 2699 intelleyo.

114 2700 201 2744 fort.
228 2699 336 2744 quasi
359 2698 491 2735 tironis
541 2704 562 2734 3
589 2702 655 2735 aut
679 2700 779 2745 quod
805 2701 919 2735 ante.
972 2700 1087 2735 ‚ante
1113 2710 1197 2735 aras
1222 2701 1303 2736 hab.
1330 2700 1363 2735 Τ
1379 2702 1391 2747 11
1410 2702 1497 2736 ante
1522 2701 1697 2736 naturam
1721 2702 1823 2737 aeta-

114 2749 192 2783 tem
217 2749 256 2783 et
280 2746 457 2793 pallantis
532 2747 585 2793 114
611 2758 699 2790 sane
718 2758 784 2783 om.
808 2747 841 2782 T
858 2749 870 2795 ΙΙ
889 2727 1075 2783 antatium
1100 2747 1309 2784 uocabatur
1333 2748 1432 2793 quod
1459 2749 1558 2784 esset
1582 2749 1669 2784 ante
1693 2748 1823 2784 urbem

115 2794 155 2830 id
180 2796 237 2831 est
262 2796 349 2831 ante
375 2804 459 2829 aras
489 2794 523 2829 T
545 2795 558 2841 ss
589 2799 610 2830 6
636 2795 685 2831 ad
709 2807 804 2831 nvn
828 2806 856 2830 s.
882 2806 914 2832 v.
941 2794 1106 2830 infelicia
1133 2795 1167 2829 T
1190 2797 1203 2841 fl
1234 2800 1254 2831 7
1281 2797 1330 2832 ad
1356 2809 1470 2837 Tvovs
1497 2808 1518 2830 0
1545 2809 1572 2831 s.
1599 2810 1630 2831 c.
1655 2807 1683 2832 s.
1709 2807 1742 2831 v.
1768 2796 1822 2831 in-

115 2842 313 2889 corruptae
346 2841 549 2886 castitatis,
581 2842 623 2877 in
653 2853 768 2888 mary.
794 2841 1010 2887 frequenter
1040 2844 1207 2878 sanctum
1238 2844 1457 2890 religiosum
1489 2843 1687 2890 significat.
1736 2844 1823 2879 inde

115 2891 229 2926 etiam
255 2892 406 2925 sanctae
432 2890 533 2935 leges
560 2889 734 2925 dicuntur
758 2901 853 2934 quae
879 2918 887 2925 .
910 2917 918 2924 .
939 2917 947 2925 .
974 2892 1129 2935 possunt
1155 2890 1189 2926 Τ
1216 2892 1228 2938 ΙΙ
1260 2895 1281 2926 8
1306 2891 1533 2937 relegiosum
1557 2891 1598 2926 F
1625 2893 1636 2938 ΙΙ
1675 2895 1719 2927 10
1745 2902 1823 2927 601·-

114 2938 218 2983 rupti
243 2938 330 2973 sunt
349 2937 389 2973 F
404 2938 416 2984 ΙΙ
437 2941 479 2972 12
506 2937 563 2984 re]
589 2938 689 2972 sorte
708 2937 829 2972 ΑΒΕ
845 2938 858 2982 ΙΙ
876 2937 1006 2972 dolent
1025 2938 1119 2973 Ma:
1146 2938 1320 2975 dolentur
1338 2940 1472 2985 reliqui
1489 2941 1501 2984 ΙΙ
1520 2940 1570 2975 ad
1594 2950 1625 2974 v.
1643 2943 1709 2974 159
1729 2939 1823 2975 bene

115 2986 182 3021 tua
207 2985 299 3039 (116111
322 2996 369 3021 116
394 2987 438 3020 ut
462 2984 542 3030 ipse
568 2985 689 3019 morte
714 2984 783 3019 filii
807 2985 914 3020 fieret
936 2984 1068 3020 infelix
1092 2985 1253 3022 uiuendo
1284 2986 1318 3022 T
1331 2988 1343 3033 ΙΙ
1372 2992 1413 3022 13
1439 2986 1521 3032 ipsa
1547 2986 1581 3022 G
1599 2988 1611 3032 ΙΙ
1629 2986 1728 3022 fierit
1750 2986 1791 3022 F
1812 2987 1824 3033 11

118 3035 160 3067 15
186 3031 261 3068 vici
288 3061 294 3068 .
316 3033 460 3068 ..fata
485 3044 551 3068 om.
579 3032 615 3067 R
633 3034 645 3078 ΙΙ
680 3036 722 3068 16
748 3031 788 3067 111
815 3032 866 3067 G:
892 3043 940 3067 an
965 3031 1007 3067 F
1021 3034 1034 3079 [1
1063 3034 1120 3080 ut]
1149 3034 1188 3069 et
1213 3034 1247 3070 G
1271 3035 1283 3081 ΙΙ
1316 3037 1358 3069 18
1384 3034 1519 3116 liberi}
1535 3034 1604 3069 filii
1632 3035 1682 3069 M
1697 3036 1710 3080 ΙΙ
1735 3045 1823 3079 ergo

117 3080 197 3115 eius
221 3079 274 3134 R„
300 3079 380 3116 eius
405 3092 494 3126 ergo
519 3080 578 3124 H,
604 3080 682 3115 eius
707 3091 773 3115 om.
799 3080 962 3126 reliquii}
986 3081 1211 3125 generaliter
1234 3081 1308 3119 AS
1325 3082 1337 3126 ΙΙ
1367 3085 1411 3117 21
1439 3093 1491 3117 661
1510 3082 1585 3117 ieet
1608 3081 1677 3117 filii
1702 3081 1742 3116 id
1766 3082 1824 3116 est

117 3126 307 3173 superuixi
333 3155 369 3165 ..
391 3156 399 3163 .
426 3139 511 3164 eum
541 3108 702 3164 uiuendo
734 3127 883 3163 uincere
914 3138 1002 3162 nam
1032 3128 1104 3164 hoc
1129 3130 1219 3165 est.
1271 3128 1518 3165 ,dolentibus
1549 3129 1630 3165 dari
1655 3128 1696 3164 F
1723 3130 1735 3174 ΙΙ
1766 3132 1823 3163 est

116 3186 182 3210 om.
203 3174 240 3210 R
257 3176 270 3220 ΙΙ
289 3175 488 3221 superstite
515 3176 651 3211 starem
677 3174 768 3210 RH
781 3175 793 3220 ΙΙ
818 3179 863 3210 23
889 3174 970 3210 dari
995 3175 1154 3223 01161111
1174 3158 1248 3212 ad
1247 3189 1405 3212 vwmwo
1429 3189 1503 3212 V101
1527 3187 1555 3212 s.
1575 3187 1607 3211 v.
1634 3177 1704 3211 hoc
1730 3175 1824 3211 dicit

117 3221 193 3257 uixi
226 3232 337 3268 supra
367 3224 514 3259 ueteres
546 3223 646 3259 enim
681 3222 829 3258 uincere
854 3221 1015 3259 uiuendo
1042 3224 1281 3269 superuiuere
1306 3223 1481 3260 dicebant
1506 3235 1590 3259 nam
1617 3224 1656 3259 in
1680 3222 1822 3270 togatis

118 3268 289 3305 uictrices
315 3271 605 3316 appellabantur
623 3281 719 3316 quae
739 3270 839 3306 uiros
860 3270 1071 3306 extulerant
1094 3271 1127 3306 Τ
1141 3273 1152 3318 Ι]
1172 3276 1216 3306 25
1243 3271 1419 3318 vivendo]
1448 3271 1614 3307 durando
1640 3271 1822 3317 Veryilius
