2092 3614
507 261 658 301 coMM.
685 260 737 298 IN
763 260 906 299 VERG.
933 260 1043 300 AEN.
1070 261 1139 299 vn
1166 265 1367 299 eos—⁶14.
1707 259 1792 304 173

78 375 140 418 sic
170 374 217 418 in
248 377 419 431 tergum
444 373 621 429 reiecta,
652 377 701 416 ut
731 373 819 416 una
845 373 936 416 eius
962 373 1118 415 lacinia
1145 388 1170 415 a
1195 375 1318 428 tergo
1345 375 1548 415 revocata
1572 372 1793 415 hominem

76 447 237 502 cingat.
298 446 381 488 hoc
422 448 568 488 autem
610 445 857 488 vestimenti
899 458 1055 500 genere
1098 446 1246 486 veteres
1281 443 1450 498 Latini,
1492 457 1585 486 curn
1621 444 1794 486 necdum

75 531 198 559 arma
227 517 436 573 haberent,
465 517 716 571 praecinctis
753 517 856 571 toyis
886 515 1111 559 bellabant:
1150 515 1259 557 unde
1289 515 1414 556 etiam
1445 515 1597 557 milites
1620 516 1673 557 ‘in
1699 529 1793 569 pro-

77 589 212 631 cinctu
236 602 320 632 esse
343 589 548 632 dicu-ntur.
597 588 670 631 hoc
694 601 843 630 rursus
866 587 1072 630 utebatur
1098 587 1251 629 consul
1282 586 1398 628 bella
1424 586 1663 629 indicturus
1696 587 1792 629 ideo

78 660 196 715 quia,
222 674 319 702 cum
339 659 487 715 Gabii,
513 659 778 714 Campaniae
805 658 977 713 civitas,
1003 658 1135 700 sacris
1161 659 1431 713 operaretur,
1456 657 1619 699 bellum
1646 658 1790 700 subito

78 731 240 774 evenit:
277 733 382 773 tunc
421 731 534 774 cives
573 731 701 773 cincti
739 730 855 786 togis
894 729 982 771 suis
1021 729 1076 772 ab
1115 729 1200 771 aris
1233 729 1287 771 ad
1319 729 1436 771 bella
1474 729 1658 784 profecti
1691 733 1793 772 sunt

77 805 121 844 et
153 802 295 858 adepti
327 802 574 846 victoriam:
606 802 718 844 unde
750 801 821 844 hic
853 803 973 844 ortus
1005 804 1072 843 est
1102 815 1208 844 mos.

197 874 295 917 613.
344 885 548 916 msmms
588 884 799 916 RESERAT
833 884 1114 915 STRIDENTIA
1151 884 1319 914 LIMINA
1356 883 1537 915 consu
1576 872 1791 928 insignem

79 945 223 1001 accipe
255 945 395 1000 primo
428 945 522 988 loco
556 946 769 1000 creatum,
800 944 902 986 licet
933 943 1118 986 similem
1149 943 1311 986 habeat
1342 945 1619 999 potestatem.

197 1017 295 1059 614.
344 1027 446 1059 IPSE
468 1028 622 1059 VOCAT
643 1027 826 1059 PVGNAS
857 1016 944 1058 tria
970 1018 1089 1071 sunt,
1121 1018 1170 1058 ut
1196 1030 1326 1070 supra
1347 1014 1425 1070 <II
1449 1015 1561 1070 157>
1593 1015 1791 1070 diximus,

176 1125 220 1157 10
245 1121 320 1157 tria
346 1122 432 1157 sunt
457 1132 487 1157 e.
509 1134 542 1167 q.
565 1121 609 1168 s.]
638 1121 682 1157 cf.
703 1121 797 1157 Don.
824 1121 872 1157 ad
897 1121 981 1158 Ter.
1002 1132 1085 1157 eun.
1104 1120 1156 1156 IV
1177 1124 1210 1165 7,
1231 1124 1252 1157 2
1278 1121 1318 1156 et
1342 1120 1430 1156 Isid.
1452 1131 1502 1156 or.
1524 1119 1575 1154 IX
1595 1124 1628 1165 3,
1649 1124 1693 1155 52
1709 1132 1789 1166 sqq.

78 1215 231 1240 coccum
256 1204 458 1240 adhibetur
488 1205 587 1250 quod
616 1204 752 1241 russati
783 1205 896 1240 antea
925 1204 1207 1250 praeliabantur
1236 1205 1390 1250 propter
1419 1204 1577 1239 uulnera
1601 1205 1641 1239 et
1665 1214 1791 1249 asper—

78 1252 201 1287 siones
228 1252 417 1298 sanguinis
443 1264 517 1298 quo
543 1256 672 1299 posset
697 1253 767 1288 hoc
794 1252 918 1288 colore
943 1251 1063 1288 uelari
1088 1252 1184 1287 unde
1204 1252 1342 1287 russati
1360 1251 1602 1287 uocabantur.
1647 1251 1792 1286 videtur

78 1300 208 1335 scholii
233 1301 432 1345 exemplum
458 1313 482 1336 a
507 1301 664 1336 Daniele
690 1301 739 1336 ad
765 1300 992 1346 Scaliyerum
1016 1301 1165 1335 missum
1190 1310 1279 1343 esse,
1310 1300 1375 1345 qui
1402 1301 1444 1335 in
1469 1300 1594 1344 castiy.
1621 1299 1664 1334 in
1690 1298 1788 1334 Fest.

79 1350 154 1392 (ap.
180 1347 345 1383 Dindem.
368 1359 407 1393 p.
436 1351 518 1393 740)
555 1360 631 1383 non
655 1349 761 1384 nulla
777 1345 830 1383 'em
854 1349 907 1383 eis
937 1359 1030 1393 quae
1058 1358 1175 1392 supra
1205 1347 1345 1392 scripta
1375 1350 1462 1382 sant
1492 1347 1617 1382 edidit.
1667 1358 1791 1382 moneo

79 1394 305 1441 Scaliyerum
337 1396 514 1431 Trossula
539 1407 611 1441 pro
641 1396 802 1438 trosula‚
836 1395 1051 1431 concinnior
1075 1406 1148 1440 pro
1181 1394 1385 1438 concinior,
1416 1396 1588 1439 pertexta
1612 1405 1684 1439 pro
1709 1406 1791 1439 pre—

78 1444 183 1478 texta
207 1444 404 1488 scripsisse.
441 1444 486 1487 cf.
508 1443 607 1480 Fest.
629 1443 743 1479 Pauli
759 1454 787 1478 s.
807 1454 839 1479 v.
863 1442 1068 1478 ‘Trossuli'
1090 1446 1124 1478 et
1145 1442 1248 1478 Ptin.
1267 1445 1342 1478 nat.
1364 1443 1446 1478 hist.
1468 1441 1623 1477 XXXIII
1643 1445 1663 1484 ξ
1682 1446 1727 1477 35
1739 1453 1790 1487 sq.

81 1510 124 1515 —
150 1491 183 1525 is
207 1491 386 1536 interpres
416 1491 481 1536 qui
509 1491 726 1527 Tironianis
757 1491 854 1526 notis
885 1501 974 1526 usus
1005 1493 1056 1526 est
1087 1491 1130 1526 de
1155 1490 1281 1526 trabea
1311 1490 1398 1525 haec
1429 1490 1621 1525 adnotavit
1646 1489 1792 1524 Trabea

81 1539 140 1573 est
163 1537 280 1573 uestis
305 1538 511 1584 imperialis
538 1550 612 1584 qua
635 1538 840 1584 imperator
865 1539 926 1574 uel
953 1537 1080 1574 consul
1106 1537 1258 1573 indutus
1279 1537 1426 1573 solebat
1445 1536 1640 1582 designare
1666 1536 1791 1572 locum

79 1585 143 1620 ubi
169 1585 303 1621 ciuitas
329 1585 537 1622 edificanda
562 1587 653 1623 erat.
693 1597 738 1622 ea
757 1586 873 1621 etiam
898 1585 1051 1621 indutus
1076 1585 1271 1631 aperiebat
1294 1586 1462 1631 tempore
1489 1584 1581 1620 belli
1605 1586 1732 1630 portas
1753 1613 1760 1620 .
1782 1612 1791 1620 .

80 1634 267 1678 (notarum
286 1634 374 1669 locis
389 1637 531 1678 puncta
546 1634 671 1679 posui)
698 1632 831 1679 templi
852 1634 891 1669 et
910 1644 1041 1669 causas
1061 1632 1154 1668 belli
1172 1632 1365 1668 indicabat
1384 1632 1566 1668 omnibus.
1587 1634 1598 1679 ΙΙ
1616 1633 1791 1668 scholium

78 1681 130 1716 ad
155 1693 352 1721 cmcrqun
378 1693 508 1717 (mmo
534 1682 761 1726 adscriptum
785 1681 891 1717 habet
918 1681 951 1716 T
965 1682 976 1727 ΙΙ
996 1682 1054 1716 est
1077 1681 1184 1727 toga]
1212 1682 1251 1716 et
1275 1691 1346 1725 ega
1364 1680 1400 1715 R
1427 1681 1481 1725 (et
1505 1690 1578 1725 oga
1597 1691 1628 1723 r,
1654 1680 1692 1714 in
1718 1681 1790 1715 vet.

79 1727 159 1764 cod.
189 1727 263 1763 ‘est
286 1728 391 1774 toga’
418 1740 536 1774 supra
559 1740 628 1764 scr.
649 1729 799 1771 Daniel)
820 1730 831 1775 ΙΙ
853 1733 869 1764 1
897 1740 972 1764 una
998 1728 1026 1763 S
1034 1728 1124 1763 LM
1131 1728 1185 1763 F:
1210 1739 1259 1764 na
1284 1727 1322 1764 R
1348 1728 1437 1774 (una
1460 1728 1626 1772 Daniel),
1651 1738 1718 1763 om.
1739 1727 1789 1763 II.

78 1775 155 1810 ima
179 1779 230 1810 est
254 1775 429 1811 Ferrarii
453 1777 496 1812 de
520 1788 559 1812 re
582 1780 665 1812 vest.
693 1777 754 1811 lib.
776 1777 804 1811 I
823 1788 903 1821 cap.
927 1775 1033 1811 XIV
1056 1776 1200 1820 (Graev.
1227 1776 1311 1811 thes.
1333 1776 1383 1811 VI
1403 1787 1439 1821 p.
1461 1776 1543 1819 646)
1570 1775 1791 1819 coniectura,

77 1823 238 1868 probata
261 1834 285 1858 a
311 1823 574 1869 Marquardtio
602 1824 760 1860 Privatl.
787 1825 821 1859 cl.
842 1823 947 1859 Ro'm.
974 1824 1007 1858 II
1027 1835 1067 1869 p.
1088 1825 1189 1868 5441!
1208 1834 1230 1858 a
1255 1826 1362 1869 tergo
1379 1834 1456 1861 om.
1476 1823 1563 1858 LH
1572 1822 1604 1857 T
1629 1823 1729 1867 (acld.
1752 1823 1790 1868 l).

79 1871 121 1905 in
152 1870 354 1916 Reqincnsi
382 1882 498 1916 supra
528 1883 551 1907 a
581 1873 688 1917 tergo
720 1871 859 1907 Daniel
889 1872 975 1907 haec
1007 1871 1206 1916 adscripsit
1239 1871 1349 1907 ‘deest
1378 1871 1420 1906 in
1450 1871 1564 1906 altero
1595 1874 1661 1906 vet.
1695 1870 1788 1906 cod.'

78 1918 103 1954 i.
132 1929 158 1955 e.
186 1918 228 1953 in
256 1917 462 1954 Turonensi
491 1920 504 1964 ΙΙ
540 1919 746 1965 hominem]
782 1919 977 1954 humerum
1003 1918 1200 1954 Heinsium
1225 1919 1350 1964 legisse
1374 1918 1620 1953 Burmannus
1645 1928 1790 1953 comme*

78 1966 234 2001 moravit
253 1967 265 2010 ΙΙ
284 1970 304 2000 2
332 1967 475 2002 veteres
496 1965 622 2002 Latini
648 1995 654 2002 .
678 1994 686 2002 .
706 1993 714 2001 .
741 1966 810 2002 hoc
835 1977 960 2001 rursus
984 1976 1082 2002 unus
1103 1965 1327 2002 Turonensis
1351 1966 1465 2002 habet.
1505 1966 1667 2001 alienum
1692 1966 1790 2000 scho-

81 2013 171 2048 lium
203 2013 380 2049 Serviano
410 2014 530 2059 inepte
561 2014 758 2049 inmiaetum
788 2024 860 2049 esse
890 2017 1064 2059 apparet:
1097 2025 1185 2049 nam
1216 2012 1440 2058 praecinctis
1475 2013 1577 2057 togis
1612 2014 1707 2048 idem
1742 2016 1792 2047 est

80 2061 176 2105 quod
200 2060 272 2096 hoc
296 2061 512 2097 vestimenti
537 2073 671 2107 genere
698 2062 722 2096 i.
748 2072 775 2098 e.
803 2062 925 2097 cinctu
953 2060 1110 2098 Gabino.
1138 2061 1184 2105 cf.
1213 2061 1442 2106 Marquardt
1468 2061 1490 2096 l.
1518 2061 1540 2096 l.
1572 2062 1584 2105 ΙΙ
1622 2064 1642 2095 3
1669 2061 1789 2102 arma]

81 2118 173 2152 saga
198 2109 293 2143 coni.
320 2108 361 2145 O.
378 2109 536 2145 Mueller
554 2108 705 2144 Etrusk.
725 2108 759 2143 1²
772 2120 812 2154 p.
834 2112 914 2146 251.
939 2109 1000 2144 sed
1025 2109 1070 2152 cf.
1092 2107 1191 2144 Serv.
1218 2109 1268 2144 ad
1286 2109 1378 2144 Aen.
1398 2107 1449 2143 lV
1468 2111 1537 2143 495
1557 2108 1568 2154 ll
1596 2111 1619 2142 4
1645 2108 1790 2153 consul]

81 2155 136 2190 ita
162 2155 385 2191 uelabantur
410 2157 495 2192 add.
515 2157 556 2191 F
572 2158 583 2203 ΙΙ
602 2155 799 2192 indicturis
824 2156 861 2191 R
888 2156 941 2202 (in
965 2156 1039 2192 vet.
1067 2156 1147 2191 cod.
1173 2168 1236 2191 rus
1261 2167 1361 2200 supr.
1387 2166 1476 2190 vers.
1503 2155 1656 2196 Daniel)
1675 2157 1687 2199 ss
1706 2154 1791 2189 ideo

80 2203 185 2249 quia]
211 2203 369 2248 ideoque
394 2204 429 2239 L
454 2206 466 2251 ΙΙ
497 2208 518 2239 5
545 2204 634 2249 quia
659 2214 724 2239 om.
755 2204 789 2238 T
811 2205 822 2249 ΙΙ
849 2203 963 2250 gabia
988 2203 1016 2239 S
1042 2204 1148 2248 (corr.
1175 2204 1207 2247 s)
1239 2203 1342 2249 gauii
1368 2203 1408 2238 F
1429 2204 1441 2248 ΙΙ
1470 2201 1693 2248 cumpaniae
1719 2202 1759 2236 F
1781 2206 1792 2247 ,j

81 2255 101 2285 6
129 2251 267 2297 evenit]
297 2254 336 2286 et
361 2252 465 2288 uenit
490 2251 531 2287 F
546 2253 557 2298 ΙΙ
575 2254 665 2287 tunc
692 2250 809 2298 cives]
837 2254 876 2287 et
900 2251 987 2286 inde
1018 2251 1051 2285 T
1065 2252 1077 2297 ΙΙ
1103 2250 1234 2297 cincti]
1262 2250 1386 2286 cuncti
1413 2250 1489 2286 sF
1511 2252 1616 2295 (corr.
1644 2251 1675 2295 s)
1713 2249 1792 2285 cin-

79 2297 128 2332 tis
154 2298 188 2332 L
207 2300 218 2345 ss
238 2298 326 2345 aris]
353 2299 452 2345 argis
481 2300 529 2334 M
565 2299 664 2345 agris
690 2300 732 2343 ῖΙΙ
758 2302 844 2334 sunt
868 2299 916 2334 ad
942 2298 1043 2334 bella
1067 2297 1227 2344 profecti
1252 2298 1324 2334 SR
1333 2298 1371 2333 F
1388 2300 1399 2345 ΙΙ
1433 2302 1451 2333 ’1
1478 2297 1576 2333 unde
1602 2296 1662 2333 hic
1689 2298 1791 2332 ortus

79 2347 137 2381 cst
169 2357 250 2381 mos
281 2346 367 2381 LH
375 2347 420 2382 T:
457 2349 610 2392 propter
645 2347 744 2392 quod
780 2357 890 2421 pmen
924 2346 994 2382 tali
1028 2346 1160 2381 habitu
1194 2357 1341 2392 semper
1377 2346 1578 2381 utebantur
1609 2345 1649 2380 in
1681 2344 1791 2380 bellis

763 2403 778 2421 e

79 2427 199 2464 SRF
233 2428 330 2464 unde
356 2428 418 2464 hic
444 2431 547 2465 ortus
573 2430 632 2464 est
655 2441 734 2465 mos
758 2431 913 2476 propter
939 2430 1039 2475 quod
1067 2457 1074 2465 .
1098 2458 1104 2465 .
1128 2458 1135 2464 .
1161 2429 1271 2464 bellis
1293 2429 1343 2464 M
1376 2430 1530 2475 propter
1557 2456 1564 2464 .
1586 2456 1594 2463 .
1615 2457 1622 2463 .
1646 2457 1653 2465 .
1680 2427 1790 2463 bellis

78 2486 179 2521 supr.
206 2486 296 2513 vers,
323 2477 407 2512 add.
434 2477 456 2512 l.
495 2481 647 2513 ceterum
666 2481 751 2523 post
777 2489 856 2513 mos
882 2478 968 2513 haec
994 2478 1077 2513 add.
1104 2476 1326 2513 Turonensis
1350 2476 1484 2513 uelites
1510 2487 1657 2522 quoque
1684 2476 1788 2521 gabi—

79 2523 157 2558 nati
187 2524 425 2570 pugnabant,
459 2535 551 2570 quae
582 2535 663 2560 cum
693 2526 744 2561 eis
773 2536 866 2570 quae
898 2526 953 2561 lin
990 2529 1011 2560 2
1031 2535 1104 2569 sqq.
1138 2535 1182 2560 ex
1213 2535 1252 2559 eo
1284 2525 1403 2560 codice
1434 2525 1532 2560 edita
1568 2524 1676 2559 habes
1708 2527 1791 2568 apte

81 2571 367 2616 eoniunyuntur.
418 2572 464 2607 ab
490 2583 528 2607 eo
559 2573 624 2617 qai
652 2572 867 2608 Tironianis
898 2573 994 2608 notis
1024 2573 1195 2608 utebatur
1219 2572 1262 2607 de
1288 2571 1434 2607 Gabino
1460 2572 1583 2607 cincta
1607 2572 1649 2606 in
1674 2582 1789 2616 marg).

83 2618 305 2654 Turonensis
329 2619 416 2655 haec
441 2620 629 2665 adscripta
652 2623 739 2655 sant
764 2619 879 2655 Gabis
906 2619 1040 2655 ciuitas
1066 2620 1123 2655 est
1147 2619 1376 2664 campaniae.
1417 2622 1504 2654 ante
1531 2618 1635 2654 cuius
1660 2620 1789 2664 portas

79 2676 163 2700 cum
190 2666 401 2701 sacerdotes
428 2666 633 2702 sacrificare
665 2667 808 2703 uellent
838 2668 877 2703 et
908 2666 1148 2702 detraherent
1176 2667 1295 2712 pelles
1327 2667 1536 2702 hostiarum
1569 2676 1789 2711 superuene-

80 2715 167 2748 runt
191 2712 271 2758 lupi
297 2716 335 2749 et
352 2724 393 2750 r*
420 2716 659 2760 (evanuerunt
678 2726 816 2760 pauca,
842 2715 997 2759 fortasse
1015 2714 1132 2760 raptis
1153 2713 1327 2760 pellibus>
1353 2715 1561 2749 hostiarum
1588 2715 1792 2759 coeperunt

79 2760 214 2796 iterum
246 2760 384 2806 fugere.
435 2763 523 2797 tuuc
553 2761 612 2797 illi
643 2762 739 2797 sicut
770 2763 877 2797 erant
908 2761 998 2797 nudi
1029 2763 1068 2797 et
1099 2761 1264 2807 expediti
1296 2762 1344 2796 ad
1379 2761 1622 2797 excoriandas
1647 2759 1790 2796 hostias

79 2808 197 2853 raptis
227 2809 326 2854 togis
352 2808 547 2844 cinxerunt
572 2820 610 2847 se
636 2809 713 2844 illis
739 2820 814 2844 non
839 2809 1008 2844 ualentes
1033 2811 1113 2844 tam
1140 2809 1214 2844 cito
1240 2809 1345 2844 indui
1370 2811 1410 2845 et
1434 2808 1620 2854 persecuti
1636 2819 1656 2844 *
1683 2808 1792 2852 (adde

81 2858 168 2891 sunt
189 2855 313 2900 lupos)
347 2857 385 2891 et
410 2856 527 2901 pelles
560 2856 765 2891 hostiarum
798 2856 1096 2902 reportauerunt.
1147 2858 1185 2892 et
1210 2855 1300 2901 quia
1325 2856 1523 2892 uictoriam
1549 2855 1677 2901 adepti
1704 2859 1790 2890 sunt

80 2902 197 2938 talem
222 2903 391 2939 habitum
413 2930 421 2938 .
449 2907 568 2945 (notae
587 2904 663 2939 loco
681 2908 863 2948 punctam
883 2905 1008 2949 posui)
1033 2904 1071 2939 in
1091 2915 1160 2939 usu
1186 2904 1398 2939 habuerunt
1422 2906 1464 2939 ut
1490 2903 1680 2938 sinistram
1706 2914 1789 2948 par-

81 2951 158 2985 tem
183 2950 416 2986 obnuberent
449 2950 639 2986 dexteram
666 2962 756 2986 uero
782 2952 947 2986 exertam
978 2952 1162 2987 haberent
1187 2950 1285 2986 sicut
1309 2952 1348 2988 et
1373 2951 1521 2987 diaconi
1549 2950 1787 2996 quadragesi-

81 2998 172 3032 mali
197 2999 365 3043 tempore
391 2998 533 3033 faciunt
558 2997 749 3034 sinistrum
781 2999 983 3034 humerum'
1007 3001 1178 3043 tegentes
1210 2999 1337 3033 casula
1369 2999 1523 3034 dextera
1553 2999 1659 3044 parte
1691 2997 1791 3032 nuda

83 3044 122 3078 et
146 3043 322 3090 expedita.
347 3046 573 3081 remanente.
594 3047 606 3090 ΙΙ
633 3049 654 3080 8
680 3045 865 3090 insignem
892 3074 900 3082 .
922 3074 930 3081 .
953 3074 961 3082 .
984 3046 1213 3092 potestatem
1240 3045 1373 3088 SRF,
1398 3047 1475 3081 nisi
1499 3046 1595 3090 quod
1621 3046 1789 3088 accipere

82 3091 203 3135 primo
229 3091 311 3128 loco
338 3094 502 3128 creatum
529 3093 707 3128 debemus
734 3093 788 3128 F:
815 3094 846 3128 is
872 3093 936 3138 qui
961 3093 1063 3139 prior
1089 3094 1235 3128 creatus
1261 3094 1320 3128 est
1338 3093 1425 3127 LH
1445 3094 1561 3138 (prior
1586 3093 1651 3127 del.
1678 3095 1710 3126 et
1735 3102 1788 3124 se-

83 3138 223 3174 cundus
247 3150 422 3184 superscr.
449 3141 472 3176 l.
507 3141 602 3176 idem
627 3140 810 3185 insignem
832 3170 840 3178 .
861 3169 869 3177 .
891 3169 899 3176 .
919 3142 1146 3185 potestatem
1171 3141 1213 3175 in
1237 3151 1352 3186 naara.
1379 3141 1482 3185 add.)
1519 3140 1699 3183 insignem
1722 3165 1730 3172 .
1752 3163 1759 3172 .
1782 3165 1789 3172 .

83 3183 183 3276 liceg]
197 3185 474 3269 alterhsiiiigem
502 3188 643 3223 habeat
673 3189 898 3233 potestatem
925 3189 961 3223 is'
983 3188 1047 3234 qui
1073 3186 1226 3234 propior
1256 3189 1403 3223 creatus
1436 3188 1493 3222 est
1519 3187 1567 3220 M
1598 3188 1610 3231 η
1649 3188 1691 3219 10
1718 3183 1791 3219 tria

84 3241 150 3265 SUB
210 3244 254 3268 ue
322 3245 362 3268 as

1820 1025 1863 1056 10
