2092 3614
577 268 728 305 COMM.
755 268 806 303 IN
831 267 974 304 VERG.
1001 267 1109 304 AEN.
1137 267 1206 302 XII
1234 270 1432 303 775—800.
1775 265 1861 307 641

271 378 369 421 790.
420 390 690 421 CERTAMINA
716 389 888 420 MAR'rls
915 388 1094 420 ANHELI
1129 376 1203 418 alii
1233 375 1501 418 ‘certamine'
1533 376 1698 432 legunt,
1729 376 1778 416 ut
1803 375 1860 417 sit

151 464 320 492 sensus:
352 450 573 492 adsistunt
603 452 753 492 contra
786 464 830 491 se
861 449 907 491 in
938 447 1092 490 Martis
1126 448 1268 489 anheli
1301 447 1547 490 certamine.

272 522 369 564 792.
417 533 571 564 FVLVA
602 533 665 564 DE
698 533 823 563 NVBE
857 521 908 562 de
940 534 1052 574 aere,
1082 519 1134 561 de
1166 520 1377 562 elemento
1412 534 1501 561 suo.

274 594 371 635 793.
421 604 546 643 QVAE
577 605 662 635 IAM
694 603 818 635 F1N1s
844 603 952 634 ERIT
980 602 1186 634 CONIVNX
1219 590 1337 633 ‘iam’
1371 591 1564 645 denique.
1614 590 1746 631 verba
1777 589 1863 631 ista

152 664 276 719 quasi
317 664 404 705 iam
443 664 677 706 taediantis
717 666 817 705 sunt
849 663 900 705 ad
934 663 1108 718 longam
1140 661 1319 704 Iunonis
1351 661 1638 716 iracundiam,
1675 661 1788 703 unde
1821 663 1864 702 et
1890 668 1910 699 5

151 735 282 791 paulo
314 736 417 789 post
451 734 597 790 (800)
632 734 808 777 desine
841 734 942 776 iam
972 732 1179 775 tandem
1211 732 1554 788 precibusque
1586 731 1864 774 inflectere

150 807 362 849 nostris.

276 878 373 920 794.
423 888 691 919 INDIGETEM
722 889 908 920 AENEAN
936 875 1033 919 s'01s
1060 887 1164 918 IPSA
1190 863 1248 917 'm
1276 887 1405 918 somn
1431 886 1626 918 FATERIS
1660 874 1865 917 subaudis

153 948 288 992 ‘fore'.
356 951 399 991 et
429 949 641 1004 indigetes
674 949 733 991 dii
766 948 928 1004 duplici
960 948 1128 990 ratione
1161 948 1381 990 dicuntur:
1413 948 1482 990 vel
1515 946 1751 989 secundum
1783 945 1865 987 Lu-

155 1021 345 1076 cretium,
378 1021 492 1075 quod
515 1020 677 1062 nullius
704 1021 766 1062 rei
792 1022 962 1076 egeant,
995 1019 1069 1075 qui
1095 1019 1156 1061 ait
1184 1019 1256 1074 <11
1277 1019 1392 1073 650>
1420 1019 1523 1072 ipse
1546 1019 1653 1060 suis
1670 1018 1867 1072 pollens
1896 1026 1938 1057 10

154 1092 326 1146 opibus
356 1091 490 1133 nihil
521 1091 700 1147 indiga
734 1104 904 1134 curae:
936 1092 995 1133 vel
1025 1091 1134 1145 quod
1159 1104 1234 1132 nos
1265 1091 1433 1132 deorum
1458 1091 1728 1144 indiyeanzus,
1760 1089 1867 1130 unde

154 1164 324 1217 quidam
349 1177 487 1206 omnes
511 1164 603 1205 deos
627 1164 822 1218 indiqetes
846 1163 1052 1219 appellari
1076 1163 1227 1204 volunt.
1271 1162 1349 1204 alii
1365 1162 1531 1215 patrios
1556 1162 1648 1203 deos
1673 1161 1868 1214 indigletes

155 1235 238 1277 diei
268 1235 404 1277 debere
435 1236 615 1290 tradunt,
647 1235 725 1277 alii
749 1235 801 1277 ab
826 1234 1078 1276 invocatione
1102 1234 1298 1288 indiyetes
1322 1234 1449 1275 dictos
1472 1233 1624 1287 volunt,
1655 1233 1763 1286 quod
1787 1230 1868 1272 ‘in-

158 1306 303 1361 diyeto'
335 1309 394 1348 est
416 1320 562 1360 precor
592 1313 628 1348 et
656 1307 816 1350 invoco:
848 1306 915 1348 vel
943 1308 1058 1347 certe
1084 1305 1298 1360 indigetes
1326 1306 1427 1346 sunt
1454 1304 1514 1346 dii
1541 1318 1591 1345 ex
1617 1302 1867 1345 hominibus

156 1378 274 1433 fac-ti,
307 1380 350 1419 et
382 1377 484 1420 dicti
518 1378 733 1434 indigetes
767 1378 891 1434 quasi
922 1377 967 1419 in
1001 1376 1083 1418 diis
1116 1378 1308 1431 agentes.
1349 1389 1449 1418 sane
1479 1377 1527 1418 de
1551 1375 1694 1417 Aenea
1722 1374 1869 1427 fabula
1896 1384 1938 1414 15

156 1450 254 1492 talis
284 1452 363 1492 est:
394 1463 487 1492 eum
519 1450 662 1492 Turno
695 1451 820 1492 occiso
852 1453 891 1492 et
919 1452 1081 1503 accepta
1105 1449 1300 1506 Lavinia,
1332 1443 1495 1490 condita
1526 1448 1685 1489 civitate
1710 1447 1754 1488 in
1782 1446 1871 1487 Nu-

155 1521 307 1563 micum
337 1521 525 1576 fluvium,
559 1525 607 1563 ut
636 1522 715 1564 alii
744 1522 896 1573 volunt,
927 1521 1183 1575 sacrificans,
1214 1523 1261 1561 ut
1290 1520 1379 1574 alii,
1411 1519 1675 1573 Mezentium,
1706 1521 1753 1559 ut
1782 1518 1870 1572 alii,

156 1593 399 1646 Messapum
421 1593 596 1647 fuyiens,
629 1594 841 1648 cecidisset,
874 1607 946 1635 nee
970 1593 1058 1634 eius
1082 1595 1183 1634 esset
1206 1592 1378 1634 cadaver
1402 1591 1623 1645 inventum,
1649 1590 1871 1642 Ascanius,

155 1664 270 1718 filius
301 1664 402 1718 eius,
432 1665 534 1706 victo
553 1665 757 1707 Mezentio
789 1679 881 1707 eum
914 1664 1052 1706 ceteris
1075 1663 1272 1705 Troianis
1302 1663 1464 1705 eredens
1487 1666 1526 1704 et
1547 1662 1742 1704 iaetitans
1766 1661 1872 1702 inter

155 1736 333 1778 numina
363 1739 580 1790 receptum,
612 1737 694 1779 sive
718 1740 881 1790 patrem
912 1735 1048 1777 volens
1079 1749 1329 1789 consecrare,
1362 1734 1555 1789 templum
1586 1734 1623 1775 ei
1652 1733 1870 1787 constituit,
1897 1742 1943 1773 20

154 1808 262 1861 quod
290 1808 481 1861 indiyetis
511 1808 716 1861 appellari
747 1808 878 1850 iussit.

279 1879 375 1921 797.
426 1890 671 1921 MORTALm
703 1890 878 1921 Dncvm*
911 1890 1104 1921 vloLARI
1137 1889 1357 1920 VVLNERE
1388 1889 1540 1919 mvvn
1572 1875 1756 1918 ‘mortali
1785 1876 1870 1918 vul-

157 1949 267 1993 nere'
299 1951 418 2005 dixit,
449 1965 538 1992 non
572 1950 738 2006 ‘letali',
773 1951 858 2005 sed,
891 1954 968 2010 aut
1001 1965 1084 2005 quo
1118 1951 1323 1992 mortales
1356 1949 1571 1999 laborant,
1604 1951 1678 1990 aut
1710 1964 1735 1990 a
1760 1962 1871 1989 mor-

157 2022 237 2064 tali
275 2022 426 2064 inlato.
487 2026 563 2064 aut
600 2021 791 2064 ‘mortali
827 2021 1027 2073 vulnere’,
1065 2022 1110 2063 id
1144 2025 1203 2064 est
1238 2024 1408 2063 mortem
1436 2021 1628 2073 facienti:
1666 2033 1757 2073 eryo
1788 2033 1870 2060 non

156 2094 277 2147 quasi
307 2093 494 2135 Iuturna
524 2094 712 2136 mortalis
742 2094 808 2136 sit.
871 2093 1047 2135 ‘divum'
1085 2095 1229 2135 autem
1262 2092 1464 2134 subaudis
1500 2089 1735 2133 ‘futurum'.
1896 2098 1940 2130 25

279 2164 375 2207 798.
426 2176 541 2215 QVID
562 2177 677 2207 ENIM
697 2177 802 2208 SINE
825 2177 884 2206 TE
906 2176 1114 2207 lvrvnNA
1136 2175 1353 2206 VALERET
1381 2162 1668 2217 parenthesis:
1701 2164 1872 2216 poterat

161 2236 275 2278 enim
309 2250 510 2278 excusare
537 2251 582 2278 se
607 2236 728 2291 Iuno,
761 2236 872 2278 nihil
898 2235 1051 2278 fecisse
1078 2249 1434 2289 commemoranS,
1465 2233 1578 2275 unde
1605 2247 1699 2274 eam
1726 2235 1870 2275 aucto-

160 2322 249 2349 rem
282 2307 415 2349 fuisse
443 2306 636 2363 Iuppiter
663 2308 767 2350 dicit
792 2310 969 2362 propter
995 2307 1103 2348 illud
1130 2306 1274 2360 <159>
1303 2308 1483 2348 auctor
1515 2318 1606 2360 ego
1641 2303 1872 2346 audendi.

280 2380 378 2421 800.
428 2390 596 2421 DESINE
629 2391 714 2420 IAM
747 2391 944 2421 TANDEM
985 2378 1158 2433 singula
1192 2377 1513 2433 pronuntianda
1546 2378 1656 2418 sunt.
1707 2376 1873 2417 dicendo

158 2454 297 2493 autem
331 2449 525 2493 ‘tandem'
558 2452 698 2493 odium
721 2451 1023 2504 perseverantis
1053 2450 1236 2492 ostendit.
1899 2456 1943 2486 30

255 2571 276 2602 9
303 2567 551 2614 etindigetes
577 2568 630 2603 dii
656 2579 685 2604 e.
715 2580 748 2613 q.
777 2568 823 2614 s.]
851 2567 896 2604 cf.
923 2567 1109 2613 mythogr.
1135 2567 1188 2602 III
1214 2571 1247 2611 2,
1277 2571 1293 2601 1
1322 2567 1360 2601 et
1386 2571 1406 2601 2

258 2679 275 2710 1
304 2687 433 2710 Annam
460 2702 468 2710 .
488 2703 495 2710 .
519 2703 525 2710 .
553 2674 684 2710 Martis
710 2687 776 2711 om.
797 2675 870 2710 AS
877 2675 965 2710 RH
979 2676 991 2721 ΙΙ
1011 2679 1031 2709 2
1056 2674 1096 2709 in
1121 2685 1187 2710 om.
1203 2674 1409 2718 Stephanus
1429 2677 1460 2707 et
1481 2672 1680 2707 Fabricius
1700 2674 1710 2718 ΙΙ
1731 2677 1752 2707 4
1777 2671 1869 2719 iam]

162 2722 252 2767 quid
270 2722 356 2757 RF
372 2724 383 2769 ΙΙ
403 2726 424 2757 5
450 2722 572 2768 quasi]
601 2728 675 2768 qua
694 2723 766 2759 AS
783 2724 794 2770 ΙΙ
815 2728 835 2758 6
860 2722 961 2768 post]
989 2723 1044 2758 ait
1067 2723 1152 2758 add.
1168 2722 1241 2757 AS
1260 2723 1271 2768 Η
1291 2725 1311 2756 9
1338 2721 1406 2766 dii]
1433 2721 1471 2755 di
1491 2720 1542 2763 H,
1567 2731 1633 2755 om.
1649 2720 1688 2754 F
1704 2721 1716 2765 ΙΙ
1746 2725 1788 2754 11
1815 2720 1870 2754 in-

161 2771 246 2805 dica
270 2771 315 2805 H
347 2772 360 2815 ΙΙ
397 2781 506 2806 curae
532 2770 663 2806 ASF:
690 2781 779 2806 cura
803 2770 890 2805 RH
924 2772 936 2815 ΙΙ
974 2774 1016 2805 12
1043 2769 1256 2814 indigentes
1284 2768 1324 2804 F
1357 2770 1368 2814 ΙΙ
1408 2771 1452 2802 14
1478 2769 1564 2801 sunt
1591 2796 1598 2803 .
1620 2795 1626 2801 .
1650 2795 1657 2803 .
1684 2767 1870 2813 indigetes

161 2828 227 2854 om.
255 2818 327 2853 AS
355 2819 366 2864 ΙΙ
399 2817 437 2853 di
462 2818 508 2852 H
532 2819 545 2863 ΙΙ
579 2822 622 2853 15
649 2818 757 2863 dicti]
784 2818 822 2852 di
849 2818 888 2852 F
917 2819 928 2864 ΙΙ
960 2818 1069 2862 quasi
1094 2817 1322 2863 indisegetes
1348 2815 1420 2850 AS
1446 2816 1495 2860 (q.
1522 2814 1560 2849 iu
1587 2815 1642 2849 dis
1669 2819 1821 2860 egentes
1848 2827 1871 2850 a

165 2877 199 2910 q.
225 2864 265 2900 in
290 2865 348 2900 dis
374 2867 528 2910 agentes
554 2866 586 2911 s)
607 2867 618 2911 ΙΙ
650 2865 706 2900 dis
734 2863 820 2900 HF
837 2866 848 2911 ΙΙ
881 2869 1034 2910 egentes
1058 2865 1094 2900 R
1120 2869 1225 2907 (corr.
1254 2864 1403 2908 Daniel)
1424 2864 1436 2908 ΙΙ
1468 2873 1555 2897 sane
1582 2890 1589 2897 .
1612 2892 1619 2898 .
1642 2890 1649 2897 .
1675 2862 1802 2908 iussit]
1830 2863 1872 2898 de

162 2913 219 2948 his
244 2913 405 2948 cadaver
431 2941 439 2949 .
461 2941 468 2948 .
491 2940 498 2947 .
526 2913 680 2948 credens
706 2916 739 2948 et
763 2913 795 2947 is
822 2912 1006 2958 appellari
1030 2912 1139 2948 iussit
1164 2913 1206 2948 in
1234 2911 1440 2946 Turonensi
1464 2913 1590 2945 exeant
1614 2911 1625 2956 ΙΙ
1654 2913 1698 2944 20
1725 2910 1759 2944 ei
1786 2921 1870 2945 con-

163 2960 287 2995 stituit
318 2960 574 2996 Commelinus:
613 2960 653 2994 et
690 2959 886 2995 constituit
912 2959 952 2995 F
991 2959 1244 2995 cii-constituit
1274 2958 1413 2993 Daniel
1449 2959 1461 3003 ss
1498 2961 1541 2991 21
1575 2957 1765 3002 appellare
1792 2957 1833 2992 F
1861 2958 1872 3003 Η

162 3011 207 3042 22
234 3020 425 3043 nonnum
450 3007 584 3042 ΑΒΗ
615 3019 771 3042 Mon‘mm
798 3007 837 3042 F
853 3009 865 3052 ΙΙ
893 3011 938 3042 23
964 3007 1098 3043 letales
1125 3006 1165 3042 F
1180 3009 1191 3053 ΙΙ
1211 3007 1276 3042 aut
1303 3035 1310 3041 .
1333 3035 1340 3041 .
1362 3034 1369 3040 .
1396 3005 1533 3050 inlato]
1560 3005 1626 3039 aut
1650 3005 1871 3040 mortalibus

162 3065 327 3099 congruo
363 3056 428 3090 aut
452 3067 475 3090 a
499 3055 720 3090 mortalibus
746 3055 846 3090 facto
872 3054 908 3089 R
945 3056 956 3101 ΙΙ
993 3066 1066 3100 quo
1099 3066 1166 3090 om.
1194 3055 1235 3089 H
1270 3055 1281 3099 ΙΙ
1317 3052 1487 3087 mortalis
1514 3052 1636 3087 ASH
1660 3054 1763 3095 (corr.
1791 3053 1828 3097 a)
1861 3054 1862 3091 l

163 3101 295 3137 labant
320 3102 446 3138 ΑΒΗ
468 3103 573 3148 (corr.
601 3104 639 3147 a)
659 3103 670 3148 ΙΙ
702 3102 768 3137 aut
791 3102 983 3138 inmortali
1007 3102 1129 3138 ΑΒΗ
1153 3104 1258 3148 (corr.
1286 3101 1361 3146 α).ΙΙ
1392 3103 1438 3134 24
1462 3100 1582 3135 inalto
1609 3099 1651 3134 H
1674 3100 1684 3145 ΙΙ
1716 3103 1760 3134 25
1788 3099 1870 3133 sub-

164 3149 334 3185 audimus
360 3149 446 3185 RF
461 3152 473 3195 ΙΙ
501 3154 545 3185 27
572 3150 661 3185 iuno
688 3161 727 3184 se
753 3149 801 3192 F,
828 3160 867 3184 se
893 3160 959 3185 om.
979 3149 1052 3186 AS
1068 3151 1080 3196 ΙΙ
1100 3161 1184 3184 eum
1210 3149 1250 3183 F
1266 3150 1277 3194 l}
1298 3151 1342 3182 30
1368 3148 1418 3182 ad
1441 3159 1582 3182 mmmm
1606 3158 1633 3182 s.
1654 3158 1685 3181 v.
1713 3146 1870 3181 dicendo

194 3224 201 3231 .
224 3224 231 3231 .
258 3198 468 3232 ostenditur
494 3198 574 3243 (sie)
603 3197 636 3231 T
670 3198 682 3243 ΙΙ
721 3198 770 3232 ad
801 3209 1038 3237 Pnscmvsovs
1064 3211 1087 3233 1.
1115 3210 1147 3232 N.
1179 3207 1206 3232 8.
1233 3207 1264 3232 v.
1298 3194 1444 3230 addidit
1473 3194 1647 3239 precibus
1683 3193 1783 3239 quod
1815 3195 1872 3229 est

163 3255 278 3289 prope
304 3244 530 3280 inuidiosum
560 3245 594 3279 T
810 3264 815 3270 ·
