2124 3600
279 1025 322 1057 10

276 1381 321 1412 15

276 1737 322 1769 20

354 268 410 309 82
1126 268 1283 304 SERVII

470 376 570 419 588.
618 388 890 428 MEmAEQvn
924 388 1014 418 PER
1044 389 1202 419 ELIDIS
1236 389 1392 419 VRBEM
1424 378 1523 420 hinc
1555 381 1623 420 est
1654 379 1912 435 indignatio,
1947 382 2061 436 quod

350 447 396 488 in
428 461 478 489 ea
509 447 684 490 civitate
709 448 857 490 Iovem
889 448 1163 502 imitabatur,
1193 449 1239 490 in
1272 463 1355 503 qua
1389 449 1634 504 specialiter
1665 449 1861 506 Iuppiter
1893 452 2060 494 colitur.

469 519 568 562 592.
617 531 770 562 DENSA
802 531 945 561 INTER
976 531 1160 562 NVBILA1
1182 519 1374 562 ostendit
1404 519 1598 562 fulminis
1630 535 1816 564 causam.

469 590 567 632 593.
616 602 778 634 FVMEA
803 602 985 632 LVMINA
1016 590 1061 631 id
1093 594 1160 632 est
1191 593 1379 647 terrena3
1410 605 1512 633 nam
1545 592 1762 635 aetherius
1795 593 1909 649 ignis
1942 597 2060 636 caret

349 659 487 714 fumo,
519 662 612 704 solo
644 662 757 703 enim
790 661 1014 716 splendore
1048 661 1179 716 viget.

468 731 567 774 595.
616 743 707 774 NEC
740 743 837 775 NON
866 743 926 773 ET
955 743 1132 774 ΤΙΤΥΟΝ
1166 732 1316 787 Tityos
1350 726 1506 774 Terrae
1540 733 1775 776 secundum
1807 735 1914 777 alios
1946 735 2059 778 filius

348 801 450 857 fuit,
483 803 719 845 secundum
752 804 860 846 alios
894 819 920 845 a
945 804 1078 845 Terra
1107 805 1318 846 nutritus:
1351 804 1462 846 unde
1487 808 1610 859 poeta
1641 805 1774 862 elegit
1805 821 2059 863 sermonem,

348 888 433 929 quo
470 877 699 930 utrumque
738 875 1025 930 significaret,
1063 890 1164 917 nam
1197 874 1463 917 ‘alumnum'
1497 876 1617 917 dixit.
1678 876 1747 919 hic
1787 878 1951 920 amavit
1981 878 2059 920 La-

347 947 514 1000 tonam,
556 949 734 1002 propter
779 946 893 1001 quod
935 946 1150 1000 Apollinis
1196 947 1387 988 confixus
1427 947 1601 1002 sagittis
1645 950 1711 989 est
1749 951 1792 990 et
1830 949 2058 991 damnatus

347 1016 428 1059 hac
459 1017 555 1073 lege
588 1017 702 1073 apud
733 1017 916 1072 inferos,
947 1020 997 1059 ut
1027 1018 1118 1060 eius
1150 1018 1268 1060 iecur
1299 1018 1446 1060 vultur
1478 1018 1647 1060 exedat:
1683 1033 1943 1075 quamquam
1969 1019 2060 1063 Ho-

348 1103 490 1130 merus
522 1088 714 1131 vicissim
747 1088 863 1131 dicat
894 1089 1000 1131 duos
1034 1089 1227 1131 vultures
1266 1089 1348 1131 sibi
1388 1089 1434 1130 in
1472 1090 1564 1131 eius
1605 1104 1789 1144 poenam
1823 1091 2058 1134 succedere.

348 1174 450 1201 sane
482 1160 528 1201 in
560 1175 642 1202 usu
674 1162 741 1202 est
773 1158 971 1214 ‘vultur'‚
1013 1160 1114 1201 licet
1146 1159 1296 1202 Cicero
1329 1159 1586 1202 ‘vulturius'
1620 1161 1791 1216 dixe-rit,
1823 1162 1937 1216 quod
1968 1162 2060 1218 qui-

348 1229 444 1272 dem
476 1233 622 1285 potest
654 1245 748 1273 esse
780 1233 824 1272 et
855 1230 1157 1273 derivativum:
1209 1230 1375 1272 Ennius
1407 1231 1646 1273 vulturus
1679 1233 1728 1274 in
1760 1247 1935 1289 campo
1967 1234 2059 1276 mi-

347 1315 514 1343 serum
547 1301 824 1344 mandebat
854 1301 1136 1344 homonem.
1187 1301 1428 1343 declinatur
1461 1304 1605 1344 autem
1637 1302 1721 1346 ‘hic
1747 1303 1900 1359 Tityos
1933 1304 2058 1347 huius

348 1371 503 1427 Tityi',
535 1372 646 1414 sicut
678 1371 831 1415 ‘Delos
863 1371 995 1415 Deli'.

466 1443 565 1486 596.
614 1455 701 1485 PER
733 1455 857 1486 TOTA
882 1456 1043 1486 NOVEM
1077 1455 1153 1487 CVI
1185 1455 1362 1487 IVGERA
1395 1455 1574 1487 CORPVS
1606 1457 1893 1489 Ponmel‘rvn
1926 1462 2058 1502 quan-

347 1516 440 1556 tum
474 1514 526 1556 ad
557 1515 778 1570 publicam
809 1514 984 1570 faciem,
1016 1515 1360 1571 magnitudinem
1387 1515 1576 1558 ostendit
1601 1518 1813 1574 corporis3
1845 1518 1920 1560 sed
1951 1518 2058 1561 illud

348 1585 582 1642 significat,
626 1586 727 1642 quia
759 1586 810 1629 de
842 1589 1036 1630 amatore
1073 1586 1284 1642 loquitur,
1322 1586 1543 1629 libidinem
1583 1588 1670 1630 late
1707 1591 1875 1644 patere,
1912 1591 1961 1631 ut
1997 1589 2060 1631 ait

348 1671 481 1712 supra
513 1657 660 1712 (440)
698 1672 789 1700 nec
829 1658 1012 1713 procul
1054 1657 1173 1700 hinc
1216 1659 1416 1713 partem
1460 1657 1563 1700 fusi
1606 1661 1966 1701 monstrantur
2006 1660 2057 1702 in

348 1742 543 1770 omnem
575 1728 818 1784 lugentes
851 1730 1030 1784 campi.
1074 1743 1177 1771 sane
1209 1728 1260 1770 de
1292 1728 1360 1770 his
1388 1729 1588 1772 omnibus
1619 1730 1748 1772 rebus
1780 1730 1887 1772 mire
1918 1731 2060 1773 reddit

306 1806 314 1811 “
346 1799 561 1842 rationem
584 1798 812 1842 Lucretius
833 1799 929 1854 <111
949 1799 1066 1854 978>
1093 1802 1137 1841 et
1162 1799 1390 1842 confirmat
1419 1800 1466 1841 in
1495 1802 1646 1842 nostra
1671 1801 1762 1842 vita
1787 1815 1880 1844 esse
1912 1801 2059 1844 omnia

348 1884 457 1925 quae
489 1869 712 1925 finguntur
743 1870 794 1912 de
826 1870 987 1912 inferis.
1049 1870 1155 1912 dicit
1185 1884 1371 1925 namque
1403 1869 1562 1926 Tityon
1595 1886 1786 1914 amorem
1825 1887 1935 1927 esse,
1975 1872 2058 1915 hoc

349 1943 415 1982 est
454 1940 698 1997 libidinem,
741 1956 850 1997 quae
893 1941 1127 1984 secundum
1169 1941 1370 1996 physicos
1411 1943 1454 1983 et
1491 1942 1679 1984 medicos
1716 1943 1763 1984 in
1800 1943 1940 1986 iecore
1980 1945 2058 1999 est,

348 2012 461 2055 sicut
490 2012 602 2054 risus
634 2012 679 2055 in
711 2014 876 2069 splene,
908 2013 1130 2055 iracundia
1161 2012 1205 2054 in
1237 2012 1359 2055 felle:
1397 2012 1509 2054 unde
1541 2013 1671 2055 etiam
1703 2028 1877 2056 exesum
1909 2029 1938 2062 a¹
1966 2014 2058 2056 vul-

442 2157 463 2189 6
490 2152 622 2198 Tityos
643 2182 652 2190 .
670 2182 700 2191 ..
723 2153 938 2201 succedere]
966 2154 1010 2189 cf.
1039 2153 1223 2198 mythogr.
1250 2152 1266 2186 Ι
1288 2157 1343 2196 13,
1370 2153 1402 2187 ΙΙ
1425 2156 1492 2187 104
1510 2154 1522 2197 ΙΙ
1544 2157 1586 2188 12
1607 2151 1752 2234 Cicerol]
1778 2151 1819 2187 in
1837 2153 1909 2188 Pis.
1934 2158 1988 2197 16,
2008 2158 2054 2190 38

346 2201 358 2248 Η
392 2205 434 2237 13
466 2201 623 2247 Ennius]
664 2212 747 2237 ann.
780 2214 814 2238 v.
844 2206 909 2236 141
942 2213 997 2247 ap.
1026 2200 1133 2234 Vahl.
1166 2201 1179 2245 ss
1216 2204 1261 2234 20
1293 2210 1381 2234 sane
1414 2200 1549 2235 dehis
1578 2229 1584 2236 .
1615 2227 1621 2234 .
1651 2229 1658 2235 .
1686 2211 1732 2235 vo
1749 2200 1900 2246 vuntur]
1941 2211 2054 2237 exscr.

346 2249 534 2293 mythogr.
561 2248 594 2282 II
617 2252 695 2293 105,
721 2249 772 2284 111
799 2254 832 2291 6,
853 2253 885 2284 5.
924 2250 969 2283 cf.
997 2247 1161 2283 Macrob.
1192 2250 1388 2282 comment.
1417 2249 1430 2282 1
1459 2251 1513 2291 10,
1540 2251 1579 2282 10
1597 2259 1650 2292 sq.
1670 2249 1683 2293 ΙΙ
1702 2251 1746 2282 23
1772 2240 1965 2283 libidinem
1987 2277 1995 2285 .
2016 2275 2023 2283 .
2047 2277 2054 2285 .

346 2296 385 2330 in
410 2295 516 2341 felle]
545 2295 590 2332 cf.
619 2295 706 2331 Isid.
734 2308 785 2332 or.
813 2296 864 2331 XI
891 2300 922 2341 1,
951 2299 1016 2330 125
1044 2296 1082 2330 et
1109 2299 1174 2330 127

443 2431 461 2461 1
487 2427 625 2462 scholia
644 2427 693 2461 ad
712 2437 743 2463 v.
759 2429 828 2461 588
848 2430 880 2462 et
900 2431 968 2462 592
989 2437 1054 2462 om.
1071 2426 1110 2460 F
1125 2427 1137 2471 ΙΙ
1155 2424 1243 2459 hinc
1263 2425 1321 2459 est
1339 2424 1446 2460 RM:
1473 2424 1536 2459 hic
1556 2424 1793 2460 estASHG.
1827 2428 2055 2470 eaespectatur

347 2475 458 2509 aucta
483 2475 548 2509 est.
568 2474 581 2518 ΙΙ
606 2478 626 2508 2
653 2473 822 2509 imitatur
848 2473 884 2508 R
902 2476 915 2519 ss
941 2478 961 2509 3
987 2473 1154 2519 causam]
1182 2473 1220 2507 et
1245 2472 1429 2517 originem
1454 2472 1538 2507 add.
1565 2472 1604 2506 D
1631 2473 1739 2517 (idem
1764 2473 1879 2508 edidit
1903 2473 2051 2518 Stepha-

346 2522 444 2567 nus).
481 2525 670 2565 praeterea
695 2533 884 2556 couronsm
910 2520 1070 2566 proiecit
1094 2531 1178 2555 cum
1202 2519 1345 2564 impetu
1372 2520 1457 2555 add.
1483 2519 1687 2554 Fabricius
1705 2520 1717 2565 fl
1748 2523 1771 2554 4
1796 2520 1899 2566 nam]
1927 2523 1965 2555 et
1990 2519 2022 2555 0
2041 2521 2053 2574 j!

346 2572 367 2603 5
396 2569 453 2603 sol
477 2569 577 2603 enim
602 2567 675 2603 AS
708 2579 796 2603 nam
821 2568 900 2603 solo
927 2568 977 2603 M
990 2570 1002 2613 ΙΙ
1027 2568 1146 2614 viget]
1174 2579 1304 2601 Annon·
1328 2565 1486 2612 impegit
1511 2567 1597 2601 add.
1625 2566 1828 2602 Fabricius
1845 2568 1857 2612 ΙΙ
1886 2571 1906 2602 6
1932 2566 2055 2612 tityon

346 2616 387 2651 F
408 2616 420 2662 ΙΙ
451 2615 652 2650 secundum
679 2615 772 2650 alios
797 2617 918 2650 terrae
943 2615 1041 2650 filius
1066 2615 1138 2649 fuit
1166 2614 1215 2648 M
1236 2614 1249 2658 ΙΙ
1281 2618 1300 2649 7
1326 2613 1399 2649 fuit
1423 2624 1489 2649 om.
1519 2613 1560 2649 F
1583 2615 1595 2659 ΙΙ
1628 2624 1796 2649 sermone
1822 2614 1866 2648 H
1891 2617 1904 2659 ΙΙ
1934 2618 1956 2650 8
1982 2626 2054 2659 quo

349 2663 398 2698 M
403 2661 496 2698 FU:
522 2662 586 2706 qui
607 2663 641 2697 A
677 2662 776 2706 quod
799 2662 873 2697 RS
880 2663 923 2697 H
938 2663 950 2707 ΙΙ
969 2663 1030 2697 hic
1056 2660 1198 2697 amavit
1222 2660 1422 2706 Latonam]
1449 2660 1513 2695 hic
1539 2661 1698 2696 confisus
1722 2660 1863 2696 uiribus
1888 2661 2054 2696 latonam

345 2710 474 2745 uolare
501 2709 589 2754 (leye
605 2708 763 2754 uiolare)
788 2709 991 2754 temptauit
1011 2709 1051 2744 F
1065 2710 1078 2754 ΙΙ
1097 2714 1116 2744 9
1137 2710 1293 2754 propter
1314 2708 1429 2754 quod]
1457 2708 1615 2743 matrem
1635 2708 1670 2743 1ι’
1689 2710 1701 2753 fl
1721 2708 1871 2753 sagittis
1890 2709 2055 2744 confixus

346 2758 404 2792 est
427 2757 464 2791 R
500 2756 663 2791 confixus
689 2756 747 2790 est
769 2755 856 2790 telis
884 2757 932 2790 M
948 2758 961 2801 11
986 2757 1025 2790 et
1049 2755 1266 2801 damnatus]
1292 2755 1489 2790 damnatus
1513 2756 1639 2791 autem
1664 2757 1722 2790 est
1746 2756 1795 2790 M
1808 2757 1821 2800 ΙΙ
1867 2759 1907 2790 11
1935 2765 2053 2801 poene

347 2805 388 2839 F
414 2814 536 2849 poena
555 2803 585 2839 Ο
601 2804 613 2849 ss
632 2803 843 2849 succedere]
871 2803 969 2838 unde
994 2803 1087 2838 haec
1114 2801 1207 2839 dicit
1232 2802 1278 2838 de
1304 2802 1399 2847 tityo
1425 2804 1509 2838 add.
1527 2803 1567 2837 D
1590 2804 1749 2848 quinque
1774 2805 1950 2837 uer8uum
1970 2814 2053 2848 spa-

346 2853 398 2887 tio
422 2852 556 2887 relicto.
594 2853 640 2895 cf.
669 2850 735 2886 Od.
761 2851 813 2885 XI
838 2853 906 2885 576
921 2861 992 2895 sqq.
1024 2852 1036 2895 ΙΙ
1076 2855 1117 2885 12
1145 2850 1387 2885 sane-uultur
1411 2850 1448 2884 in
1475 2861 1544 2884 usu
1571 2850 1628 2885 est
1654 2851 1703 2884 M
1729 2851 1742 2895 ΙΙ
1774 2848 1958 2885 vulturius
1985 2878 1992 2885 .
2014 2877 2022 2885 .
2045 2878 2052 2886 .

346 2897 488 2933 Ennius
525 2909 592 2934 om.
620 2897 661 2933 F
687 2900 700 2943 ΙΙ
735 2897 884 2942 dixerit]
921 2901 959 2931 et
989 2897 1144 2932 Plautus
1176 2897 1215 2933 in
1247 2896 1467 2932 Curculione
1500 2901 1582 2941 (356
1610 2897 1691 2937 ΕΖ.)
1727 2896 1839 2932 ‘iacit
1869 2896 2052 2932 uulturios

348 2945 540 2990 quattuor'
572 2946 657 2981 add.
683 2945 883 2980 Fabricius
916 2945 928 2990 ΙΙ
967 2948 1008 2978 13
1037 2945 1092 2990 et]
1120 2944 1233 2979 etiam
1262 2945 1311 2978 M
1339 2946 1350 2988 ΙΙ
1387 2943 1630 2979 diriuatiuum
1655 2943 1823 2979 ARHC'
1849 2945 1860 2990 ΙΙ
1898 2943 2051 2990 Ennius]

347 2992 485 3029 etinius
510 2992 556 3027 H
587 2994 600 3038 ΙΙ
635 2992 806 3027 uulturus
833 2993 863 3026 A
877 2990 968 3026 GH:
1000 2991 1160 3026 uulturis
1186 2992 1282 3026 ΕΜ
1317 2990 1503 3026 uulturius
1529 2991 1558 3026 S
1600 2991 1708 3026 uultu
1735 2991 1775 3025 F
1808 2992 1820 3036 ΙΙ
1855 2991 1893 3025 in
1920 3001 2052 3035 campo

348 3040 487 3076 HFG:
519 3038 559 3074 in
589 3050 741 3084 campos
773 3039 809 3074 R
851 3039 891 3074 in
923 3037 1027 3073 siluis
1058 3038 1189 3072 ΑΒΜ
1222 3039 1235 3083 ΙΙ
1273 3038 1448 3073 miserum
1474 3037 1659 3073 ASRM:
1692 3037 1863 3084 supinum
1895 3037 2021 3072 HFC'
2042 3037 2052 3084 Η

347 3086 551 3123 mandebet
575 3086 619 3121 H
633 3088 646 3131 ΙΙ
666 3091 710 3121 14
735 3086 936 3122 mandebat
961 3085 1174 3131 homonem]
1201 3097 1249 3120 m.
1276 3085 1312 3121 h.
1341 3086 1371 3120 0
1386 3087 1398 3129 ΙΙ
1418 3085 1527 3120 huius
1552 3095 1619 3121 om.
1645 3083 1806 3136 ASHQ
1821 3085 1833 3129 ΙΙ
1854 3087 1897 3119 15
1923 3084 2049 3129 Delos]

349 3135 465 3171 delios
492 3133 523 3169 (J
538 3135 550 3179 ΙΙ
569 3134 668 3180 Deli]
696 3133 787 3169 delii
812 3133 889 3168 FO
903 3134 916 3179 ΙΙ
946 3136 989 3168 17
1016 3131 1224 3168 ostenditur
1248 3133 1293 3166 H
1307 3133 1319 3176 ΙΙ
1346 3135 1389 3166 18
1415 3131 1618 3177 significat]
1646 3131 1813 3166 ostendlt
1838 3131 1878 3165 F
1892 3131 1906 3175 ΙΙ
1925 3141 2050 3166 amore

348 3183 385 3218 R
403 3185 416 3228 ῃ
434 3183 608 3226 loquetur
633 3182 677 3216 H
691 3183 703 3225 ΙΙ
730 3185 772 3215 19
798 3181 885 3216 huic
910 3181 954 3215 H
967 3182 980 3226 ΙΙ
1008 3184 1053 3215 20
1079 3190 1206 3215 omnes
1232 3178 1273 3214 F
1288 3180 1299 3224 ΙΙ
1320 3178 1427 3215 rebus
1453 3190 1518 3214 om.
1544 3177 1576 3212 0
1591 3179 1604 3223 ΙΙ
1621 3177 1788 3213 reddidit
1812 3178 1853 3212 F
1867 3179 1880 3223 ΙΙ
1899 3182 1943 3213 21
1971 3189 2050 3214 esse

348 3230 428 3265 uita
452 3229 502 3264 M
523 3229 537 3275 u
567 3232 613 3263 24
639 3228 752 3263 etiam
778 3239 843 3262 om.
870 3228 911 3263 F
919 3227 951 3263 Ο
