2092 3614
495 230 498 234 ’
522 255 672 292 COMM.
697 255 750 291 IN
778 254 919 291 Vnae.
947 255 1056 291 AEN.
1083 256 1170 292 v111
1195 260 1393 292 642—646.
1715 256 1799 298 291

94 367 302 406 occurrat.
363 378 463 406 saue
492 368 651 407 constat
676 368 775 419 post
801 366 1014 408 victoriam
1044 366 1092 407 de
1122 365 1303 408 Albanis
1332 365 1636 418 Romanorum,
1676 380 1802 420 quam

89 449 163 489 per
199 436 467 478 corwlitioriem
498 435 774 479 Horatiorum
811 440 850 479 et
879 435 1163 479 Curiatiorum
1199 437 1336 490 adepti
1375 441 1488 489 suut,
1531 438 1604 480 hoo
1643 438 1803 491 factum

92 520 175 549 esse
204 508 314 561 quod
340 507 413 549 hoc
444 507 526 550 looo
550 511 672 561 poeta
702 509 914 551 narravit:
951 522 1052 551 nam
1081 509 1424 562 quemadmodum
1455 510 1627 552 Mettius
1658 511 1718 553 vel
1748 513 1805 553 ad

92 579 299 621 auxilium
334 579 457 632 facile
493 579 577 621 uisi
607 580 744 622 iussus
772 580 972 622 venisset?
1011 580 1073 622 vel
1100 582 1193 634 post
1220 581 1424 634 ooyuilam
1453 581 1645 633 framlem
1676 584 1804 625 acciri

93 652 179 692 tam
212 650 336 702 facile
363 651 580 706 potuisset,
619 651 706 693 uisi
742 654 955 705 tamquam
989 651 1187 694 subiectus
1223 652 1553 705 oouyratulatum
1589 654 1802 696 victoriam

92 722 150 763 ad
181 721 348 764 Tullum
378 722 610 764 Hostilium
639 722 839 765 venissel?

212 793 310 835 646.
359 803 452 834 NEC
484 804 582 835 NON
614 805 907 844 TARQVINIVM
943 805 1148 837 EIECTVM
1187 806 1433 838 PORSENNA
1464 808 1667 839 IVBEBAT
1699 798 1801 840 Tar-

94 864 267 920 quinius
300 863 519 920 Superbus
551 864 706 907 habuit
736 862 929 920 perditos
967 865 1098 920 filios,
1135 866 1248 907 inter
1284 881 1392 921 quos
1424 866 1672 910 Arruntem.
1729 871 1802 924 qui

92 935 200 977 dum·
232 936 279 977 in
316 938 471 979 castris
511 938 643 992 esset,
680 939 803 991 patre
842 951 920 979 suo
952 936 1140 979 Ardeam
1179 937 1419 994 obsidente,
1458 942 1502 981 et
1534 942 1654 982 ortus
1687 943 1803 983 esset

90 1007 206 1049 inter
243 1022 340 1049 eum
380 1011 423 1050 et
460 1006 743 1063 Collatinum,
787 1008 990 1050 maritum
1028 1007 1269 1064 Lucretiae,
1314 1008 1365 1051 de
1402 1011 1610 1054 uxoribus
1649 1027 1802 1068 sermo,

93 1093 143 1121 eo
175 1093 309 1134 usque
341 1079 554 1135 processit
578 1080 816 1135 contentio,
847 1083 896 1122 ut
925 1080 976 1122 ad
1001 1080 1249 1135 probandos
1276 1095 1423 1124 earum
1449 1097 1590 1125 mores
1617 1084 1802 1139 arreptis

91 1151 211 1205 equis
257 1151 405 1193 statim
449 1151 600 1194 domos
644 1166 745 1193 suas
790 1152 920 1193 simul
969 1151 1356 1207 proficiscerentur.
1417 1154 1603 1210 ingressi
1653 1155 1801 1211 itaque

92 1217 313 1264 civitatem
340 1221 590 1277 Collatiam,
621 1222 807 1265 ubifuit
831 1222 1057 1265 Lucretiae
1083 1223 1254 1279 domus,
1285 1225 1542 1268 invenerunt
1567 1240 1663 1268 eam
1695 1226 1803 1274 lani-

92 1292 188 1336 ficio
222 1308 399 1350 operam
432 1294 606 1348 dantem
640 1297 682 1337 et
712 1295 882 1337 tristem
913 1298 1091 1351 propter
1122 1295 1271 1338 mariti
1303 1296 1557 1340 absentiam.
1617 1298 1716 1341 inde
1749 1298 1802 1340 ad

94 1365 296 1407 Arruntis
330 1365 504 1408 domum
536 1365 722 1421 profecti
753 1381 850 1408 cum
881 1381 1059 1409 uxorem
1092 1367 1181 1410 eius
1210 1367 1478 1411 invenissent
1502 1370 1728 1412 cantilenis
1761 1371 1804 1411 et

92 1436 398 1479 saltationibus
442 1437 760 1494 indulgentem,
809 1438 971 1481 reversi
1015 1438 1069 1480 ad
1113 1441 1258 1481 castra
1301 1443 1415 1483 sunt.
1476 1441 1590 1496 quod
1634 1440 1802 1483 Arruns

91 1508 241 1551 dolens
274 1523 370 1551 cum
403 1509 454 1551 de
481 1509 768 1565 expugnanda
793 1509 1019 1552 Lucretiae
1046 1510 1248 1553 castitate
1275 1511 1504 1567 cogitaret,
1536 1513 1683 1555 mariti
1710 1513 1801 1555 eius

90 1581 263 1623 nomine
289 1581 524 1636 epistulam
548 1581 673 1623 finxit
699 1583 742 1623 et
768 1581 885 1624 dedit
909 1581 1153 1637 Lucretiae,
1185 1582 1231 1624 in
1264 1597 1349 1638 qua
1379 1583 1462 1626 hoc
1487 1585 1803 1640 continebatur,

91 1654 140 1693 ut
163 1651 330 1694 Arruns
356 1652 645 1707 susciperetur
670 1652 876 1708 hospitio.
926 1668 1010 1709 quo
1036 1653 1153 1697 facto
1180 1669 1257 1709 per
1281 1657 1452 1697 noctem
1479 1656 1630 1698 stricto
1657 1656 1802 1712 gladio

92 1722 184 1765 eius
223 1723 447 1779 ingressus
485 1723 730 1767 cubiculum
769 1739 866 1766 cum
905 1724 1138 1780 Aethiope,
1181 1725 1263 1768 hac
1307 1727 1398 1767 arte
1443 1726 1533 1782 egit
1572 1729 1622 1769 ut
1659 1741 1802 1769 secum

92 1794 243 1846 coiret,
274 1794 418 1837 dicens
452 1793 558 1836 ‘nisi
590 1795 757 1837 mecum
787 1796 1086 1852 concubueris,
1118 1795 1381 1851 Aethiopem
1412 1799 1556 1840 tecum
1588 1799 1803 1854 interimo,

90 1867 313 1920 tamquam
351 1865 397 1907 in
436 1865 647 1908 adulterio
686 1865 1070 1921 deprehenderim'.
1133 1867 1294 1910 timens
1332 1868 1480 1924 itaque
1511 1869 1712 1913 Lucretia
1749 1885 1803 1912 ne

91 1936 307 1979 castitatis
349 1951 495 1979 amore
532 1937 694 1980 famam
733 1937 1001 1993 deperderet,
1044 1939 1204 1994 quippe
1242 1953 1373 1994 quam
1414 1940 1506 1982 sine
1544 1942 1802 1997 purgatione

92 2007 281 2050 futuram
325 2023 419 2051 esse
460 2010 686 2065 cernebat,
723 2009 862 2052 invita
899 2010 1098 2065 turpibus
1137 2010 1330 2065 imperiis
1367 2012 1523 2066 paruit.
1586 2014 1629 2054 et
1666 2013 1802 2055 altero

92 2079 159 2121 die
186 2080 435 2122 convocatis
461 2081 735 2136 propinquis,
763 2080 923 2123 marito
945 2079 1182 2136 Collatino,
1212 2083 1335 2136 patre
1362 2081 1638 2138 Tricipitino,
1665 2083 1801 2127 Bruto

58 2174 60 2176 ·
92 2152 319 2206 avunculo,
351 2152 425 2207 qui
456 2152 656 2195 tribunus
689 2152 880 2208 equitum
913 2153 1099 2195 celerum
1125 2153 1284 2207 fuerat,
1309 2167 1401 2194 rem
1432 2153 1645 2210 indicans,
1678 2156 1804 2210 petiit

92 2237 144 2264 ne
181 2223 368 2265 violatus
412 2224 567 2280 pudor,
610 2239 718 2268 neve
762 2225 926 2267 inultus
968 2225 1060 2267 eius
1105 2226 1220 2267 esset
1259 2225 1479 2281 interitus,
1525 2228 1568 2267 et
1608 2227 1802 2269 coniecto

189 2356 208 2388 7
234 2351 458 2398 Tarquinius
484 2353 674 2399 Superbus
700 2365 730 2389 e.
757 2366 792 2399 q.
818 2354 862 2401 3.]
890 2365 1004 2390 exscr.
1032 2354 1217 2400 mythogr.
1244 2353 1262 2389 I
1289 2358 1333 2390 74

189 2475 206 2506 1
234 2471 455 2508 uictoariam
481 2472 521 2507 F
536 2475 548 2517 ΙΙ
579 2476 600 2508 2
627 2473 855 2509 curatiorum
881 2474 922 2509 F
937 2476 949 2521 Η
965 2474 1119 2509 vfactum
1145 2475 1203 2509 est
1227 2473 1268 2508 F
1290 2474 1301 2520 ΙΙ
1333 2478 1353 2508 3
1380 2473 1517 2509 Metius
1546 2473 1801 2510 Oommeliuus:

91 2519 146 2554 dii
170 2519 306 2555 metius
331 2519 372 2554 F
407 2520 497 2555 dum·
522 2521 560 2556 et
583 2521 639 2555 ius
667 2521 805 2557 Daniel
835 2523 846 2568 ΙΙ
877 2522 926 2557 ad
951 2522 1130 2557 auxilium
1159 2521 1384 2556 Masvicius:
1412 2521 1461 2556 ad
1486 2532 1552 2558 om.
1580 2522 1620 2556 F
1642 2524 1654 2569 ΙΙ
1685 2527 1707 2557 4
1731 2522 1803 2557 nisi

94 2566 350 2603 Commelirius:
376 2567 461 2602 misi
485 2568 525 2602 F
541 2569 552 2615 ΙΙ
571 2568 735 2604 venisset
762 2568 1019 2605 Commeliuus:
1045 2567 1192 2604 uenisse
1213 2567 1254 2603 F
1269 2569 1281 2615 ΙΙ
1300 2567 1414 2603 acciri
1438 2570 1517 2604 tam
1544 2569 1801 2605 Commeliuus:

93 2614 288 2650 attirenit‘ci.
313 2615 353 2649 F
388 2615 624 2651 atciremtam
650 2616 788 2651 Dauiel
817 2618 830 2662 u
867 2620 888 2652 8
913 2617 1010 2652 filios
1035 2615 1200 2661 perditos
1227 2615 1314 2651 LH
1341 2617 1353 2663 ΙΙ
1390 2620 1411 2651 9
1438 2618 1520 2651 erat
1544 2617 1578 2651 L
1604 2617 1717 2663 (esset
1742 2619 1767 2660 l)
1792 2618 1802 2664 l,

97 2665 138 2696 10
165 2661 379 2708 Lucretiae]
414 2663 452 2698 et
483 2664 672 2698 arruntem
704 2663 822 2699 filium
846 2664 1026 2709 tarquinii
1052 2663 1203 2709 superbi
1228 2663 1267 2699 et
1291 2664 1403 2699 bruto
1429 2663 1607 2708 magistro
1634 2665 1803 2710 equitum

93 2710 177 2744 adel.
208 2710 261 2746 M.
291 2710 302 2756 ΙΙ
341 2713 384 2744 13
412 2710 627 2745 collatinam
654 2711 688 2745 L
725 2711 938 2746 collaetiam
968 2711 1012 2746 H
1047 2710 1238 2747 colletiam
1267 2711 1316 2745 M
1343 2713 1356 2758 ΙΙ
1395 2715 1439 2746 14
1464 2710 1512 2746 ad
1538 2723 1604 2748 om.
1630 2712 1704 2747 AS
1714 2713 1762 2747 M
1793 2712 1805 2759 ΙΙ

97 2760 138 2791 15
159 2756 327 2792 adruntis
349 2757 399 2791 M
414 2758 427 2803 ΙΙ
448 2762 491 2793 16
516 2758 633 2804 quod]
660 2758 708 2793 ad
733 2759 817 2803 (pro
837 2760 891 2803 at)
912 2758 953 2793 F
968 2761 980 2804 u
1001 2762 1044 2794 18
1063 2758 1103 2793 in
1123 2770 1196 2804 quo
1216 2758 1309 2793 LM
1340 2761 1379 2793 in
1400 2770 1443 2794 co
1463 2759 1508 2793 Η
1522 2760 1534 2805 ΙΙ
1553 2764 1598 2795 20
1619 2760 1804 2805 Aethiope

124 2830 131 2838 .
154 2834 161 2841 .
189 2804 430 2839 concubueris
456 2816 522 2840 om.
543 2804 583 2839 F
599 2806 611 2852 ΙΙ
630 2807 669 2840 ut
696 2817 822 2841 secum
848 2817 914 2842 om.
942 2806 977 2841 L
1003 2806 1103 2852 (add.
1129 2807 1155 2851 l)
1174 2807 1186 2852 ΙΙ
1212 2810 1256 2841 21
1285 2805 1384 2841 coire
1409 2806 1444 2840 L
1470 2807 1576 2852 (corr.
1603 2808 1630 2852 l)
1651 2809 1662 2854 ΙΙ
1688 2811 1731 2843 22
1758 2806 1803 2843 ti-

93 2863 197 2887 mens
215 2851 344 2897 itaque
364 2851 538 2888 Lucretia
558 2881 565 2888 .
588 2881 595 2888 .
619 2881 625 2888 .
647 2852 804 2899 uirgatis
831 2864 919 2899 ergo
946 2864 988 2888 ac
1014 2852 1046 2888 si
1073 2852 1215 2889 diceret
1239 2852 1455 2899 purpuratis
1476 2854 1521 2899 (v.
1543 2856 1626 2900 660)
1653 2867 1719 2891 om.
1736 2855 1776 2889 H
1794 2856 1803 2899 l*

92 2911 138 2934 ne
165 2899 348 2935 castitatis
373 2910 500 2936 amore
526 2899 666 2935 famam
691 2911 769 2946 eqo:
796 2912 842 2936 ne
867 2900 1007 2936 famam
1034 2900 1219 2937 eastitatis
1246 2911 1413 2936 amorem
1432 2901 1468 2936 A
1506 2913 1552 2937 ne
1577 2902 1717 2937 famam
1746 2913 1803 2937 ca-

93 2946 232 2982 stitatis
257 2958 383 2983 amore
404 2947 462 2983 Sa
497 2958 544 2982 ne
572 2947 754 2983 castitatis
779 2948 920 2984 famam
945 2959 1070 2984 amore
1089 2948 1229 2984 RLM
1263 2959 1309 2984 ne
1330 2949 1516 2984 eastitatis
1536 2949 1672 2984 famam
1695 2950 1803 2985 casti-

93 2993 183 3029 tatis
208 3005 332 3030 amore
359 2993 401 3029 F
433 2997 480 3030 ne
506 2995 692 3031 castitatis
718 2995 857 3031 famam
885 2996 1006 3032 morte
1032 2995 1235 3032 Fabricius
1271 2996 1283 3042 11
1320 2999 1363 3030 23
1392 2995 1530 3041 quippe
1557 3009 1669 3041 quam
1696 2997 1803 3032 deine

94 3041 328 3077 dubitatione
354 3041 480 3077 futura
505 3054 584 3078 esse
612 3043 788 3078 cernebat
813 3043 853 3077 F
869 3044 880 3090 ΙΙ
900 3046 946 3078 24
971 3039 1091 3080 altera
1116 3043 1156 3078 F
1172 3045 1183 3090 ΙΙ
1203 3046 1247 3077 25
1274 3042 1482 3088 tripicitino
1509 3045 1581 3079 AS
1599 3046 1611 3091 fl
1631 3049 1684 3079 26-
1702 3044 1802 3087 equi-

93 3089 173 3122 tum
208 3100 274 3124 om.
301 3089 341 3123 F
368 3091 380 3134 ss
417 3090 598 3126 scelerum
624 3090 663 3124 F
691 3092 703 3137 fl
740 3095 784 3126 27
817 3090 981 3126 uiolatus
1007 3091 1042 3126 ei
1067 3091 1186 3136 pudor
1211 3090 1247 3124 A
1284 3089 1448 3126 uiolatus
1475 3092 1555 3126 eius
1581 3093 1700 3137 pudor
1725 3091 1761 3125 R
1793 3090 1805 3136 Η

95 3136 194 3170 esset
214 3164 221 3171 .
244 3165 251 3172 .
273 3164 280 3171 .
301 3136 438 3172 Brutus
464 3138 508 3172 de
535 3149 601 3173 om.
622 3138 656 3172 L
683 3138 782 3183 (aad.
803 3139 829 3183 l)
849 3140 861 3183 ΙΙ
879 3137 1045 3174 indultus
1073 3138 1113 3173 F
1128 3140 1140 3184 ΙΙ
1159 3137 1329 3173 coniecto
1355 3139 1656 3184 mythoyraphus:
1684 3138 1816 3172 eiecto-

95 3182 256 3273 i‘lSRfF
292 3187 446 3229 accepto
480 3185 547 3220 Ml
585 3186 708 3220 erecto
734 3185 936 3222 Fabricius
973 3186 1122 3222 detecto
1149 3185 1402 3221 Burmannus.
1448 3189 1574 3221 exerto
1601 3186 1647 3221 F.
1663 3185 1801 3220 Schoel-

108 3229 176 3264 ius.
234 3233 301 3266 ort.
327 3232 478 3276 arrepto

1454 3291 1518 3326 19*

1827 659 1848 690 5

1830 1016 1872 1047 10

1831 1374 1874 1405 15

1828 1731 1875 1762 20

1828 2066 1903 2119 25'
