2124 3600
541 242 696 280 COMM.
721 242 772 279 IN
802 242 942 279 VERG.
968 243 1081 279 AEN.
1109 243 1160 279 VI
1188 248 1388 280 534—545.
1773 246 1825 287 77

109 354 203 407 net3
245 351 282 394 si
318 366 396 407 per
434 354 624 408 noctem,
662 353 823 397 finitur,
945 365 1135 397 FLENDO
1173 354 1365 409 proprie:
1407 370 1508 396 nam
1546 358 1589 397 et
1625 355 1828 398 lacrimae

112 425 156 465 et
187 424 374 479 gemitus
406 423 588 467 fuerant.

231 494 330 538 540.
380 507 546 538 FINDIT
574 508 622 538 IN
649 508 802 551 AMBAS
835 496 1200 552 compendiosius,
1234 512 1363 553 quam
1397 499 1432 539 si
1466 497 1616 540 ‘duas'
1650 498 1827 542 diceret:

110 568 362 621 poteramus
390 567 503 609 enim
531 567 661 610 etiam
688 568 864 611 tertiam
895 583 1079 624 sperare.
1131 569 1193 611 810
1221 567 1451 611 Sallustius
1477 570 1619 611 inter
1651 585 1827 613 secun-
1863 627 1867 630 ἡ

110 632 224 680 dum
257 640 410 694 atque
442 639 677 681 ultimum
713 640 900 682 bellum
931 639 1369 697 Carthaginiense
1401 655 1487 683 non
1515 641 1578 682 ait
1605 640 1825 684 ‘tertium'.
1852 650 1874 682 5

230 709 329 752 542.
379 722 486 752 ITER
509 722 715 753 ELYSIVM
741 711 794 753 ad
814 710 1036 766 Elysium:
1063 712 1113 754 de
1140 727 1224 767 quo
1251 712 1439 754 diximus
1460 727 1592 768 supra
1611 713 1679 768 <V
1702 714 1825 769 735).

171 789 398 825 MALORVM
430 782 683 839 impiorum,
715 785 763 824 ut
794 782 842 837 <1
869 782 985 838 352>
1019 784 1180 826 multa
1212 784 1378 828 malus
1412 784 1664 827 simulans
1696 799 1828 828 vana

107 866 191 906 spe
223 853 347 896 lusit
375 857 632 897 amantem.

231 924 330 967 543.
380 937 508 967 IMPIA
542 937 758 969 TARTARA
790 926 864 969 ubi
895 926 1134 982 puniuntur
1163 927 1300 983 impii.

230 995 329 1040 544.
378 1009 439 1040 NE
466 1009 601 1040 SAEVI
633 1013 687 1039 ne
719 998 922 1040 irascere:
954 997 1181 1041 Terentius
1214 1014 1273 1041 ne
1307 999 1450 1042 saevi
1481 1002 1631 1042 tanto
1658 1014 1826 1054 opere.
1854 1009 1897 1039 10

111 1070 155 1109 et
186 1068 363 1124 antique
397 1068 558 1112 dictum
591 1071 673 1111 est:
706 1084 806 1112 nam
838 1083 954 1112 1111110
987 1069 1055 1112 ene
1081 1069 1264 1113 saevias'
1298 1070 1497 1127 dicimus,
1528 1087 1607 1114 nec
1641 1072 1825 1127 impera—

108 1138 244 1181 tivum
279 1139 500 1196 iungimus
533 1140 735 1184 adverbio
768 1141 1037 1196 imperantis.

228 1209 326 1253 545.
375 1222 592 1254 EXPLEBO
625 1224 857 1255 NVMERVM
895 1217 944 1255 ut
982 1212 1165 1256 diximus
1199 1228 1347 1269 supra,
1390 1213 1618 1271 ‘explebo'
1651 1216 1718 1257 081
1749 1213 1826 1256 1111-

108 1296 257 1324 nuam:
308 1297 407 1324 nam
462 1282 524 1324 ait
566 1281 734 1325 Ennius
788 1283 1010 1326 navibus
1062 1284 1343 1340 explebant
1393 1300 1503 1328 sese
1552 1287 1827 1341 terrasque

110 1354 406 1409 replebant,
431 1368 558 1409 quem
578 1354 718 1410 Caper
744 1358 916 1414 secutus
943 1371 1038 1398 cum
1067 1355 1118 1398 de
1145 1357 1468 1412 praepositione
1494 1355 1578 1400 ‘ex'
1604 1350 1828 1413 tractaret,
1856 1365 1898 1398 15

109 1424 192 1467 1100
223 1425 465 1481 exemplum
498 1426 656 1480 posuit.
712 1441 862 1469 sensus
896 1440 999 1483 ergo
1033 1430 1117 1470 est:
1149 1428 1343 1471 minuam
1375 1431 1569 1471 vestrum
1600 1438 1828 1471 numerum

109 1498 153 1538 et
178 1496 332 1540 reddar
356 1496 559 1539 tenebris.
603 1512 703 1539 nam
730 1497 844 1539 circa
866 1497 1041 1540 Aenean
1067 1502 1110 1542 et
1132 1498 1350 1556 Sibyllam
1370 1499 1535 1555 aliquid
1560 1499 1669 1542 lucis
1695 1500 1828 1543 fuisse

108 1568 421 1625 intellegimus,
460 1568 619 1624 quippe
658 1568 771 1610 circa
802 1569 942 1612 vivos:
984 1570 1097 1612 unde
1128 1571 1259 1627 paulo
1291 1573 1394 1626 post
1427 1570 1573 1626 <548>
1605 1571 1828 1627 respicit

108 1639 310 1682 Aeneas
350 1640 527 1682 subito
563 1641 607 1700 et
639 1640 816 1695 reliqua.
880 1640 954 1682 alii
988 1640 1200 1698 ‘explebo'
1234 1643 1346 1685 male
1378 1644 1536 1698 putant
1566 1641 1826 1699 ‘complebo’

110 1725 222 1766 esse,
253 1711 501 1754 umbrarum
529 1711 695 1754 80111001
722 1726 747 1753 a
773 1711 929 1767 quibus
955 1712 1212 1756 discesserat
1236 1728 1475 1757 numerum.
1527 1714 1601 1756 alii
1628 1713 1826 1771 ‘explebo
1852 1723 1897 1755 20

108 1781 350 1824 numerum'
383 1782 532 1825 dicunt
564 1797 657 1824 esse
689 1783 838 1838 finiam
871 1785 1041 1839 tempus
1075 1787 1285 1828 statutum
1317 1785 1568 1841 purgationi
1595 1788 1638 1828 et
1662 1786 1709 1828 in
1736 1801 1825 1829 001-

108 1868 189 1908 pus
220 1868 457 1909 recurram,
490 1856 538 1896 ut
568 1854 652 1896 hoc
678 1854 736 1896 sit
761 1854 1016 1911 ‘reddarque
1042 1856 1248 1899 tenebris'
1270 1874 1324 1887 -ι
1345 1872 1447 1900 nam
1475 1857 1659 1914 legimus
1679 1852 1825 1912 <734>

107 1924 317 1966 clausae
354 1925 587 1967 tenebris
627 1928 676 1967 et
713 1940 922 1968 carcere
960 1941 1113 1971 caeco
1147 1953 1202 1958 —
1234 1930 1284 1970 ut
1322 1929 1380 1971 sit
1419 1943 1586 1971 sensus:
1628 1929 1826 1973 irasceris

110 1995 219 2037 mihi
246 1995 369 2050 quasi
401 1995 548 2051 homo,
585 2010 728 2038 nonne
755 1999 797 2038 et
823 2010 905 2053 ego
932 1997 1061 2040 homo
1088 1998 1260 2042 futurus
1287 1999 1414 2042 sum‘?
1447 2000 1521 2042 alii
1554 2000 1717 2042 dicunt:
1752 2015 1826 2043 cur
1873 2015 1875 2017 ·

107 2066 337 2108 irasceris?
367 2066 413 2108 in
444 2067 550 2109 locis
582 2067 650 2109 his
684 2082 798 2124 sum,
830 2068 1034 2124 quamdiu
1061 2069 1177 2112 vitae
1210 2085 1286 2126 per
1311 2071 1399 2113 vim
1426 2074 1601 2126 ereptae
1628 2072 1825 2126 expleam
1851 2079 1896 2111 25

108 2140 278 2192 tempus
287 2171 297 2192 ‚
322 2139 423 2193 post
448 2136 682 2195 ‘tenebris',
715 2139 758 2182 id
785 2142 852 2182 est
879 2140 984 2182 meis
1013 2140 1204 2197 sedibus,
1235 2135 1400 2184 reddar.
1446 2142 1520 2184 sed
1546 2135 1826 2185 haecomnia

109 2222 302 2264 congrua
333 2209 429 2251 loco
462 2224 546 2252 non
582 2224 675 2253 esse
708 2211 987 2254 manifestum
1014 2214 1098 2255 est:
1131 2227 1218 2256 non
1244 2213 1359 2255 enim
1391 2213 1645 2270 intellegere
1676 2229 1825 2269 possu-

204 2354 226 2385 4
252 2349 466 2396 Sallustius]
498 2350 585 2385 hist.
612 2351 744 2397 fragm.
773 2352 786 2386 l
813 2355 834 2387 8
861 2362 919 2397 ap.
948 2352 1127 2397 Dietsch„
1154 2352 1217 2389 1'9
1251 2364 1309 2400 ap.
1336 2353 1452 2389 Kritz.
1490 2356 1503 2401 ΙΙ
1544 2358 1586 2389 10
1611 2355 1823 2402 Terentius]

109 2398 223 2432 Andr.
246 2398 276 2431 V
296 2401 329 2441 2,
347 2399 394 2432 27
415 2399 427 2443 ΙΙ
455 2401 498 2433 13
525 2399 683 2444 explebo
710 2402 767 2434 est
791 2399 974 2446 minuam]
1001 2400 1057 2435 cf..
1075 2400 1167 2436 Don.
1196 2401 1244 2436 ad
1270 2402 1353 2437 Ter.
1381 2402 1460 2439 hec.
1486 2402 1520 2438 V
1542 2406 1572 2446 1,
1594 2405 1638 2437 28
1666 2403 1704 2438 01
1728 2403 1823 2438 Non.

109 2457 144 2490 p.
171 2448 252 2490 298,
281 2449 323 2480 12
350 2446 362 2491 ΙΙ
390 2448 433 2480 14
459 2445 616 2493 Ennius]
644 2457 727 2482 ann.
756 2459 788 2483 v.
816 2450 885 2483 310
912 2458 971 2493 ap.
999 2447 1107 2484 Vahl.

206 2578 227 2610 2
252 2574 403 2611 fuerant
447 2574 677 2622 deplorantis
703 2576 941 2623 Deiphobum
968 2578 1052 2613 add.
1079 2578 1120 2613 D
1137 2579 1150 2625 ΙΙ
1178 2583 1201 2614 4
1226 2580 1327 2615 enim
1352 2591 1418 2616 om.
1447 2580 1527 2616 FG
1545 2582 1557 2628 ΙΙ
1586 2585 1606 2617 5
1633 2582 1822 2628 ultimum]

108 2622 340 2667 postremum
408 2650 415 2659 .
453 2624 499 2667 cf.
521 2623 663 2659 Kritzii
686 2628 720 2660 et
744 2624 925 2661 Dietschii
950 2626 1215 2663 adnotationes.
1254 2628 1409 2671 fortasse
1434 2639 1478 2663 ex
1503 2629 1715 2674 Auyustino
1741 2630 1822 2666 Sor-

109 2671 210 2705 vium
230 2670 411 2715 plenioris
436 2672 686 2707 commentarii
710 2675 839 2707 auctor
864 2673 1031 2709 correxit.
1066 2675 1078 2720 ΙΙ
1116 2675 1374 2719 cartaginense
1402 2676 1436 2709 A
1463 2677 1759 2721 (cartag-incuses
1785 2680 1823 2722 a)

110 2717 404 2763 cartaginienses
436 2717 465 2753 S
508 2719 780 2764 certaginiense
812 2720 852 2754 H
896 2720 1182 2766 carthaginense
1217 2723 1266 2757 M
1306 2722 1565 2768 carthagiense
1597 2724 1637 2758 F
1678 2725 1822 2760 cartha—

110 2765 277 2810 giniense
297 2775 337 2800 se
359 2764 390 2800 0
404 2766 417 2811 ΙΙ
434 2765 526 2812 11011]
553 2777 640 2801 nam
659 2766 695 2801 R
714 2768 726 2812 ΙΙ
746 2771 766 2801 6
787 2779 963 2803 nnnrswu
983 2767 1013 2802 Ο
1029 2769 1041 2815 ΙΙ
1061 2779 1173 2814 supra
1193 2769 1351 2804 diximus
1371 2770 1448 2805 FO
1463 2771 1476 2816 ΙΙ
1496 2774 1516 2805 7
1535 2771 1735 2816 imperium
1756 2772 1796 2807 F
1811 2773 1823 2819 Η

110 2813 228 2848 malas
255 2812 286 2848 0
301 2813 314 2859 n
344 2816 388 2848 10
414 2825 482 2847 11Αο
510 2812 542 2847 O
556 2814 568 2859 ΙΙ
597 2815 792 2859 tantopere
817 2813 903 2849 RH
910 2815 959 2849 M
966 2814 1005 2849 F
1022 2817 1033 2862 ΙΙ
1063 2819 1106 2851 12
1133 2816 1381 2862 imperantis]
1397 2817 1507 2862 quasi
1531 2820 1710 2864 negantes
1736 2821 1821 2855 add.

110 2859 167 2903 M,
192 2870 261 2895 nec
286 2861 414 2895 autem
440 2861 480 2895 et
503 2871 577 2896 non
602 2861 776 2906 negantis
803 2862 888 2897 add.
915 2862 954 2896 D
972 2863 984 2908 ΙΙ
1006 2867 1048 2898 13
1074 2864 1118 2898 ut
1143 2875 1255 2909 supra
1280 2864 1439 2900 diximus
1467 2865 1515 2899 M
1552 2877 1664 2911 supra
1689 2877 1754 2902 om.
1783 2867 1820 2902 S.

111 2910 263 2942 ceterwm
288 2907 438 2943 Servius
462 2908 505 2943 in
528 2910 714 2952 superiore
739 2910 994 2944 commentamio
1018 2911 1113 2946 nihil
1138 2912 1181 2947 de
1205 2913 1273 2946 hac
1298 2923 1337 2946 re
1361 2913 1470 2948 dixit.
1499 2914 1511 2958 ΙΙ
1542 2913 1615 2959 081]
1642 2925 1740 2949 1111110
1766 2916 1822 2950 081

111 2954 184 2989 AS
201 2955 214 2999 ΙΙ
235 2957 279 2989 14
305 2955 402 3001 8080]
429 2956 474 2990 ffe‘
500 2957 559 2999 (=
579 2958 664 2996 esse)
690 2955 730 2990 F
745 2957 758 3002 ΙΙ
779 2960 822 2991 15
848 2956 1010 3001 replebit
1036 2957 1094 3004 011
1114 2959 1226 3003 caper
1245 2959 1288 2993 H
1303 2960 1316 3005 ΙΙ
1334 2958 1520 3004 positione
1539 2960 1575 2994 R
1594 2962 1606 3007 Η
1627 2964 1670 2996 16
1696 2973 1821 2996 80118118

113 3002 170 3035 est
196 3012 283 3047 ergo
309 3001 338 3037 S
354 3003 366 3047 ΙΙ
392 3001 559 3037 minuum
585 3002 625 3037 F
658 3004 851 3038 muniuam
879 3002 911 3038 G
924 3005 937 3048 ΙΙ
961 3005 1125 3040 uestram
1152 3006 1188 3040 R
1206 3007 1218 3051 ΙΙ
1248 3010 1290 3041 19
1318 3009 1356 3041 01
1379 3006 1540 3053 reliqua]
1569 3010 1607 3043 et
1632 3010 1756 3043 cetera
1782 3007 1822 3050 G,

112 3058 178 3083 om.
205 3047 245 3082 F
253 3049 301 3083 M
331 3050 343 3094 Ι]
374 3053 419 3084 20
446 3050 541 3094 0880]
568 3060 695 3085 earum
721 3050 761 3085 F
795 3061 922 3086 eurum
953 3051 984 3087 O
1019 3052 1060 3087 ei:
1086 3052 1131 3087 H
1157 3054 1169 3099 ΙΙ
1200 3057 1243 3087 21
1271 3052 1398 3088 finiam
1423 3055 1587 3099 tempus]
1612 3055 1764 3090 finiant&
1793 3055 1825 3089 0

71 3146 75 3150 .
112 3117 278 3154 finiamte
303 3119 449 3165 tempus
471 3120 514 3155 H
546 3120 692 3155 finitum
717 3122 865 3166 tempus
886 3121 1095 3167 Stephanus
1112 3123 1125 3168 ΙΙ
1144 3126 1189 3158 24
1215 3110 1336 3158 nonne
1358 3122 1390 3158 G
1404 3125 1416 3169 ΙΙ
1436 3126 1474 3159 01
1498 3136 1563 3160 om.
1585 3125 1690 3170 Fon
1708 3125 1821 3160 homo

113 3174 178 3200 (rm.
198 3165 237 3200 H
252 3167 264 3212 ΙΙ
284 3177 363 3201 811111
389 3166 536 3202 futurus
556 3168 591 3202 A
618 3168 861 3214 (transposuit
880 3171 916 3209 a)
936 3170 948 3215 ΙΙ
967 3173 1012 3204 25
1037 3170 1154 3216 vitae]
1182 3170 1326 3206 unitate
1347 3171 1391 3205 H
1404 3172 1416 3218 ΙΙ
1436 3173 1601 3217 ereptae]
1629 3171 1819 3216 purgatio·

114 3211 171 3244 nis
189 3213 274 3247 add.
291 3213 340 3247 M
356 3213 368 3259 ΙΙ
387 3217 432 3248 26
451 3214 489 3248 id
511 3216 568 3249 est
588 3214 695 3261 meis]
716 3214 810 3252 ineis
826 3214 857 3250 0
872 3216 884 3262 ΙΙ
903 3219 947 3251 27
963 3227 1129 3262 congrua
1148 3217 1231 3252 loeo
1251 3218 1490 3254 manifestum
1511 3220 1568 3253 est
1586 3229 1660 3253 non
1680 3229 1757 3254 esse
1773 3219 1821 3253 M
