2092 3614
277 1010 319 1042 10

274 1368 315 1399 15

269 1725 314 1756 ‘30

351 247 435 291 186
1121 253 1280 290 SERVII

469 359 565 401 710.
614 371 856 403 AMITERNA
900 372 1083 405 conons
1134 362 1185 404 de
1206 361 1458 406 'Amiterno
1509 365 1677 419 oppido.
1809 377 2053 418 PRISCIQVE

348 441 563 480 QVIRITES
601 431 643 473 id
677 434 744 474 est
775 430 936 475 Sabini.
999 434 1131 488 prisci
1173 436 1316 476 autem
1353 434 1468 490 ideo,
1508 436 1610 491 quia
1647 438 1748 492 post
1785 437 1934 480 foedus
1967 438 2055 480 Titi

347 502 390 542 et
415 500 591 544 Romuli
621 503 788 559 placuit
817 508 867 547 ut
898 506 1022 560 quasi
1054 520 1164 547 unus
1197 505 1247 547 de
1280 505 1445 548 duobus
1477 507 1601 551 fieret
1632 509 1838 564 populus:
1870 509 1982 552 unde
2013 513 2057 552 et

347 572 533 616 Romani
565 572 752 624 Quirites
791 575 894 619 dicti
934 578 1053 632 sunt,
1092 577 1205 632 quod
1242 591 1400 619 nomen
1433 576 1691 621 Sabinorum
1721 579 1864 623 fuerat
1895 596 1921 623 a
1952 581 2053 624 civi-

346 645 437 686 tate
469 643 672 701 Curibus,
704 649 748 688 et
779 646 928 690 Sabini
961 663 986 689 a
1017 647 1204 690 Romulo
1235 648 1421 690 Romani
1454 647 1558 691 dicti
1590 653 1702 694 sunt.

467 717 563 760 711.
612 730 757 760 ERETI
794 730 951 762 MANVS
990 731 1132 763 OMNIS
1174 719 1382 775 oppidum
1421 722 1488 762 est
1526 720 1688 764 dictum
1726 737 1751 764 a
1786 721 1970 779 Iunone,
2011 723 2055 766 id

345 790 411 830 est
430 784 566 845 Ἥρα,
598 804 708 845 quae
739 790 830 832 illic
861 790 1027 833 colitur.
1133 802 1507 842 OLIVIFERAEQVE
1538 804 1787 836 MVTVSCAE
1818 793 1925 837 haec
1956 794 2055 838 Tre-

345 858 418 901 bia
448 861 601 914 postea
627 860 742 903 dicta
768 863 853 916 est,
884 876 1012 917 quam
1039 861 1167 904 modo
1188 861 1421 906 Trebulam
1446 863 1606 906 dicunt.
1651 865 1763 919 apud
1790 880 1918 920 quam
1938 866 2053 909 Han-

343 930 463 972 nibal
497 931 655 973 delevit
680 932 886 987 populum
913 932 1176 975 Romanum:
1208 932 1407 976 Lucanus
1434 934 1613 990 <1146>
1641 934 1929 979 Cannarum
1955 937 2053 980 fui-

345 1015 453 1044 mus
486 1001 806 1059 Trebiaeque
838 1004 1092 1046 iuventus.

465 1073 561 1116 712.
614 1085 695 1124 QVI
732 1086 999 1118 NOMENTVM
1037 1088 1193 1118 VRBEM
1230 1076 1312 1122 hoc
1344 1092 1395 1119 ex
1433 1092 1512 1120 sua
1549 1093 1734 1133 persona
1771 1079 1876 1122 dicit
1906 1083 2053 1135 poeta:

342 1160 442 1186 nam
476 1144 613 1187 adhuc
645 1145 797 1188 civitas
829 1146 1109 1190 Nomentana
1139 1162 1227 1190 non
1259 1148 1417 1203 fuerat,
1450 1151 1498 1191 ut
1523 1149 1568 1192 in
1594 1152 1715 1193 sexto
1741 1151 1804 1193 ait
1831 1150 1974 1206 <773>
1999 1151 2052 1194 hi

342 1216 439 1259 tibi
482 1216 792 1260 Nomentum
837 1221 888 1261 et
933 1217 1144 1274 Gabios,
1188 1219 1294 1261 item
1339 1219 1485 1275 (776)
1529 1220 1654 1264 haec
1698 1225 1802 1265 tum
1846 1223 2053 1265 nomina

342 1290 510 1343 erunt,
547 1303 678 1331 nunc
717 1291 836 1331 sunt
873 1289 985 1332 sine
1016 1290 1219 1333 nomine
1251 1293 1434 1334 terrae,
1557 1304 1704 1336 ROSEA
1736 1305 1860 1336 RVRA
1893 1306 2051 1337 VELINI

341 1358 523 1402 Velinus
561 1359 681 1402 lacus
719 1362 786 1403 est
815 1361 926 1404 circa
956 1362 1084 1405 Reate
1113 1362 1234 1405 iuxta
1266 1376 1436 1419 agrum,
1478 1364 1551 1419 qui
1582 1363 1828 1407 Rosulanus
1861 1367 2050 1410 vocatur.

341 1430 482 1473 Varro
523 1432 671 1473 tamen
712 1431 817 1474 dicit
858 1433 997 1475 lacum
1038 1433 1151 1476 hunc
1193 1448 1219 1476 a
1256 1434 1442 1490 quodam
1484 1435 1659 1479 consule
1700 1437 1744 1479 in
1781 1436 1939 1480 Narem
1983 1437 2051 1480 vel

341 1501 523 1544 Nartem
545 1502 723 1546 fluvium
743 1502 984 1546 derivatum
1011 1528 1061 1534 —
1081 1519 1183 1547 nam
1209 1507 1441 1561 utrumque
1466 1506 1622 1549 dicitur
1644 1531 1693 1538 —
1718 1522 1811 1550 esse
1837 1507 2051 1552 diffusum.

341 1576 442 1628 post
474 1574 589 1629 quod
619 1576 746 1617 tanta
778 1576 844 1617 est
875 1575 971 1617 loca
1002 1578 1151 1618 secuta
1188 1575 1411 1632 fertilitas,
1449 1579 1498 1619 ut
1529 1579 1660 1620 etiam
1691 1578 1881 1633 perticae
1912 1579 2050 1635 longi-

341 1645 536 1687 tudinem
569 1645 753 1688 altitudo
780 1648 1004 1701 supcraret
1034 1646 1282 1689 herbarum:
1315 1648 1420 1703 quin
1445 1648 1577 1691 etiam
1604 1652 1810 1705 quantum
1836 1664 1912 1705 per
1936 1649 2049 1692 diem

341 1716 564 1771 demptum
606 1720 737 1770 esset,
781 1720 954 1760 tantum
995 1733 1073 1773 per
1112 1720 1260 1761 noctes
1301 1719 1538 1762 crescebat:
1583 1720 1697 1776 quod
1733 1719 1954 1777 Vergilius
1995 1721 2050 1763 ad

340 1803 464 1830 suam
494 1789 762 1844 provinciam
793 1790 1037 1845 transtulit,
1075 1789 1222 1832 dicens
1261 1793 1311 1833 et
1348 1794 1591 1846 quantum
1630 1792 1804 1848 longis
1837 1794 2049 1847 carpent

339 1862 574 1903 armenta
606 1859 804 1916 diebus,
842 1861 1026 1918 exigua
1057 1863 1257 1904 tantum
1289 1862 1491 1919 gelidus
1524 1877 1607 1906 ros
1637 1865 1788 1906 nocte
1819 1866 2048 1919 reponet.

434 2029 478 2060 21
506 2026 546 2061 et
571 2026 770 2074 quantum]
796 2037 925 2073 georg.
952 2026 986 2061 II
1012 2030 1079 2063 201

439 2185 456 2215 1
484 2167 535 2216 ad
554 2181 747 2218 Amiterna
773 2182 904 2218 cohors
929 2183 971 2218 in
989 2193 1103 2228 mary.
1123 2182 1168 2217 de
1194 2182 1377 2218 amiterno
1403 2182 1542 2227 oppido
1568 2181 1781 2217 sabinorum
1806 2194 1851 2218 ex
1876 2194 1949 2227 quo
1974 2182 2047 2219 fuit

342 2228 543 2264 sallustius.
595 2230 634 2264 et
659 2227 845 2265 amiterna
869 2229 965 2264 dixit
989 2241 1055 2275 pro
1082 2229 1306 2265 amiternina
1331 2231 1369 2265 et
1393 2229 1533 2264 dictum
1560 2230 1618 2264 est
1644 2229 1823 2274 oppidum
1849 2240 1872 2264 a
1896 2229 2046 2266 flumine

344 2275 405 2321 ΤΙ
392 2276 405 2321 ΙΙ
425 2280 445 2311 2
473 2275 566 2322 Titi]
594 2276 679 2311 tatii
704 2277 745 2311 F
760 2278 772 2322 ΙΙ
791 2281 813 2311 4
840 2277 994 2322 quirites
1020 2288 1085 2312 om.
1102 2278 1149 2311 M
1168 2278 1221 2322 {lq
1224 2277 1298 2312 uod
1324 2288 1486 2313 nomen.
1538 2276 1658 2312 ‚dicti
1684 2278 1769 2312 sunt
1793 2288 1859 2312 om.
1874 2277 1908 2311 L
1933 2279 1972 2322 (q
1973 2277 2047 2313 uod

439 2322 569 2358 Sabini
593 2324 677 2359 add.
699 2325 724 2368 l)
744 2326 909 2370 fflnomen
935 2336 1000 2360 om.
1016 2324 1059 2359 H
1075 2326 1086 2370 ΙΙ
1106 2328 1126 2359 5
1155 2323 1300 2370 Sabini]
1327 2322 1455 2358 Sabini
1479 2303 1643 2366 Quirites
1668 2325 1760 2361 coni.
1774 2323 2016 2360 Burmannus
2035 2324 2047 2367 ΙΙ

342 2350 450 2417 dicti]
476 2371 600 2406 uocati
625 2370 694 2406 SR
712 2373 725 2416 ΙΙ
745 2376 764 2407 7
790 2383 879 2407 nme
903 2372 938 2406 L
973 2372 1025 2416 hp
1028 2382 1051 2407 a
1075 2371 1121 2406 H
1155 2382 1248 2406 cnm.
1274 2372 1323 2406 M
1361 2382 1585 2407 ΑηοΤεωεΡΛε
1609 2370 1639 2406 S
1673 2382 1745 2408 ano
1769 2382 1833 2407 mc
1858 2383 1945 2407 urat
1963 2371 2050 2407 RF

342 2429 488 2452 Απωτε(
506 2429 596 2453 ΗΡΑ(
615 2419 627 2453 Ζ
645 2420 658 2464 ΙΙ
675 2418 789 2454 triuia
809 2418 896 2453 RH
922 2418 1042 2454 treuia
1063 2419 1111 2453 M
1127 2419 1140 2464 ΙΙ
1159 2421 1180 2452 8
1206 2419 1308 2454 dicta
1334 2422 1390 2454 est
1415 2418 1547 2464 postea
1565 2418 1684 2454 SRF
1699 2421 1711 2465 ΙΙ
1729 2419 1915 2454 trebulam
1937 2419 1986 2454 M
1991 2419 2045 2454 1

341 2464 521 2500 tribulam
545 2466 689 2510 reliqui.
727 2467 773 2509 cf.
796 2467 898 2502 Plin.
924 2470 1000 2502 nat.
1025 2467 1107 2501 hist.
1128 2465 1180 2500 III
1200 2470 1220 2508 ξ
1242 2470 1309 2501 107
1328 2468 1341 2511 ΙΙ
1360 2466 1459 2511 apud
1486 2466 1582 2501 hano
1605 2466 1655 2501 M
1670 2467 1683 2511 ΙΙ
1702 2470 1722 2501 9
1749 2466 1891 2502 delebit
1914 2465 2047 2512 populi

340 2512 484 2547 romani
509 2513 713 2548 exercitum
738 2514 779 2548 F
793 2515 805 2558 ΙΙ
830 2513 930 2559 quod
956 2524 1030 2549 non
1053 2514 1092 2547 in
1119 2512 1256 2559 punica
1280 2513 1361 2548 nati
1384 2514 1555 2558 tempora
1579 2523 1779 2549 cannarum
1806 2525 1833 2549 e.
1859 2525 1891 2559 q.
1915 2525 1942 2549 s.
1969 2513 2009 2548 D

342 2570 544 2595 cannorum
563 2560 604 2595 F
619 2562 631 2607 ΙΙ
652 2564 696 2596 10
721 2561 930 2606 triuiaeque
949 2561 1037 2596 RH
1042 2561 1092 2595 M
1117 2560 1326 2606 tribiaeque
1346 2561 1380 2595 L
1410 2560 1628 2604 treuiaeque
1647 2572 1683 2595 m
1701 2562 1712 2606 ΙΙ
1733 2564 1775 2595 11
1802 2560 1873 2596 hoc
1899 2571 1963 2596 om.
1979 2560 2016 2596 R
2034 2562 2037 2606 Ι

340 2618 385 2641 ex
409 2618 569 2652 persona
594 2619 661 2642 sua
679 2608 799 2644 SRF
815 2610 828 2654 ΙΙ
846 2608 959 2654 poeta
983 2619 1050 2644 om.
1070 2608 1157 2642 LH
1178 2609 1277 2653 (add.
1298 2609 1323 2653 l)
1344 2609 1356 2653 ΙΙ
1378 2611 1420 2643 12
1446 2608 1502 2653 ut]
1530 2608 1645 2643 etiam
1665 2607 1736 2643 SR
1773 2609 1816 2643 ut
1839 2607 1952 2643 etiam
1978 2608 2036 2653 F!

340 2654 401 2689 hic
427 2654 511 2689 LF
536 2656 549 2700 ΙΙ
582 2659 625 2690 13
651 2655 743 2690 item
768 2667 834 2691 om.
862 2655 981 2690 SRF
1009 2656 1022 2700 ΙΙ
1052 2656 1133 2690 tum
1158 2655 1291 2690 SLF:
1317 2657 1406 2690 tunc
1430 2656 1564 2700 veliqui
1593 2657 1605 2700 ΙΙ
1638 2659 1681 2690 14
1706 2667 1803 2690 nunc
1830 2681 1838 2689 .
1860 2682 1868 2690 .
1889 2656 2044 2690 .terrac

340 2712 406 2736 om.
427 2702 512 2736 LH
526 2703 539 2747 ΙΙ
557 2714 692 2737 ROSERA
712 2703 762 2737 M
797 2715 943 2737 nostum
971 2703 1011 2738 F
1026 2704 1037 2749 ΙΙ
1058 2706 1102 2738 15
1127 2702 1319 2738 rosolanus
1340 2702 1377 2737 S.
1411 2706 1639 2747 exspectatur
1664 2703 1806 2738 Roseus
1831 2703 1886 2738 vel
1910 2702 2045 2738 Rosea

341 2760 409 2783 nus
428 2750 440 2793 ΙΙ
461 2753 504 2784 16
525 2748 663 2784 dicitur-
682 2749 723 2784 F
737 2751 750 2794 ΙΙ
769 2749 855 2784 hinc
875 2750 925 2784 M
946 2750 1057 2792 (hunc
1075 2751 1124 2795 m)
1144 2751 1155 2795 ΙΙ
1174 2761 1196 2785 a
1222 2750 1384 2794 quodam
1410 2750 1559 2784 consule
1583 2749 1646 2784 uel
1671 2751 1714 2785 ut
1738 2749 1888 2793 quidam
1914 2749 2047 2784 uolunt

340 2806 362 2829 a
390 2794 500 2831 Curio
530 2795 731 2831 Vossianus
755 2796 968 2831 Buimanni
1011 2807 1034 2831 a
1063 2796 1173 2832 Curio
1205 2796 1356 2832 consule
1385 2797 1602 2833 Masvicius.
1642 2798 1687 2840 cf.
1715 2797 1788 2832 Cic.
1815 2797 1864 2850 ad
1888 2795 2045 2831 Att.1V

344 2845 398 2886 15,
426 2846 446 2877 5
477 2844 490 2887 ΙΙ
526 2842 565 2877 111
588 2854 717 2878 narem
741 2843 803 2878 uel
828 2844 974 2878 nartem
1000 2843 1087 2879 SF:
1121 2845 1159 2879 in
1191 2856 1339 2879 narram
1370 2844 1431 2879 uel
1455 2844 1585 2879 narien
1609 2844 1646 2878 R
1682 2843 1721 2878 in
1746 2843 1848 2879 narie
1873 2843 1935 2878 uel
1959 2854 2042 2878 nar-

340 2900 418 2924 rem
445 2890 479 2923 L
503 2890 556 2934 (in
581 2892 726 2925 nartem
751 2890 814 2925 uel
837 2901 965 2925 narem
991 2891 1017 2934 Z)
1055 2891 1093 2925 in
1119 2902 1265 2926 nariam
1290 2891 1351 2926 1191
1377 2891 1519 2926 nat-iem
1545 2892 1591 2926 H
1622 2891 1662 2926 in
1693 2901 1841 2926 nar-ram
1872 2890 1934 2926 uel
1963 2902 2046 2926 nar-

342 2938 416 2972 tem
446 2937 503 2972 M.
541 2938 695 2980 fortasse
719 2937 758 2972 in
783 2938 862 2972 Nar
886 2937 948 2972 vel
972 2938 1109 2972 Narem
1137 2939 1183 2982 cf.
1213 2938 1359 2974 Vossius
1383 2940 1426 2973 de
1450 2939 1550 2973 anal.
1577 2938 1593 2972 I
1614 2942 1659 2973 10
1674 2950 1717 2983 p.
1737 2941 1806 2973 411
1826 2949 1876 2983 sq.
1903 2938 1955 2983 (p.
1976 2941 2046 2972 300

340 2985 393 3020 ed.
420 2984 719 3030 Foertschianae)
748 2986 760 3031 ΙΙ
793 2988 836 3020 17
861 2994 1065 3029 uerumque
1092 2985 1137 3018 H
1157 2987 1168 3030 ΙΙ
1199 2985 1357 3020 dicimus
1383 2986 1469 3020 SM
1491 2987 1503 3030 ΙΙ
1533 2985 1727 3020 confusum
1753 2984 1794 3019 F
1817 2986 1829 3031 ΙΙ
1862 2987 1906 3019 18
1932 2984 2046 3020 etiam

341 3042 407 3066 om.
428 3031 495 3077 Ru
525 3035 568 3066 19
594 3032 684 3076 quin
711 3034 822 3067 etiam
849 3060 857 3068 .
880 3059 887 3067 .
909 3059 916 3066 .
944 3032 1134 3067 crescebat
1159 3043 1224 3067 om.
1253 3032 1290 3066 R
1307 3033 1320 3077 ΙΙ
1339 3034 1520 3076 quantum
1548 3059 1555 3067 .
1577 3060 1584 3067 .
1607 3060 1614 3067 .
1642 3033 1689 3066 ad
1714 3032 1861 3066 laudem
1888 3041 1954 3067 om.
1982 3031 2011 3066 S
2034 3031 2046 3076 ΙΙ

342 3082 388 3114 20
412 3089 479 3132 per
502 3080 646 3114 noctes
657 3079 708 3113 L:
734 3081 862 3114 noctes
887 3078 977 3113 HF
1009 3080 1118 3113 noete
1146 3079 1194 3112 M
1211 3080 1223 3122 ΙΙ
1242 3080 1376 3123 quod.
1427 3078 1669 3124 ,transtuliffl
1695 3078 1795 3123 quod
1821 3078 1869 3113 ad
1894 3078 2045 3113 laudem

342 3125 551 3170 prouiutiae
578 3137 665 3161 suae
691 3138 748 3160 1111
750 3126 863 3172 trihus
888 3125 1081 3161 transtulit
1099 3125 1136 3160 R
1173 3126 1273 3170 quod
1293 3125 1461 3170 uirgilius
1481 3126 1529 3160 ad
1554 3125 1701 3160 laudem
1721 3136 1809 3160 suae
1824 3125 2043 3179 prouinciae

340 3172 534 3209 transtulit
553 3172 593 3208 F
619 3176 653 3208 et
672 3174 923 3219 Sanyallensis
940 3174 1184 3225 wehempunz,
1209 3176 1251 3208 ut
1274 3173 1428 3216 videtur,
1453 3183 1541 3207 nam
1565 3172 1613 3207 ad
1632 3183 1719 3207 suae
1745 3172 1959 3217 prouinciae
1978 3171 2008 3208 S
2032 3171 2044 3217 ΙΙ

342 3221 440 3266 quod
466 3217 580 3257 etiam
606 3220 776 3268 uirgilius
805 3222 854 3256 M
869 3223 882 3267 ΙΙ
910 3224 953 3256 21
980 3219 1207 3268 prouintiam
1233 3219 1325 3256 LM
1341 3221 1352 3265 ΙΙ
1377 3221 1415 3255 et
1440 3231 1506 3256 om.
1533 3219 1562 3255 S
1579 3220 1591 3266 ΙΙ
1610 3221 1768 3266 carpunt
1793 3220 1880 3256 SM
