2092 3614
497 262 648 299 COMM.
675 261 728 298 IN
753 260 896 299 VERG.
922 260 1034 298 AEN.
1062 261 1148 297 VIII
1173 264 1325 297 59—73.
1679 259 1766 301 209

56 373 217 427 reliqua
252 373 392 427 spatia
427 372 684 424 discurrerit,
721 372 892 429 recipiat
920 385 961 415 se
984 383 1062 425 per
1093 371 1199 413 ostia
1230 371 1276 412 in
1307 383 1432 412 mare.
1494 370 1572 412 alii
1602 369 1769 411 domum

54 458 138 487 non
169 444 349 486 Romam
379 444 631 499 siqnifieare,
667 457 770 498 quae
800 443 934 486 adhue
964 457 1047 485 non
1078 446 1185 496 erat,
1222 442 1294 484 secl
1322 442 1524 495 reyionem
1555 441 1692 496 illam,
1724 444 1771 483 ut

56 516 242 559 ostendat
270 515 350 557 sibi
379 528 471 557 eam
501 516 668 558 domum
693 515 875 570 electam,
905 528 1009 568 quae
1039 514 1097 556 acl
1127 516 1289 555 tantam
1315 512 1496 567 yloriam
1519 516 1770 567 perventura

54 588 111 630 sit
166 598 172 605 ‘
231 597 383 629 OELSIS
418 597 566 629 CAPVT
599 597 797 629 vnmssvs
834 597 947 627 EXIT
986 585 1037 627 de
1076 584 1252 639 Tuscia,
1293 598 1422 639 quam
1460 584 1546 625 illis
1585 585 1770 626 multum

58 660 230 701 constat
266 658 465 700 floruisse
502 657 789 713 temporibus:
826 672 928 699 nam
959 659 1003 699 ei:
1040 656 1291 699 lucumones
1321 669 1447 711 reges
1478 654 1688 711 habebat,
1726 658 1770 697 et
1796 664 1816 694 5

56 729 291 772 maximam
324 729 481 772 Italiae
515 731 795 785 superaverat
825 731 1006 784 partem.

175 802 244 844 66.
294 818 398 844 LACV
425 817 599 844 mvnvs
638 800 824 843 abutitur
864 800 977 842 lacus
1012 800 1197 851 nomine,
1236 802 1285 840 ut
1318 812 1415 841 moa·
1446 798 1560 853 <74>
1599 811 1689 852 quo
1731 802 1771 840 te

55 886 256 926 eumque
286 872 434 914 lacus.
497 870 691 925 ‘fluvius'
724 874 859 914 autem
890 871 956 913 hie
985 871 1071 925 ipse
1101 870 1253 913 seilicet
1282 871 1380 912 deus
1410 870 1526 912 alvei.

176 944 244 986 67.
293 954 391 986 nox
427 955 616 985 AENEAN
654 954 932 993 SOMNVSQVE
971 953 1199 993 RELIQVIT
1238 943 1287 984 ut
1319 941 1415 997 <ΙΙΙ
1446 941 1563 996 568>
1603 941 1770 983 fessos

56 1017 242 1058 ventus
274 1029 384 1057 cum
415 1014 525 1058 sole
557 1014 788 1070 reliquit.
838 1016 924 1067 †et
953 1014 1042 1056 cito.
1799 1022 1843 1053 10

176 1087 244 1130 68.
296 1103 477 1130 οΒιΕΝΤιΑ
509 1102 618 1128 sous
647 1103 800 1129 LVMINA
825 1099 905 1141 pro
938 1085 1123 1128 ‘orientis
1152 1085 1250 1128 solis
1282 1084 1476 1128 lumina'.

175 1158 243 1200 69.
294 1169 461 1200 VNDAM
501 1169 564 1199 DE
606 1169 816 1200 FLVMINE
856 1168 1027 1199 PALMIS
1069 1168 1292 1200 svs‘rvm'r
1339 1157 1442 1212 quia
1485 1156 1642 1199 dicitur
1685 1171 1771 1198 nox

57 1230 190 1272 eiiam
217 1229 309 1272 solo
337 1243 490 1271 somno
523 1228 736 1284 polluere,
767 1228 879 1270 unde
906 1231 973 1270 est
1004 1230 1052 1270 eb
1083 1231 1288 1271 noctem
1320 1228 1538 1270 flumine
1570 1231 1780 1284 purgat.⁴

179 1302 246 1344 71.
295 1311 518 1343 NYMPHAE
569 1300 640 1342 hic
685 1299 1057 1355 distinguendum,
1103 1302 1149 1342 αὴ
1192 1299 1523 1355 generalitatem
1567 1303 1773 1355 sequatur

57 1372 322 1428 specialitas,
355 1373 403 1414 ui:
434 1371 477 1413 in
512 1371 728 1427 georgicis
755 1370 847 1426 <IV
874 1370 990 1425 321>
1022 1373 1202 1426 mater,
1228 1370 1426 1426 Cyrene
1458 1373 1636 1413 mater:
1670 1387 1772 1413 nam
1801 1381 1843 1411 15

57 1444 261 1487 vitiosum
294 1445 361 1486 esi:
391 1444 491 1498 post
523 1442 710 1497 speeiem
741 1456 877 1498 genus
907 1441 1078 1484 inferre.
1201 1459 1330 1485 GENVS
1360 1459 1537 1485 AMNIBVS
1573 1460 1674 1486 VNDE
1703 1460 1778 1485 Esr

56 1516 226 1570 quidam
250 1514 315 1557 hie
339 1505 584 1569 hypallayen
600 1516 774 1568 putant,
804 1516 852 1555 ut
874 1513 951 1555 sit:
982 1512 1203 1568 nymphae,
1233 1527 1336 1566 quae
1359 1514 1408 1556 cle
1432 1513 1624 1556 amnibus
1644 1527 1773 1567 =qenus

56 1587 223 1630 habetis.
271 1600 372 1630 sane
397 1600 489 1628 eum
515 1583 650 1627 ‘unde'
683 1584 800 1627 hodie
830 1585 888 1627 ad
917 1584 1048 1627 locum
1079 1584 1307 1638 referamus
1313 1618 1325 1640 ‚
1356 1588 1502 1627 veteres
1532 1586 1656 1627 etiam
1679 1599 1772 1639 per·
1836 1629 1847 1640 ,

57 1659 169 1701 sonis
199 1657 480 1712 adplicabant,
512 1658 575 1700 ita
604 1661 652 1700 ut
681 1657 738 1699 ad
768 1670 884 1699 omne
911 1670 1039 1711 yenus
1070 1659 1108 1698 et
1131 1657 1188 1699 ad
1211 1670 1377 1698 omnem.
1400 1670 1618 1699 numerum
1648 1658 1771 1710 refer—

57 1733 163 1785 rent,
201 1733 250 1771 ut
278 1729 350 1771 hoe
383 1730 465 1771 loeo
492 1743 621 1784 ⁸qenus
649 1729 901 1782 femininum
932 1731 970 1770 et
993 1728 1202 1782 pluralem
1239 1742 1456 1770 numerum
1485 1730 1644 1784 posuit,
1682 1743 1773 1771 eum
1799 1740 1844 1770 20

58 1801 160 1844 alibi
184 1801 460 1843 masmilinitm
485 1804 522 1842 et
545 1800 798 1855 sinyularem
821 1800 1010 1854 posuerit
1034 1799 1083 1855 <1
1104 1799 1160 1854 6>
1182 1813 1336 1854 yenus
1366 1801 1492 1842 uncle
1512 1800 1773 1843 Latin-um:

58 1873 168 1926 quod
189 1872 358 1927 plenius
387 1873 435 1914 in
464 1872 585 1914 initio
609 1872 744 1926 primi
775 1871 874 1914 libri
904 1871 1107 1914 Aeneidos
1137 1872 1291 1913 dietum
1321 1874 1388 1914 est.

180 1945 248 1987 72.
299 1955 392 2008 'rvo
420 1955 626 1987 eem'ron
652 1955 747 1987 CVM
773 1955 983 1987 FLVMINE
1018 1944 1079 1986 sic
1106 1944 1220 1986 enim
1251 1945 1477 1986 invocatur
1502 1945 1546 1987 in
1572 1946 1772 2000 precibus

61 2016 226 2060 ‘adesto
235 2050 247 2072 7
278 2015 498 2070 Tiberine,
531 2030 627 2058 eum
660 2015 746 2057 tuis
778 2014 940 2058 undis’.
990 2015 1186 2071 Thybrin
1219 2030 1319 2058 vero
1346 2015 1421 2058 alii
1447 2032 1471 2058 a
1496 2031 1597 2073 rege
1618 2018 1773 2059 Abori-

60 2088 210 2144 ginum
241 2087 404 2130 dietum
435 2088 606 2142 volunt,
647 2087 719 2143 qui
756 2087 878 2129 iuxta
916 2087 1123 2129 dimicans
1162 2087 1450 2142 interemptus
1488 2090 1572 2143 est3
1613 2089 1686 2130 alii
1718 2089 1772 2131 ab
1799 2099 1843 2130 25

59 2174 109 2202 eo
136 2174 254 2215 rege,
288 2174 414 2215 quem
442 2158 649 2211 Glaucus,
686 2158 841 2201 Minois
873 2158 1008 2214 filius,
1040 2159 1086 2200 in
1110 2157 1240 2200 Italia
1265 2158 1502 2214 interemit3
1535 2160 1629 2212 alii,
1661 2160 1773 2202 inter

63 2246 170 2286 quos
203 2233 247 2273 et
277 2230 427 2274 Livius
460 2230 510 2286 <I
536 2231 575 2285 3,
602 2230 671 2285 8>‚
703 2230 757 2272 ab
790 2229 962 2272 Albano
995 2242 1115 2285 rege,
1148 2229 1221 2285 qui
1252 2229 1299 2271 in
1330 2244 1428 2271 eum
1460 2230 1624 2272 cecidit.

184 2302 250 2344 73.
294 2313 476 2344 AROETE
491 2312 704 2344 PERICLIS
726 2300 958 2357 hypallage
979 2303 1045 2343 est
1064 2316 1141 2356 pro
1163 2300 1205 2343 ta
1219 2316 1287 2343 me
1306 2301 1535 2357 prohibete
1556 2301 1773 2357 perieula'.

158 2447 200 2477 13
228 2443 265 2478 et
289 2442 455 2489 noctem]
482 2441 630 2478 Persius
655 2432 735 2478 sah
751 2443 785 2478 11
813 2446 857 2478 16

159 2577 175 2607 1
203 2572 367 2619 reliqua]
393 2573 558 2618 reliquas
578 2573 612 2609 G·
649 2572 798 2608 diuersa
819 2572 852 2607 T
867 2573 880 2618 ΙΙ
900 2571 1075 2608 discurrib
1097 2573 1130 2608 T
1146 2574 1159 2619 ΙΙ
1176 2573 1340 2610 hosssiam
1363 2574 1397 2609 T
1413 2576 1426 2620 ΙΙ
1445 2579 1466 2610 2
1492 2587 1589 2620 quae
1614 2576 1773 2611 necdum

62 2622 144 2655 erat
169 2620 378 2666 significare
409 2620 442 2655 Τ
455 2622 468 2666 ΙΙ
492 2620 684 2666 regionem
707 2620 814 2656 illam
840 2620 911 2656 sibi
937 2620 1058 2655 electa
1089 2621 1121 2655 T
1136 2623 1148 2666 ΙΙ
1180 2625 1200 2656 3
1228 2623 1428 2658 ostendam
1454 2622 1487 2658 G
1506 2623 1518 2668 ss
1544 2623 1696 2658 domum
1722 2624 1773 2659 G:

63 2669 213 2703 demum
239 2667 306 2714 Fu
330 2669 451 2703 totam
477 2668 545 2714 Fss
572 2672 595 2703 4
619 2669 719 2704 esset,
748 2668 807 2713 ΤΙΙ
835 2671 855 2702 5
882 2667 1095 2704 lucomones
1120 2668 1234 2716 ΑΕΗ
1258 2670 1380 2716 reges]
1408 2683 1470 2706 x11.
1498 2671 1534 2706 R
1559 2672 1571 2717 ΙΙ
1600 2676 1620 2706 6
1648 2682 1772 2716 super-

63 2715 143 2752 avit
166 2715 203 2750 R
234 2717 245 2762 ΙΙ
284 2720 328 2750 10
353 2716 487 2751 ventus
512 2727 578 2751 om.
605 2716 693 2750 LH
720 2714 941 2762 {si-elinquit
964 2715 999 2749 L
1029 2716 1041 2761 ΙΙ
1073 2718 1111 2751 et
1137 2716 1227 2763 cilo]
1253 2718 1408 2761 fortasse
1432 2719 1466 2754 is
1490 2720 1555 2763 qui
1575 2719 1775 2764 pleniorem

63 2763 357 2799 commentarium
382 2764 581 2808 composuit
605 2764 655 2798 ad
680 2776 751 2799 Nox
776 2775 810 2799 A.
833 2775 859 2799 s,
883 2775 917 2797 R.
943 2764 1170 2808 adscriptum
1194 2765 1383 2801 invenerat
1409 2764 1447 2800 id
1473 2767 1530 2801 est
1554 2766 1738 2802 excitatur
1764 2792 1773 2811 <4

67 2815 109 2845 12
136 2823 298 2846 svsnnnr
323 2811 363 2845 F
385 2811 399 2856 1}
429 2822 504 2855 qua
530 2811 580 2846 M
602 2811 615 2856 ΙΙ
647 2815 690 2845 13
717 2810 838 2856 pollui
862 2810 952 2845 RH
984 2811 1109 2856 pollue
1135 2812 1169 2846 L
1195 2813 1300 2857 (corr.
1328 2813 1355 2859 l)
1381 2814 1393 2858 ΙΙ
1419 2825 1556 2859 purgas
1587 2814 1739 2849 Persius
1763 2814 1774 2860 Η

63 2859 216 2905 purgat]
254 2858 430 2894 secretior
465 2858 580 2894 etiam
613 2858 710 2893 ratio
746 2860 803 2893 esf,
836 2857 925 2903 quia
959 2858 1233 2895 sacrificaturus
1254 2860 1412 2906 ,superis
1448 2860 1494 2896 de
1531 2861 1616 2897 uiuo
1648 2861 1775 2897 haurit

65 2905 215 2941 flumine
241 2906 325 2942 add.
346 2906 385 2940 D
403 2907 416 2951 11
436 2909 480 2941 15
506 2917 594 2941 nam
618 2917 686 2941 om.
706 2905 742 2940 R
760 2906 773 2951 ΙΙ
803 2909 846 2940 16
873 2906 922 2941 ad
948 2917 1061 2942 enuvs
1086 2919 1119 2942 A.
1140 2921 1173 2943 v.
1194 2921 1226 2943 Ε.
1251 2907 1294 2943 in
1317 2919 1432 2953 mai-9.
1460 2908 1613 2953 quidam
1638 2912 1776 2954 putant

63 2953 134 2988 hoe
172 2954 253 2994 Loco
292 2953 521 2999 hypallagen
558 2954 601 2988 ul:
639 2952 689 2987 sit
725 2953 913 2998 nymphae
951 2964 1046 2998 quae
1085 2953 1129 2990 de
1169 2955 1339 2990 amnibus
1371 2967 1489 3000 genus
1521 2956 1667 2992 habetis
1701 2956 1735 2991 T
1764 2957 1775 3003 ΙΙ

67 3004 110 3036 17
136 3000 337 3046 apallagen
363 3001 403 3035 F
419 3002 431 3046 ΙΙ
450 3001 496 3036 de
521 3011 587 3036 om.
608 3000 658 3044 F,
683 3000 730 3035 ab
757 2999 928 3036 amnibus
955 3000 1196 3037 Commelinus
1214 3003 1226 3047 ΙΙ
1248 3006 1290 3038 18
1318 3002 1427 3038 odiae
1454 3002 1494 3037 F
1508 3005 1521 3049 ΙΙ
1540 3008 1585 3039 20
1610 3007 1773 3049 esc-pecta-

66 3051 127 3083 ταν
151 3048 200 3083 ad
225 3060 340 3093 genus
365 3052 398 3083 et
422 3049 468 3084 ad
496 3048 742 3084 masculinum
772 3049 786 3093 ΙΙ
815 3048 994 3083 feminum
1020 3048 1061 3083 F
1094 3050 1105 3095 ΙΙ
1143 3053 1187 3084 23
1214 3062 1287 3085 cvm
1311 3062 1464 3086 mmmm:
1491 3062 1623 3087 smc'ro
1650 3051 1687 3086 R
1696 3050 1736 3085 F
1762 3051 1774 3096 fl

67 3094 262 3130 inuocatur
280 3095 357 3130 RL
366 3095 409 3130 II
430 3097 587 3132 uocatur
606 3095 659 3131 F:
679 3095 927 3131 inuocabatur
945 3095 1018 3131 AS
1025 3097 1037 3131 l
1044 3107 1079 3131 m
1106 3097 1309 3132 uocabatur
1327 3097 1376 3132 M
1390 3098 1403 3143 ΙΙ
1422 3102 1468 3133 24
1486 3098 1639 3144 thybrin
1659 3098 1756 3132 HM
1764 3112 1772 3132 :

67 3140 181 3177 t-ibrin
200 3142 272 3178 AS
300 3142 450 3188 tyberin
468 3143 505 3179 R
535 3142 696 3189 izyberim
718 3143 752 3177 L
784 3142 935 3179 tiberim
955 3142 997 3178 F
1010 3145 1023 3189 ΙΙ
1043 3149 1086 3179 25
1114 3144 1163 3179 ab
1189 3155 1232 3179 eo
1258 3151 1345 3190 rege
1367 3145 1430 3180 M:
1458 3146 1506 3181 ab
1530 3157 1618 3191 rege
1638 3144 1758 3180 ASF
1762 3146 1775 3180 l

70 3199 92 3223 a
116 3199 202 3233 rege
228 3189 264 3224 R
302 3190 348 3225 ab
375 3190 518 3235 origine
543 3191 631 3226 LII
663 3202 686 3226 a.
710 3191 888 3226 Veiorum
912 3201 999 3237 rege
1026 3192 1116 3227 coni.
1148 3191 1288 3227 Preller
1312 3192 1435 3228 Roem.
1465 3193 1621 3239 Mythol.
1643 3204 1682 3237 p.
1704 3195 1771 3227 511

72 3235 192 3271 adnot.
224 3241 251 3271 1.
279 3238 324 3280 cf.
359 3237 478 3272 Varro
502 3238 536 3273 d.
564 3239 586 3273 l.
614 3239 636 3274 l.
664 3239 695 3273 V
719 3239 859 3283 301127
886 3239 1007 3274 lauius
1031 3239 1073 3274 H
1090 3240 1103 3284 ΙΙ
1123 3239 1338 3275 albanorum
1367 3240 1407 3274 F
1421 3241 1434 3285 ΙΙ
1453 3244 1497 3273 28
1525 3242 1581 3274 eet
1605 3251 1671 3274 om.
1691 3239 1778 3274 RF

139 3300 237 3326 Servii
255 3308 362 3328 comm.
380 3302 449 3329 Vol.
466 3302 508 3327 11.
529 3303 616 3329 Fano.
634 3303 659 3328 Ι.
1446 3302 1489 3333 14
