2092 3614
540 241 691 278 OOMM.
720 242 772 277 IN
798 241 941 278 VERG.
967 242 1078 277 AEN.
1107 241 1157 276 IX
1183 245 1383 278 648-670.
1729 240 1814 282 369

224 351 321 393 654.
371 362 521 393 MEDIO
554 362 771 393 SERMONE
811 351 907 394 ideo
941 349 1141 405 ‘medio'‚
1180 351 1281 405 quia
1311 365 1398 393 non
1430 350 1652 406 respondit
1683 349 1814 393 Asca—

104 422 213 464 nius.
275 435 406 463 sermo
436 425 496 464 est
524 423 635 464 euim
667 423 843 465 duorum
873 423 934 464 vel
959 422 1153 476 plurium
1184 423 1328 464 oratio.

223 493 323 535 657.
371 504 494 535 FVGA
527 494 742 535 abscessu,
796 496 833 535 et
862 506 973 535 more
1002 506 1075 535 suo
1109 493 1298 535 abeuntes
1327 495 1421 536 cleos
1451 495 1612 536 inducit
1641 494 1817 548 aquosa.

163 576 540 615 PHARETRAMQVE
565 577 605 606 F.
627 576 660 607 s.
682 575 935 607 SONANTEM
967 564 1068 620 quia
1100 564 1207 606 dixit
1238 579 1370 619 supra
1402 565 1548 619 (648)
1582 567 1632 607 et
1663 579 1817 607 saeva

105 636 382 679 sonoribus
416 651 565 677 arma.
1842 646 1864 676 5

224 708 321 751 658.
371 718 528 750 DICTIS
573 709 752 762 propter
795 707 988 750 auditam
1031 707 1285 750 orationem.
1417 719 1597 765 NVMINE
1640 709 1817 762 propter

106 780 304 835 agnitum
337 779 474 821 deum.

223 851 322 893 660.
373 867 545 907 Alvmnse
554 867 602 893 νιν]
619 867 664 893 IN
679 867 828 893 APERTA
849 867 1039 893 PERIGVLA
1058 867 1236 893 MITTVNT
1256 851 1357 904 plus
1387 851 1496 893 enim
1526 865 1652 905 quam
1683 851 1816 892 mani-

100 923 207 975 festa
237 925 335 964 suut
363 922 601 975 praeseutia
634 921 838 976 pericula,
878 922 1045 976 quaudo
1075 922 1338 964 audientibus
1371 922 1568 964 Troianis
1599 922 1698 964 bello
1722 937 1817 976 pro-

102 993 314 1036 hibebatur
344 993 557 1035 Ascanius
563 1027 574 1049 ,
608 1007 659 1035 ue
682 993 999 1047 periclitaretur.
1846 1004 1889 1034 10

223 1065 321 1106 662.
372 1076 650 1107 INTENDVNT
683 1075 829 1107 AORES
862 1076 1008 1108 AROVS
1041 1078 1121 1119 pro
1153 1063 1254 1120 ‘ipsi
1282 1064 1439 1107 acres':
1471 1067 1520 1107 ut
1551 1065 1665 1107 enim
1697 1068 1740 1107 et
1772 1066 1816 1107 in

104 1136 245 1191 primo
272 1136 418 1191 <318>
452 1137 656 1190 diximus,
688 1150 834 1178 arcum
864 1135 1157 1192 unusquisque
1183 1136 1315 1178 habet
1345 1152 1422 1191 pro
1456 1137 1623 1179 viribus
1656 1137 1757 1179 suis.

104 1220 429 1258 AMMENTAQVE
457 1219 710 1258 TORQVENT
736 1222 815 1262 pro
843 1206 947 1249 ‘tela
973 1207 1204 1249 ammentis
1229 1207 1469 1264 torquent':
1495 1223 1598 1250 nam
1626 1223 1817 1250 ammen-

104 1282 195 1321 tum
228 1281 295 1321 est
327 1280 484 1334 lorum,
517 1294 601 1334 quo
635 1278 776 1320 media
807 1278 935 1320 hasta
965 1278 1175 1334 religatur
1207 1282 1252 1321 et
1282 1280 1448 1322 iacitur.

224 1350 322 1392 664.
373 1361 541 1393 FLICTV
573 1365 653 1406 pro
680 1349 874 1405 adflicto,
904 1350 965 1392 vel
989 1350 1170 1406 inflictu,
1201 1351 1245 1392 id
1272 1354 1338 1393 est
1362 1352 1469 1395 ictu:
1502 1367 1604 1394 nam
1630 1352 1819 1395 detraxit
1846 1363 1888 1393 15

104 1436 221 1464 more
262 1436 338 1463 suo
375 1422 756 1477 praepositionem.
819 1426 857 1464 et
893 1423 1083 1476 loquutus
1122 1426 1181 1465 est
1218 1423 1341 1465 iuxta
1381 1424 1602 1478 antiquum
1641 1438 1817 1466 morem:

103 1493 312 1535 Pamcvz‘us
346 1493 498 1535 Teucro
527 1494 705 1552 flictu-s
734 1495 969 1538 navium.-

223 1564 320 1606 665.
371 1576 677 1611 PLVVIALJBVS
710 1577 883 1608 HAEDIS
923 1581 1053 1622 supra
1083 1567 1199 1609 tauri
1231 1582 1392 1609 cornua
1424 1571 1490 1610 est
1521 1568 1710 1624 signum,
1749 1569 1818 1610 cui

104 1635 256 1691 auriga
286 1650 443 1678 nomen
475 1638 558 1678 est:
590 1636 704 1678 hunc
736 1652 832 1679 cum
865 1639 992 1680 tauro
1025 1653 1111 1680 una
1143 1638 1259 1680 clara
1291 1639 1422 1681 stella
1454 1639 1692 1694 coniungit.
1753 1654 1817 1681 re-

103 1707 215 1749 tinet
246 1709 392 1749 autem
425 1707 577 1763 auriga
609 1709 757 1750 stellas
790 1708 895 1751 duas
928 1709 973 1751 in
1006 1724 1154 1766 manu,
1196 1725 1305 1765 quae
1337 1710 1478 1753 Haedi
1516 1713 1745 1766 vocantur,
1782 1714 1820 1753 et
1844 1722 1889 1752 20

103 1792 273 1832 capram
302 1792 428 1831 quam
459 1779 724 1821 Amaltheam
755 1781 919 1822 dieunt:
958 1795 1140 1835 quorum
1179 1784 1223 1824 et
1255 1784 1374 1824 ortus
1412 1786 1455 1824 et
1493 1797 1671 1826 occasus
1709 1786 1816 1825 tem-

104 1852 297 1905 pestates
343 1850 624 1905 gravissimas
665 1850 781 1893 facit.
844 1851 1042 1894 oriuntur
1082 1855 1227 1896 autem
1270 1868 1367 1896 cum
1404 1855 1633 1909 >scorpione
1672 1869 1818 1898 mense

106 1921 296 1964 Octobri.

223 1993 322 2036 667.
371 2006 586 2036 IVPPITER
631 2009 721 2050 aer,
765 1998 814 2037 ut
859 1998 1030 2037 manet
1068 1997 1158 2038 sub
1196 1996 1318 2039 Iove
1361 1997 1557 2054 frigido
1602 1999 1818 2040 venator

105 2064 323 2107 Horatius.
1844 2079 1889 2109 25

225 2136 322 2178 670.
372 2154 424 2179 ΕΒ
432 2154 524 2180 vxzr
550 2138 720 2191 quida-m
745 2152 825 2192 pro
859 2137 1084 2181 ‘educavit’
1116 2139 1258 2182 volunt
1286 2139 1475 2194 iutelleyi.

202 2305 246 2336 13
272 2313 358 2337 nam
385 2303 615 2337 ammentum
644 2329 650 2336 .
674 2329 682 2338 .
703 2332 710 2339 .
737 2302 889 2350 iacitur]
916 2304 961 2341 cf.
989 2303 1075 2340 Isid.
1102 2315 1152 2340 or.
1174 2304 1296 2340 XVIII
1318 2309 1350 2350 7,
1371 2306 1423 2351 611
1444 2309 1487 2341 17
1514 2305 1695 2341 Pacuvius
1722 2307 1816 2341 Teu-

105 2349 184 2396 cro]
216 2349 348 2394 fragm.
378 2349 446 2385 XV
473 2350 522 2395 (v.
548 2351 631 2395 335)
658 2361 716 2395 ap.
744 2351 854 2386 Ribb.
880 2363 915 2397 p.
945 2355 1012 2387 119
1039 2352 1094 2387 ed.
1122 2352 1156 2387 ΙΙ
1187 2354 1200 2398 ss
1240 2355 1283 2388 18
1309 2364 1421 2398 supra
1445 2353 1543 2388 tauri
1572 2364 1602 2389 e.
1629 2365 1663 2398 q.
1690 2354 1733 2399 s.]
1771 2354 1814 2388 cf.

105 2397 211 2433 Luct.
238 2396 337 2432 Plac.
365 2397 414 2432 ad
441 2397 534 2433 Stat.
561 2398 678 2434 Theb.
705 2398 758 2434 III
784 2402 829 2434 25
861 2401 873 2445 Ι]
905 2402 952 2434 25
976 2399 1172 2447 Horatius]
1199 2411 1310 2436 carm.
1337 2402 1352 2436 I
1382 2405 1412 2446 1,
1438 2404 1484 2436 25

1823 2490 1833 2515 N

204 2557 219 2586 1
248 2552 332 2587 ideo
357 2551 480 2588 medio
506 2563 572 2588 om.
599 2553 640 2588 F
664 2554 676 2600 ΙΙ
706 2552 849 2600 medio]
877 2565 1044 2590 sermone
1071 2555 1117 2590 H
1142 2557 1154 2602 11
1186 2555 1386 2602 Ascanius]
1414 2554 1516 2590 totus
1543 2556 1669 2592 autem
1696 2567 1816 2593 sermo

106 2611 150 2635 ex
176 2599 323 2635 dicente
347 2600 668 2646 respondenteque
695 2602 889 2637 conficitur
914 2603 999 2638 add.
1026 2603 1065 2637 D
1095 2604 1107 2648 ΙΙ
1144 2607 1165 2638 2
1193 2614 1313 2639 sermo
1340 2604 1398 2638 est
1422 2603 1580 2639 Daniel:
1616 2615 1753 2640 senone
1779 2605 1820 2639 F

106 2658 275 2683 sermone
301 2647 335 2682 G
367 2647 380 2692 ΙΙ
417 2652 438 2682 3
463 2659 567 2683 mure
593 2648 633 2683 F
665 2649 678 2693 ΙΙ
715 2653 737 2684 4
762 2648 874 2696 dixit]
901 2650 954 2685 ait
979 2649 1020 2684 F
1053 2650 1066 2695 ΙΙ
1102 2653 1123 2685 5
1150 2651 1270 2696 arma]
1301 2651 1398 2686 sicut
1422 2651 1595 2686 homerus
1621 2652 1686 2697 (Iz.
1714 2653 1729 2686 I
1753 2653 1815 2695 46)

107 2693 293 2739 ἔκλαγξαν
320 2691 356 2729 δ’
379 2691 444 2739 ἄρ’
467 2694 584 2730 οἰστοὶ
611 2692 672 2731 ἐπ’
699 2694 810 2741 ὤμων
835 2695 1041 2742 χωομένοιο
1068 2694 1187 2733 αὐτοῦ
1212 2697 1439 2743 κινηθέντος
1464 2700 1549 2734 add.
1566 2699 1604 2733 D
1623 2702 1635 2743 ΙΙ
1655 2703 1675 2734 7
1703 2700 1814 2734 deum

106 2753 172 2778 om.
200 2742 272 2777 AS
289 2743 302 2787 ΙΙ
335 2746 375 2777 11
402 2754 602 2778 mmmmm
627 2743 758 2779 ΑΒΜ
774 2746 786 2788 ΙΙ
813 2755 881 2788 pro
906 2755 973 2779 om.
1001 2744 1040 2780 F
1055 2746 1068 2790 ΙΙ
1101 2749 1142 2780 12
1169 2745 1308 2792 primo]
1334 2747 1503 2791 proximo
1529 2746 1580 2781 M
1592 2748 1605 2791 ΙΙ
1638 2751 1681 2781 13
1706 2759 1815 2782 Ausu-

105 2801 218 2830 meva
243 2790 358 2824 ASL
395 2801 629 2830 Amnuovr.
657 2791 706 2825 M
722 2792 734 2837 {l
762 2791 947 2835 amnentis
972 2791 1010 2826 A
1049 2794 1209 2828 amentis
1234 2793 1314 2828 RL
1351 2795 1531 2829 armentis
1559 2795 1607 2829 M
1625 2796 1636 2841 ΙΙ
1664 2806 1814 2830 amnen-

106 2839 186 2872 tum
211 2838 248 2872 A
286 2837 476 2872 amentum
502 2837 638 2872 RLM
669 2838 899 2873 animentum
925 2838 966 2873 F
993 2840 1005 2885 ΙΙ
1045 2844 1088 2875 14
1112 2841 1246 2886 lorum]
1272 2841 1434 2876 telorum
1461 2842 1504 2876 H
1531 2844 1543 2887 ΙΙ
1579 2841 1705 2878 media
1732 2843 1781 2877 M
1804 2843 1816 2889 Η

106 2884 287 2930 religatur
318 2884 462 2920 RLH:
495 2885 636 2930 ligatur
659 2885 732 2920 AS
742 2886 791 2920 M
796 2885 855 2921 Fl
891 2887 903 2932 ΙΙ
948 2890 990 2921 15
1022 2899 1175 2923 ruci-vu
1205 2888 1379 2924 ASLM
1410 2890 1514 2934 (corr.
1542 2890 1580 2934 a)
1618 2891 1630 2935 ΙΙ
1672 2890 1815 2925 afflictu

106 2932 320 2967 ASRLM
337 2934 350 2977 ΙΙ
371 2936 413 2967 17
440 2932 659 2978 pacuiuuius
679 2932 720 2967 F
752 2933 864 2977 pacui
887 2933 996 2969 uiuus
1017 2934 1051 2970 G
1068 2936 1081 2980 ΙΙ
1102 2940 1144 2971 18
1170 2948 1275 2971 Asms
1295 2937 1377 2971 LH
1386 2937 1435 2971 M
1451 2938 1463 2983 ΙΙ
1482 2937 1551 2972 sub
1576 2937 1675 2972 tauri
1701 2949 1814 2973 cornu

107 2979 147 3013 F
162 2981 175 3026 ΙΙ
196 2983 238 3015 19
264 2980 378 3026 hunc]
404 2979 477 3015 hoc
501 2980 538 3015 R
556 2982 568 3026 ΙΙ
588 2980 724 3016 setinet
749 2980 792 3014 H
808 2981 820 3027 ΙΙ
839 2984 884 3015 20
909 2981 993 3016 aedi
1016 2981 1105 3017 LH
1107 2983 1158 3018 M
1171 2985 1183 3030 ΙΙ
1201 2987 1245 3019 21
1273 2984 1475 3019 amalteam
1502 2984 1543 3018 F
1577 2984 1700 3019 aliam
1726 2986 1764 3030 (i.
1786 2997 1812 3019 e.

109 3026 306 3072 ‘alteram’)
333 3027 367 3062 G
385 3029 397 3072 ΙΙ
416 3030 454 3063 et
479 3030 563 3063 aute
589 3029 691 3063 ortus
716 3038 782 3063 om.
801 3028 838 3062 F
854 3029 866 3073 ΙΙ
884 3028 1125 3073 grauissimas
1149 3032 1392 3076 tempestates
1418 3031 1459 3065 F
1475 3033 1486 3074 ΙΙ
1512 3035 1556 3067 22
1583 3032 1727 3067 faciunt
1747 3032 1788 3066 F
1802 3032 1813 3078 Η

109 3073 279 3109 oriuntur
299 3100 306 3108 .
324 3103 331 3110 .
348 3101 356 3108 .
377 3075 538 3122 octobri]
567 3074 720 3111 Oriente
739 3077 866 3110 autem
886 3087 968 3111 cum
995 3078 1230 3123 seui-pionem
1256 3078 1431 3114 occidunt
1451 3078 1491 3113 F
1525 3079 1666 3114 oriente
1687 3080 1812 3114 autem

107 3120 301 3165 scorpione
333 3122 508 3157 occidunt
538 3123 678 3158 Daniel
707 3123 719 3167 ΙΙ
750 3122 943 3168 scorpione
974 3124 1011 3159 R
1021 3125 1068 3160 M
1074 3126 1103 3161 l:
1137 3125 1306 3170 scorpius
1332 3125 1367 3159 L
1405 3126 1549 3171 scorpio
1575 3126 1699 3161 ΑΒΗ
1725 3127 1736 3172 ΙΙ
1767 3130 1811 3161 23

108 3168 282 3250 ogtobrif)¹²
299 3168 429 3250 ffiLH
443 3171 456 3216 ΙΙ
474 3173 521 3205 24
545 3171 588 3205 nt
613 3170 789 3206 Horatius
815 3171 923 3216 vulqo
941 3171 953 3216 ΙΙ
972 3175 1017 3207 25
1043 3172 1220 3209 Horatius
1247 3183 1312 3208 om.
1335 3173 1375 3208 F
1390 3174 1403 3219 ΙΙ
1430 3178 1476 3209 26
1502 3175 1551 3209 ad
1577 3186 1706 3208 snvxm
1731 3184 1758 3209 s.
1779 3185 1810 3209 v.

108 3225 127 3250 e
156 3226 264 3250 ucaui
