2124 3600
616 234 767 299 001111.
791 262 846 299 IN
870 260 1015 299 Vnae.
1041 261 1152 298 AEN.
1179 262 1230 298 vi
1258 266 1359 298 1-5.
1816 262 1842 304 3

132 387 284 429 usque,
327 372 380 415 ad
417 373 684 416 vicinitatem
730 373 959 416 accedente
995 372 1144 415 favore
1175 371 1382 427 Neptuni.
1450 387 1506 415 cm
1545 372 1751 415 ‘tandem'
1790 373 1847 415 ad

132 446 463 487 consuetudinem
499 445 788 500 navigantium
824 445 981 500 retulit,
1021 444 1168 498 quibus
1202 444 1322 486 nulla
1359 457 1444 486 mm
1482 445 1604 499 lonya
1634 445 1844 499 naviyatio

131 516 320 559 videtur?
352 530 410 558 cm
442 516 649 559 ‘tandem'
682 518 739 560 ad
768 518 814 560 id
843 520 998 571 tempus
1028 516 1222 571 refertur,
1253 530 1302 558 ew
1332 530 1410 570 quo
1445 516 1573 558 Troia
1602 517 1844 571 waviyatum

131 588 218 631 est?
352 599 566 631 EVBOICIS
605 600 706 631 oms
753 603 778 630 a
818 587 987 630 colonia
1031 587 1267 642 appellavit
1306 585 1483 629 Cumas:
1528 602 1630 629 nam
1666 587 1845 630 Euboea

132 659 275 702 insula
306 662 389 715 est,
420 660 465 701 in
498 675 583 715 qua
607 658 777 702 Chalcis
810 659 982 711 civitas,
1012 658 1063 701 de
1095 674 1180 714 qua
1210 661 1421 701 venerunt
1455 658 1528 713 qui
1561 659 1845 701 condiderunt

132 731 352 774 civitatem
389 731 435 773 in
467 729 723 786 Campania,
765 745 894 786 quam
928 728 1086 772 Cumas
1116 733 1329 772 vocarunt
1366 731 1435 773 vel
1466 723 1564 772 ἀπὸ
1587 730 1677 772 τῶν
1708 728 1853 786 κυμάή

114 798 242 855 'team
280 803 348 845 vel
381 818 407 845 a
438 802 644 859 gravidae
682 802 873 844 mulieris
913 802 1114 857 augurio,
1156 817 1264 857 quae
1296 801 1457 845 Graece
1489 803 1646 856 ἔγκυος
1677 802 1844 845 dicitur.

211 884 482 917 ADLABITVR
513 874 632 916 venit
663 874 878 928 celeriter,
909 876 960 915 ut
990 873 1082 928 <XI
1103 873 1219 928 588>
1251 874 1426 916 labere
1458 873 1682 929 nympha
1713 875 1844 929 polo.

252 946 291 987 3.
341 957 525 988 PELAGO
557 945 603 987 111
634 946 836 1001 pelagus:
867 946 926 988 sie
955 945 1110 988 dietum
1140 949 1214 1001 est,
1246 948 1296 988 ut
1327 945 1396 1000 <V
1427 945 1546 1000 451>
1579 946 1621 987 it
1653 946 1846 988 clamor

132 1017 286 1060 caelo.
346 1017 455 1059 bene
489 1019 632 1068 autem
665 1016 953 1071 ‘obvertunt',
984 1031 1069 1059 non
1101 1015 1317 1073 ‘obvertit',
1348 1020 1397 1059 ut
1428 1032 1517 1059 non
1547 1017 1739 1073 Aeneae,
1771 1018 1844 1060 sed

133 1089 260 1131 sociis
299 1088 403 1131 vilia
440 1092 479 1131 et
512 1090 682 1131 nautica
720 1088 874 1131 dentur
912 1088 1068 1131 officia.
1131 1089 1403 1145 gubernandi
1445 1103 1513 1131 ars
1555 1089 1635 1131 soli
1673 1089 1846 1132 Aeneae

133 1159 392 1202 conceditur.
530 1172 685 1203 DENTE
730 1172 903 1203 TENAOI
947 1160 1059 1202 unde
1102 1160 1149 1202 in
1192 1161 1334 1215 primo
1379 1160 1526 1216 <169>
1571 1175 1700 1204 unco
1745 1176 1845 1204 non

134 1231 324 1286 alligat
356 1231 581 1274 anchora
614 1247 797 1274 morsu.
1006 1236 1010 1239 ’

250 1302 291 1345 4.
340 1314 563 1345 ANCHORA
594 1305 642 1345 ut
668 1318 796 1359 supra
823 1301 874 1358 <I
896 1302 1009 1357 169>
1040 1303 1242 1358 diximus,
1274 1303 1319 1345 in
1344 1302 1508 1346 Graeco
1536 1305 1844 1360 aspirationem

133 1388 220 1416 non
251 1373 403 1430 habet,
433 1389 535 1416 nam
561 1370 735 1430 ἄγκυρα
767 1374 940 1416 dicitur:
973 1374 1084 1416 unde
1117 1376 1160 1416 et
1192 1374 1305 1429 apud
1337 1375 1524 1418 maiores
1557 1377 1651 1419 sine
1684 1378 1844 1432 aspira-

130 1446 248 1487 tione
285 1445 597 1500 proferebatur.
660 1447 812 1489 contra
849 1444 994 1488 ‘thus'
1034 1447 1078 1487 et
1115 1444 1315 1488 ‘orchus'
1355 1449 1523 1490 veteres
1562 1448 1766 1491 dicebant
1804 1451 1848 1491 et

132 1515 340 1572 ‘lurcho',
377 1517 421 1558 id
459 1519 526 1559 est
558 1532 709 1573 vorax,
747 1517 904 1574 quibus
938 1532 1120 1574 sequens
1154 1519 1275 1559 aetas
1308 1518 1495 1561 detraxit
1526 1520 1844 1575 aspirationem.

250 1588 289 1630 5.
338 1606 599 1632 PRAETEXVNT
638 1592 898 1644 praeteyunt,
946 1593 995 1631 ut
1042 1588 1134 1643 <IV
1166 1588 1283 1643 500>
1326 1593 1618 1643 praetexere
1663 1593 1847 1646 funera

129 1661 299 1703 saeris.
391 1672 606 1703 IVVENVM
630 1672 787 1704 MANVS
817 1663 919 1716 post
943 1660 1162 1703 conditam
1189 1661 1232 1703 in
1261 1659 1410 1704 Sicilia
1441 1662 1845 1706 civitatemsenum

230 1793 273 1824 15
299 1802 465 1826 AucuonA
495 1790 534 1825 in
567 1791 709 1827 Graeco
737 1818 743 1825 .
773 1819 779 1826 .
807 1819 815 1827 .
842 1789 1118 1837 proferebatur]
1158 1802 1271 1827 exscr.
1299 1792 1384 1828 Isid.
1412 1804 1463 1828 or.
1490 1792 1577 1828 XIX
1602 1798 1641 1837 2,
1671 1797 1713 1828 15
1751 1796 1763 1839 ΙΙ
1803 1798 1845 1829 16

135 1838 265 1873 contra
289 1838 377 1873 thus
404 1867 411 1874 .
434 1865 442 1873 .
463 1866 470 1873 .
498 1837 784 1884 aspirationem]
812 1838 858 1874 cf.
884 1837 992 1874 Prob.
1021 1838 1119 1875 cath.
1147 1851 1182 1885 p.
1211 1844 1267 1884 10,
1289 1844 1333 1875 18
1354 1839 1397 1875 K.

338 1956 353 1982 2
367 1965 424 1989 que

230 1996 247 2026 1
275 2003 318 2027 us
334 1992 419 2039 ΜΛ]
440 1991 469 2028 S
486 1994 498 2038 ΙΙ
517 1992 565 2028 ad
590 1991 825 2028 vicinitatem
847 2021 854 2028 .
876 2022 884 2029 .
907 2021 913 2028 .
935 1992 1119 2041 Neptuni]
1147 1995 1185 2030 in
1211 1996 1319 2031 tanta
1338 1995 1572 2031 uicinitatem
1599 1997 1714 2043 longa
1732 1997 1844 2032 fuisse

133 2038 415 2085 nauigationem
446 2040 666 2085 praesertim
699 2040 900 2076 accedente
931 2040 1060 2077 fauore
1086 2043 1255 2088 Neptuni
1283 2043 1317 2078 G
1361 2043 1408 2078 ad
1433 2044 1579 2079 tantam
1611 2044 1845 2080 uicinitatem

133 2089 213 2122 tam
237 2088 391 2133 longam
415 2087 530 2123 fuisse
555 2087 837 2134 navigationem
862 2089 1084 2134 praesertim
1112 2118 1119 2126 .
1142 2117 1149 2124 .
1171 2119 1178 2127 .
1205 2090 1372 2136 Neptuni
1397 2091 1605 2136 Stephanus
1643 2092 1689 2127 ad
1715 2092 1845 2127 uicini-

132 2136 249 2171 tatem
275 2137 353 2170 tam
379 2135 532 2181 longam
566 2135 681 2171 fuisse
713 2135 994 2181 navigationem
1019 2137 1237 2183 praesertim
1265 2167 1272 2174 .
1300 2166 1307 2173 .
1337 2166 1344 2173 .
1371 2138 1538 2184 Neptuni
1563 2139 1765 2175 hammus
1807 2140 1845 2175 in

133 2183 241 2218 tanta
274 2182 471 2219 uicinitate
502 2183 654 2229 longam
687 2183 802 2219 fuisse
834 2183 1117 2230 navigationem
1149 2184 1371 2231 praesertim
1403 2215 1410 2222 .
1439 2213 1447 2220 .
1475 2214 1482 2222 .
1516 2187 1682 2232 Neptuni
1707 2188 1846 2223 Daniel

131 2230 142 2276 ΙΙ
167 2230 215 2272 ad
240 2241 306 2266 om.
333 2231 380 2266 H
402 2232 414 2278 11
445 2231 677 2267 uinicitatem
704 2231 749 2265 H
783 2231 976 2267 ciuitatem
1002 2233 1097 2268 AM
1123 2235 1178 2280 (at
1203 2234 1396 2269 ciuitatem
1421 2235 1463 2269 in
1487 2245 1601 2280 mary.
1623 2234 1668 2279 S)
1698 2237 1710 2280 ΙΙ
1742 2247 1843 2271 acce-

134 2277 284 2313 dentem
310 2279 437 2315 ASH
441 2279 491 2313 M
503 2280 530 2325 «ΙΙ
567 2283 588 2315 2
614 2279 745 2314 retulit
769 2290 835 2315 om.
860 2278 912 2323 G,
937 2291 981 2315 em
1009 2280 1218 2317 Turonensi
1241 2283 1383 2318 inserui
1412 2283 1425 2327 ΙΙ
1462 2286 1482 2317 3
1507 2282 1547 2317 id
1575 2282 1625 2317 T.-
1650 2282 1748 2317 idem
1775 2283 1809 2318 G
1835 2285 1843 2329 l]

1385 2338 1407 2356 u

133 2365 156 2396 4
180 2362 355 2397 scholium
380 2362 431 2397 ad
455 2375 619 2398 EVBOICIS
647 2375 726 2397 oms
752 2363 978 2407 adscriptum
1003 2374 1069 2400 om.
1092 2364 1126 2400 G
1144 2366 1157 2411 ΙΙ
1176 2365 1214 2412 a]
1241 2367 1281 2410 at
1299 2366 1336 2401 A
1374 2366 1414 2401 at
1439 2364 1469 2401 S
1503 2366 1550 2401 ad
1569 2365 1615 2400 H
1629 2367 1640 2411 ΙΙ
1660 2366 1844 2401 coloniam

133 2409 207 2445 AS
222 2410 235 2455 ΙΙ
254 2413 274 2444 5
296 2409 408 2444 calcis
427 2409 501 2446 AS
509 2410 551 2444 H
584 2409 724 2445 calchis
752 2410 784 2445 0
818 2410 986 2446 chalchis
1009 2411 1045 2446 R
1062 2414 1075 2458 ΙΙ
1094 2413 1227 2448 civitas
1254 2413 1311 2449 est
1334 2414 1442 2459 vulyo
1460 2415 1473 2459 ΙΙ
1492 2417 1512 2448 6
1535 2425 1626 2458 quas
1647 2414 1692 2449 ΙΙ
1705 2415 1718 2460 ΙΙ
1736 2425 1845 2449 uoca-

1366 2470 1385 2487 V

131 2493 266 2527 uerunt
291 2492 326 2528 R
344 2494 356 2538 ΙΙ
385 2493 523 2538 apoton
550 2493 726 2539 cymaton
752 2493 783 2528 Ο
818 2506 896 2529 Anu)
922 2507 990 2529 rrou
1016 2506 1166 2530 xmawn
1191 2496 1237 2530 H
1256 2498 1269 2542 ΙΙ
1302 2500 1321 2532 7
1342 2496 1500 2542 augurio
1526 2497 1561 2531 A
1601 2497 1742 2541 augilio
1768 2497 1813 2531 H
1834 2498 1846 2543 1!

133 2551 263 2575 enmoc
299 2540 330 2575 Ο
371 2551 506 2586 encyos
533 2542 568 2575 A
613 2540 762 2588 enlsssloc
786 2540 823 2576 R
861 2542 970 2586 (duae
996 2542 1136 2578 litterae
1160 2546 1298 2588 erasae)
1336 2544 1500 2580 aenixios
1526 2544 1571 2578 H
1610 2556 1740 2579 eucyoc
1765 2544 1815 2579 Μ
1834 2546 1845 2591 ΙΙ

134 2587 287 2633 dicitur]
313 2598 338 2631 y
363 2588 402 2622 in
426 2600 451 2622 u
477 2589 661 2623 mutatam
688 2589 774 2634 (leqe
798 2590 971 2635 mutata).
1022 2589 1087 2624 alii
1112 2590 1243 2626 dicunt
1268 2603 1394 2627 cumas
1420 2603 1443 2627 a
1467 2591 1633 2627 mulieris
1659 2604 1844 2638 pregnan-

137 2670 186 2705 tis
211 2670 362 2706 nomine
387 2682 482 2715 quae
509 2670 780 2715 calcidensibus
809 2672 890 2708 fata
915 2672 1075 2708 canebat
1099 2674 1283 2719 apellatas
1310 2676 1374 2710 sed
1400 2675 1622 2720 prolempsis
1649 2675 1707 2710 est
1733 2648 1844 2710 neurim

59 2744 62 2747 .
133 2718 238 2753 uenit
268 2728 402 2753 aeneas
434 2718 482 2753 ad
514 2719 661 2754 italiam
694 2730 806 2764 quam
840 2719 1068 2756 calcidenses
1099 2722 1185 2757 add.
1213 2722 1252 2757 0.
1297 2724 1343 2766 ef.
1369 2734 1462 2768 quae
1491 2723 1534 2758 in
1563 2723 1766 2758 Turonensi
1797 2723 1847 2758 acl

137 2777 168 2800 v.
196 2769 216 2800 2
243 2766 433 2810 adscripta
457 2770 544 2801 sunt
577 2766 772 2812 prolemsis
799 2768 856 2803 est
880 2767 952 2803 hoc
977 2768 1060 2804 loco
1086 2769 1175 2813 quia
1199 2771 1311 2805 antea
1336 2770 1440 2806 venit
1465 2770 1511 2805 ad
1538 2770 1686 2806 italiam
1712 2781 1844 2805 aeneas

134 2824 247 2858 quam
274 2812 520 2849 calcidiensis.
540 2814 553 2858 ΙΙ
572 2817 593 2848 8
618 2813 746 2850 labero
769 2813 803 2849 G
839 2815 966 2850 labere
991 2827 1036 2851 ex
1060 2815 1188 2852 labare
1208 2817 1254 2852 H
1267 2818 1280 2862 ΙΙ
1299 2822 1319 2852 9
1339 2829 1478 2853 remeo
1507 2846 1514 2853 .
1536 2847 1544 2854 .
1567 2845 1574 2853 .
1600 2819 1694 2853 bene
1720 2820 1844 2853 autem

135 2871 201 2895 om.
230 2860 287 2906 011
310 2861 464 2907 remeo]
495 2873 700 2897 onvnmvwr
725 2873 863 2897 remeo
889 2874 1024 2897 PRonAs
1054 2862 1088 2898 G
1106 2865 1119 2909 ΙΙ
1142 2864 1182 2898 111
1207 2864 1364 2911 pelagus
1390 2876 1457 2900 om.
1488 2864 1522 2899 G
1540 2867 1552 2911 ΙΙ
1577 2865 1609 2900 it
1633 2876 1699 2902 om.
1727 2866 1771 2901 G.
1807 2865 1844 2899 id

135 2907 172 2942 R
190 2909 202 2953 ΙΙ
223 2912 267 2943 10
291 2918 366 2944 11011
391 2908 556 2944 obvertit
580 2909 661 2945 hab.
684 2908 742 2954 011
763 2913 805 2944 11
834 2910 872 2944 et
896 2909 1048 2945 nautica
1071 2911 1153 2947 hab.
1183 2911 1214 2947 Ο
1228 2914 1240 2958 ῙΙ
1259 2913 1492 2958 gubernandi
1520 2941 1527 2948 .
1549 2941 1556 2948 .
1580 2942 1586 2949 .
1615 2913 1844 2955 conceditur]

136 2965 195 2989 ars
222 2967 309 2991 uero
335 2955 567 3000 gubernandi
593 2955 664 2992 soli
688 2956 878 2992 tribuatur
901 2967 1039 2993 aeneae
1065 2958 1139 2994 GC
1154 2961 1165 3006 ΙΙ
1184 2961 1333 2996 Aeneae
1358 2971 1424 2996 om.
1445 2960 1541 2996 RH.
1580 2960 1649 2996 soli
1675 2959 1845 2995 concedi-

135 3004 197 3037 tur
223 3013 359 3039 aeneae
384 3004 432 3038 M
450 3004 462 3047 ΙΙ
483 3007 525 3038 12
550 3004 725 3039 scholium
750 3005 800 3040 ad
825 3018 939 3040 nsum
959 3018 1084 3041 ramex
1102 3017 1169 3043 om.
1190 3007 1224 3042 G
1242 3009 1254 3053 ΙΙ
1277 3012 1317 3042 13
1344 3007 1536 3043 hanchora
1556 3007 1587 3041 C
1602 3009 1615 3052 ΙΙ
1635 3011 1679 3042 14
1704 3017 1845 3042 AnconA

137 3049 170 3085 G
187 3050 200 3095 ΙΙ
228 3052 271 3085 ut
296 3061 408 3095 supra
433 3050 594 3086 diximus
619 3061 686 3087 om.
713 3051 786 3087 GC
808 3053 821 3097 ΙΙ
855 3056 897 3087 15
922 3064 1010 3088 nam
1037 3053 1124 3089 GC:
1150 3055 1247 3090 unde
1274 3055 1399 3090 RSH
1405 3056 1453 3090 M
1475 3056 1487 3100 ΙΙ
1514 3055 1640 3090 ancira
1665 3054 1743 3089 RG
1781 3065 1844 3087 an-

137 3108 223 3141 cyra
250 3097 281 3132 (J
313 3098 410 3133 hanc
435 3097 491 3133 ira
514 3098 588 3134 AS
625 3098 780 3135 anchira
804 3099 850 3134 H
882 3100 1039 3136 hancira
1063 3101 1115 3135 M
1138 3104 1151 3147 ΙΙ
1181 3103 1296 3148 unde]
1322 3101 1408 3138 inde
1435 3102 1508 3138 GC
1536 3103 1548 3147 ΙΙ
1579 3104 1618 3137 et
1643 3112 1709 3137 om.
1739 3099 1844 3180 GGA]

139 3148 182 3178 16
210 3144 470 3180 conferebatur
489 3145 563 3181 AS
570 3145 616 3181 H
629 3148 642 3192 11
661 3147 874 3183 contractus
895 3147 928 3182 G
947 3148 959 3193 ΙΙ
979 3159 1086 3184 orcus
1108 3150 1141 3185 G
1159 3151 1171 3195 11
1191 3151 1229 3184 et
1253 3149 1383 3184 lurcho
1408 3150 1447 3184 id
1473 3150 1531 3185 est
1550 3160 1662 3185 vorax
1686 3159 1752 3182 om.
1774 3147 1807 3182 G
1828 3147 1848 3181 J

137 3190 149 3235 11
182 3195 224 3226 17
257 3191 367 3227 1110110
393 3192 466 3228 AS
507 3193 591 3228 luco
618 3194 663 3228 H
688 3195 701 3239 ΙΙ
739 3197 783 3229 18
815 3195 989 3230 scholium
1020 3196 1069 3230 ad
1095 3208 1323 3232 vnmnrrnwir
1347 3197 1428 3232 hab.
1458 3196 1488 3231 C
1515 3198 1527 3241 ΙΙ
1567 3200 1608 3230 19
1634 3195 1770 3230 scholia
1795 3195 1846 3230 acl

138 3248 296 3273 nrvmwu
320 3249 436 3274 MANVs
462 3243 494 3274 et
518 3241 568 3275 ad
592 3253 728 3276 nunnus
753 3251 821 3276 om.
847 3241 882 3277 G
905 3242 918 3286 ΙΙ
945 3243 1076 3288 MANVS]
1104 3244 1165 3279 uel
1191 3244 1290 3288 quod
1317 3245 1355 3279 et
1380 3245 1467 3289 (Zeye
1492 3243 1599 3287 haec)
1626 3242 1728 3278 aetas
1754 3244 1845 3287 apta.

1512 3300 1559 3335 121²

1874 1027 1916 1057 10

1875 1387 1917 1417 15
