2092 3614
249 1042 294 1076 10

250 1400 292 1431 15

245 1757 292 1789 20

317 283 407 325 434
1092 283 1254 321 SERVH

437 394 542 437 394..
587 406 805 436 THYMBRE
837 409 913 450 pizo
940 394 1205 450 ‘Thymber'‚
1237 395 1364 437 metri
1391 410 1519 438 causa
1546 395 1875 451 metaplasmum
1906 397 2028 440 feeit:

319 466 404 518 ipse
439 466 550 507 enim
585 467 775 519 superius
806 465 1046 520 ‘Thymber'
1088 467 1204 508 dixit.
1326 478 1592 509 EVANDRIVS
1631 468 1923 522 possessivum
1963 471 2030 510 est

320 536 466 591 modo,
497 551 585 578 non
617 537 962 592 patronymicon.

438 607 537 650 395.
586 625 724 651 DEGISA
751 624 863 651 svm
890 609 995 650 mire
1027 607 1191 664 esuum’,
1223 612 1434 662 tamquam
1465 610 1694 662 dominum,
1726 624 1754 652 a
1783 623 1861 662 quo
1890 609 2032 663 fuerat

318 682 522 732 separata.

439 750 536 792 396.
587 762 964 801 snmANJMEsovss
1006 762 1182 793 ΜΙΟΑΝΤ
1220 762 1371 793 mern
1404 763 1688 802 FERRVMQVE
1719 763 2029 794 RETRACTANT

319 820 452 863 Ennii
491 825 574 877 est,
616 826 664 864 ut
702 823 898 865 oscitat
939 822 990 864 in
1028 823 1221 878 campis
1261 826 1414 877 caput
1452 838 1477 865 a
1515 823 1712 865 cervice
1750 823 2031 879 revulsum,

320 892 747 948 semianimesque
780 894 972 936 micant
1003 894 1139 936 oculi
1170 893 1438 949 lucemque
1465 895 1754 949 requirunt:
1787 909 1913 950 quem
1939 909 2031 937 ver-

320 977 416 1005 sum
447 966 510 1005 ita
541 968 588 1006 ut
614 965 716 1019 fuit,
748 965 1062 1008 transtulitad
1096 980 1219 1007 suum
1253 979 1426 1007 carmen
1461 964 1598 1007 Varro
1631 965 1854 1008 Atacinus.

469 1035 537 1077 97.
589 1048 795 1079 TVENTES
829 1036 956 1079 modo
990 1036 1204 1091 videntes,
1236 1036 1340 1078 alibi
1373 1037 1651 1079 defendentes
1683 1037 1901 1091 siqnisicat.

439 1097 537 1149 398.
586 1118 750 1149 DOLOR
774 1119 833 1149 ΕΤ
860 1119 1018 1150 PVDOR
1043 1108 1104 1149 sic
1130 1109 1178 1150 de
1200 1107 1415 1150 Mezentio
1438 1108 1583 1163 (870)
1611 1110 1818 1150 aestuat
1844 1108 2027 1163 ingens

319 1192 418 1220 uno
450 1178 500 1220 in
533 1178 683 1220 eorde
715 1179 879 1233 pudor
911 1179 1172 1234 mixtoque
1205 1179 1411 1222 insania
1434 1179 1596 1234 luctu.
1646 1180 1724 1221 alii
1748 1180 1926 1221 dolorem
1951 1180 2027 1222 ali-

318 1250 436 1292 cuius
473 1250 603 1291 studii
641 1250 830 1292 ardorem
868 1254 906 1292 et
933 1254 1172 1304 promptam
1206 1251 1363 1304 yloriae
1400 1252 1662 1305 cupiditatem
1702 1254 1879 1293 veterum
1917 1265 2029 1293 more

317 1322 471 1364 dictum
507 1321 663 1376 volunt,
700 1325 748 1363 ut
786 1321 937 1364 Graeci
973 1319 1120 1364 πόνον
1157 1322 1388 1376 appellant:
1431 1322 1619 1365 Lucilius
1655 1324 1701 1365 in
1737 1323 1879 1376 quinto
1915 1336 2027 1364 nam

318 1393 544 1435 omnibus
573 1406 701 1435 unus
730 1393 870 1434 dolor
900 1397 970 1436 est
999 1397 1172 1447 captus
1203 1394 1445 1446 labosque.

437 1464 537 1506 399.
585 1475 852 1506 FVGIENTEM
884 1476 1101 1507 RHOETEA
1134 1476 1346 1506 PRAETER
1380 1465 1427 1507 id
1455 1467 1513 1506 est
1541 1465 1966 1521 praeterfugientem.

437 1535 536 1577 400.
588 1552 825 1583 TANTVMQVE
854 1553 987 1579 MORAE
1015 1548 1123 1579 FVIT
1162 1548 1239 1578 ILO
1279 1536 1502 1578 subaudis:
1542 1535 1596 1577 ad
1634 1539 1817 1578 mortem
1855 1536 1907 1578 Ili
1944 1537 2026 1579 hoe

319 1606 507 1661 spatium
546 1605 630 1659 fuit
665 1609 854 1661 tantum,
893 1610 935 1648 et
973 1607 1080 1649 haee
1118 1608 1212 1650 sola
1249 1622 1388 1663 mora,
1426 1621 1509 1662 quo
1548 1607 1691 1649 minus
1728 1607 1817 1650 Ilus
1855 1609 2026 1663 periret.

317 1679 365 1720 cle
394 1678 510 1720 cuius
540 1680 668 1719 morte
697 1691 790 1720 cum
821 1678 927 1720 nihil
958 1669 1083 1733 dicat,
1116 1679 1425 1733 intelleyendum
1456 1682 1524 1721 est.

435 1749 536 1801 402.
586 1766 808 1792 mmmmm*
846 1750 946 1803 quia
984 1750 1174 1804 intercipi
1209 1750 1348 1792 aliena
1385 1751 1589 1793 dicuntur.
1710 1762 1928 1793 TEVTHRA
1970 1751 2024 1793 ab

319 1835 368 1862 eo
389 1820 501 1876 quod
528 1822 595 1862 est
620 1820 705 1862 ‘hic
725 1820 938 1862 Teuthras
964 1819 1089 1862 huius
1112 1820 1356 1875 Teuthrae',
1383 1821 1597 1876 quomodo
1619 1820 1804 1864 ‘Aeneas
1824 1820 2025 1863 Aeneae'.

436 1892 536 1934 403.
587 1904 741 1934 TYREN
774 1893 829 1934 ab
862 1906 911 1934 eo
945 1891 1057 1947 quod
1090 1894 1156 1933 est
1187 1890 1274 1933 ‘hie
1305 1890 1468 1947 Tyres’.

436 1964 536 2006 404.
585 1980 818 2007 semamms
847 1966 980 2017 potest
1015 1966 1053 2004 et
1084 1962 1379 2005 ‘semianimis'
1414 1964 1465 2005 ab
1501 1977 1544 2005 eo
1581 1965 1689 2018 quod
1722 1967 1781 2006 est
1811 1964 2026 2007 ‘semiani-

286 2084 291 2087 ,
317 2034 429 2078 mus'
463 2035 551 2089 leyi.

246 2114 291 2146 25

247 2470 292 2501 30

435 2106 535 2149 405.
587 2117 770 2149 OPTATO
802 2106 846 2148 id
879 2108 945 2148 est
977 2121 1028 2148 ex
1054 2108 1174 2149 voto:
1206 2121 1283 2161 per
1310 2108 1517 2148 aestatem
1544 2107 1658 2149 enim
1685 2108 1803 2149 venti
1828 2107 2023 2163 frequen-

316 2181 383 2221 ter
422 2180 626 2233 optantur
664 2180 708 2219 et
745 2177 868 2232 ‘quasi
906 2177 1155 2233 contingere
1195 2177 1393 2220 videntur
1431 2193 1481 2220 ex
1519 2180 1638 2230 voto,
1678 2179 1778 2232 quia
1809 2179 2026 2233 †difftculi

316 2252 468 2292 aestate
498 2249 718 2291 validiores
748 2252 855 2291 sunt.
1169 2244 1171 2246 ’

435 2320 534 2362 406.
585 2316 771 2362 Dtsi’ERSA
802 2334 851 2370 ex
882 2321 1053 2363 diversis
1084 2320 1191 2362 locis.

434 2392 533 2434 407.
582 2408 721 2434 mons
750 2391 928 2434 absolute
958 2392 1075 2434 dixit.
1199 2403 1503 2434 EXTENDITVR
1535 2403 1628 2433 VNA
1661 2391 1771 2433 sicut-
1802 2391 1928 2433 duces
1961 2391 2022 2433 di-

318 2462 454 2505 versis
489 2462 593 2504 locis
627 2463 856 2504 commissa
886 2463 1052 2518 proelia
1084 2463 1453 2505 continuaverant.

414 2559 434 2590 7
461 2553 573 2588 Ε111111
598 2555 671 2600 est]
700 2566 784 2590 ann.
811 2567 845 2591 v.
872 2559 941 2591 462
969 2554 1122 2601 Vah1.11
1155 2558 1198 2589 14
1223 2554 1387 2590 Lucilius
1413 2554 1451 2590 in
1478 2555 1626 2602 quinto]
1643 2567 1686 2591 v.
1715 2557 1759 2589 55
1785 2554 1912 2591 Muell.
1937 2556 1950 2602 ΙΙ
1977 2559 2023 2591 20

318 2602 407 2647 quia
433 2629 440 2637 .
463 2630 470 2637 .
492 2601 718 2648 .dicuntur]
745 2602 790 2638 cf.
817 2603 909 2638 Don.
935 2602 984 2637 ad
1010 2602 1091 2637 Ter.
1120 2601 1267 2646 Eun.1,
1294 2606 1325 2647 1,
1353 2606 1396 2638 35

415 2689 433 2720 1
460 2696 647 2720 'smnus
672 2684 709 2719 A
747 2697 876 2719 'numm
901 2684 935 2718 L
973 2697 1126 2719 numum
1152 2685 1197 2719 H
1230 2686 1241 2731 ΙΙ
1278 2689 1300 2719 4
1325 2686 1375 2720 ad
1399 2698 1491 2722 sva
1516 2697 1542 2721 s.
1568 2697 1600 2721 v.
1627 2686 1770 2722 scilicet
1802 2697 1934 2731 corpus
1960 2686 2022 2720 uel

317 2733 507 2768 dominum
537 2733 569 2766 T
594 2734 607 2778 ss
645 2735 665 2766 5
692 2735 863 2777 seperata
889 2731 929 2767 F
964 2735 1140 2776 superata
1165 2732 1198 2767 G
1229 2734 1240 2778 ΙΙ
1280 2737 1298 2768 7
1324 2732 1435 2773 Ennii
1460 2736 1516 2768 est
1542 2734 1598 2779 ut]
1627 2734 1672 2768 de
1699 2733 1808 2769 ennio
1834 2731 2021 2768 sublatum

317 2782 375 2815 est
399 2780 464 2816 ille
490 2780 588 2815 enim
616 2779 671 2814 ait
690 2779 757 2826 Fu
776 2784 796 2814 9
823 2779 871 2814 ad
897 2790 1003 2814 suum
1031 2790 1179 2815 carmen
1203 2780 1397 2815 transtulit
1417 2780 1456 2815 F
1472 2782 1483 2827 ΙΙ
1502 2783 1679 2816 atacenus
1705 2780 1876 2816 Serviani
1898 2780 1987 2815 libri
2009 2779 2021 2826 Η

319 2831 363 2862 10
389 2827 501 2863 1110ᾱο
526 2826 714 2862 intuentes
740 2827 834 2862 alias
860 2826 900 2861 F
916 2828 927 2871 ΙΙ
949 2830 991 2860 11
1019 2826 1051 2861 si
1077 2826 1117 2861 F
1131 2828 1144 2872 ΙΙ
1163 2826 1208 2862 de
1221 2828 1315 2862 mab.
1345 2828 1412 2862 Ml
1430 2830 1441 2872 ΙΙ
1463 2832 1505 2863 12
1530 2830 1580 2863 ad
1603 2840 1719 2863 nomn
1742 2839 1769 2863 s.
1796 2839 1827 2862 v.
1855 2826 2019 2862 dolorem

315 2875 471 2919 quidam
497 2875 685 2919 accipiunt
709 2873 865 2909 alicuius
884 2872 998 2909 studii
1018 2874 1187 2909 ardorem
1209 2875 1246 2909 et
1264 2877 1440 2920 prompta
1459 2875 1579 2920 gloria
1600 2876 1678 2921 (sic)
1699 2874 1942 2920 cupiditatem
1962 2873 1994 2908 T
2009 2873 2020 2920 Η

317 2921 489 2958 aliicuius
514 2922 597 2957 tudi
622 2922 663 2956 F
677 2923 690 2967 11
710 2925 754 2957 15
780 2925 838 2957 est
863 2921 987 2967 captu'
1010 2922 1229 2957 Muellerus·
1256 2925 1428 2967 recaptus
1448 2922 1488 2957 F
1522 2923 1692 2967 receptus
1712 2922 1850 2957 Daniel
1867 2922 1880 2966 ΙΙ
1898 2921 2020 2966 lapus-

317 2981 389 3014 que
416 2969 470 3012 F,
501 2980 592 3004 corr.
619 2969 758 3005 Daniel
792 2971 805 3015 ΙΙ
845 2972 886 3004 16
912 2969 1066 3013 propter
1094 2969 1300 3014 fugientem
1327 2970 1360 3003 L
1368 2970 1413 3004 H
1433 2970 1538 3015 (corr.
1565 2970 1593 3015 l)
1630 2971 1641 3015 ΙΙ
1682 2973 1723 3004 17
1750 2968 1925 3003 subaudis
1952 2996 1960 3004 .
1982 2997 1989 3004 .
2010 2996 2018 3004 .

317 3016 482 3062 tantum]
509 3017 580 3051 hoc
605 3018 752 3052 tantum
776 3016 932 3062 spadum
958 3015 998 3050 F
1013 3016 1026 3060 ΙΙ
1045 3016 1096 3061 et]
1124 3019 1166 3051 ut
1192 3019 1230 3052 et
1257 3017 1305 3052 M
1321 3018 1333 3061 ss
1362 3021 1405 3052 19
1432 3016 1532 3063 011111]
1560 3028 1642 3052 eum
1670 3015 1709 3051 F
1724 3017 1736 3061 ΙΙ
1755 3019 1800 3050 20
1825 3014 2020 3068 uocatique

317 3065 365 3099 ab
390 3075 435 3099 eo
460 3063 510 3099 M
523 3064 535 3110 ΙΙ
554 3067 598 3098 21
626 3063 735 3099 huius
762 3064 950 3099 Teuthrae
975 3067 1009 3098 et
1033 3062 1180 3099 Aeneae
1204 3075 1270 3100 om.
1292 3064 1331 3098 F
1347 3064 1359 3108 ΙΙ
1379 3064 1580 3116 quomodo]
1608 3063 1704 3099 sicut
1729 3062 1769 3097 F
1785 3064 1797 3107 ΙΙ
1816 3067 1860 3097 23
1888 3061 2019 3098 semia-

317 3111 439 3146 nimus
462 3109 541 3156 legi
567 3111 719 3146 Daniel:
748 3109 959 3146 semanibus
983 3111 1080 3145 imus
1106 3111 1180 3155 legi
1206 3111 1253 3145 F.
1291 3112 1445 3155 fortasse
1470 3111 1707 3146 sem1animus
1731 3110 1903 3154 intellegi
1931 3111 1944 3156 ΙΙ
1973 3113 2018 3145 25

317 3159 398 3204 fieq
399 3158 520 3194 uentis
546 3157 587 3194 F
612 3160 625 3204 11
663 3162 707 3194 26
740 3158 886 3194 difficili
909 3158 1048 3193 Daniel
1085 3157 1284 3194 difficulter
1307 3158 1547 3194 Burmannus
1583 3157 1671 3202 quia
1695 3157 1781 3192 inde
1806 3157 1962 3202 igniculi
1986 3168 2019 3193 a.

317 3218 351 3242 v.
379 3208 465 3241 sunt
488 3206 543 3241 vel
566 3205 660 3240 fiunt
683 3205 882 3242 Schoellius
908 3207 920 3252 11
950 3208 995 3240 28
1022 3205 1071 3240 ad
1090 3217 1259 3241 nxsmmsA
1276 3217 1303 3241 s.
1324 3217 1356 3242 v.
1382 3205 1421 3240 in
1447 3204 1603 3240 diuersis
1627 3204 1719 3240 locis
1743 3204 1776 3238 Τ
1801 3207 1812 3250 ΙΙ
1844 3208 1889 3239 29
1911 3205 2019 3240 schol.

319 3254 368 3289 ad
393 3265 616 3290 axi-sunum
639 3266 673 3290 v.
701 3264 766 3289 om.
789 3253 830 3288 F
