2092 3614
231 1005 274 1035 10

231 1364 272 1394 15

228 1722 273 1753 20

227 2079 271 2111 25

301 244 391 287 494
1077 243 1239 281 SERVII

301 356 348 398 in
377 354 518 398 urbem
553 354 734 407 infertur
769 354 892 397 cereis
924 353 1161 409 facibusque
1182 354 1530 410 praelucentibus,
1566 355 1624 397 ad
1651 355 1768 398 cuius
1798 355 2008 410 exsequias

301 440 418 469 nemo
447 425 681 480 royabatur.
741 438 842 468 sanc
871 425 968 468 haec
997 439 1170 480 corpora
1199 426 1282 468 sive
1303 426 1440 480 proici
1471 425 1731 483 iubebantur,
1761 440 1789 469 a
1819 427 2007 482 cadendo,

301 499 383 541 sice
412 498 522 552 quod
549 497 763 552 sepultura
793 497 987 541 carebant
1015 496 1246 540 ‘cadavera'
1279 498 1398 540 dicta.

423 569 520 612 144.
551 580 859 612 DISGRIMINAT
890 569 937 612 id
963 572 1023 612 est
1053 569 1223 611 dividit:
1255 569 1366 611 unde
1398 570 1442 610 et
1473 568 1703 611 discrimen
1735 569 1892 625 capitis
1917 585 2007 612 mu-

302 642 451 684 liebris
484 640 652 696 dicitur,
683 654 734 683 ex
763 654 807 683 eo
837 642 947 695 quod
975 644 1098 695 caput
1127 654 1231 683 auro
1263 641 1480 684 discernat.

423 713 520 756 146.
572 729 793 756 succensae
820 716 868 755 ut
897 712 1041 768 <103>
1076 712 1262 755 tumulo
1293 712 1480 754 sineret
1508 712 1759 755 succedere
1789 715 1959 756 terrae.

423 784 519 826 147.
569 795 841 827 INCENDVNT
880 784 1080 840 implent,
1120 786 1170 827 ut
1208 783 1279 838 <X
1311 783 1425 838 895>
1467 783 1690 826 clamore
1727 783 2008 827 incendunt

301 855 497 897 caelum
529 855 787 911 Troesque
822 855 1111 911 Latinique.

422 927 517 970 148.
566 938 640 969 vls
673 939 797 970 VLLA
827 942 906 970 nec
938 928 1096 970 aetatis
1127 927 1401 982 inbecillitas,
1432 941 1511 970 nec
1543 927 1750 970 severitas
1782 927 1914 984 regia.

421 998 519 1041 149.
570 1011 784 1042 FERETRO
815 1011 1063 1042 PALLANTE
1094 1010 1306 1042 REPos'ro
1337 1000 1384 1041 id
1411 1002 1470 1042 est
1492 999 1637 1054 posito
1664 998 1876 1042 Pallantis
1901 998 2006 1041 fere-

300 1072 388 1112 tro:
420 1085 521 1112 nam
554 1070 787 1126 antiptosis
819 1073 897 1114 est.

421 1141 518 1184 152.
562 1153 659 1184 NON
690 1153 814 1184 HAEc
847 1153 876 1185 o
908 1153 1061 1184 PALLA
1086 1154 1303 1186 DEDERAs
1330 1145 1559 1186 PROMISSA
1584 1153 1787 1184 PARENTI
1813 1153 2006 1186 oAv'mvs

300 1225 342 1256 v.
373 1225 408 1256 S.
435 1225 478 1256 V.
504 1225 545 1257 Τ.
572 1224 610 1256 c.
635 1226 681 1256 M.
714 1214 871 1269 duplex
904 1214 1117 1270 expositio
1150 1216 1226 1257 est.
1265 1216 1340 1256 aut
1372 1214 1485 1256 enim
1516 1213 1599 1256 hoc
1631 1213 1751 1256 dicit:
1781 1228 1869 1256 non
1901 1214 2007 1257 mihi

299 1285 407 1327 talia
443 1285 752 1342 promittebas,
789 1288 839 1328 ut
876 1286 1092 1329 crederem
1130 1286 1297 1329 cautius
1322 1288 1364 1327 te
1397 1285 1718 1341 dimicaturum3
1758 1288 1808 1328 ut
1838 1286 2006 1328 intelle-

300 1370 452 1411 gamus
483 1356 828 1412 proficiscentem
860 1356 1103 1399 Pallantem
1134 1357 1386 1413 promisisse
1418 1357 1534 1412 patri
1566 1357 1803 1413 victoriam,
1834 1358 2006 1400 caedem

298 1427 506 1483 hostium,
537 1427 727 1483 plurima
753 1427 912 1483 spolia3
945 1428 1018 1484 qui
1043 1428 1159 1470 enim
1185 1429 1292 1471 haec
1318 1429 1493 1484 cogitat,
1519 1429 1710 1471 cautelae
1738 1429 2008 1472 obliviscitur

299 1498 509 1541 aviditate
547 1499 755 1542 vincendi.
806 1501 882 1542 aut
919 1502 1034 1542 certe
1074 1498 1190 1542 ‘non'
1222 1515 1301 1555 pro
1341 1498 1526 1556 ‘nempe'
1566 1500 1846 1556 accipiamus,
1882 1502 1931 1542 ut
1960 1501 2006 1543 in

300 1569 501 1612 Terentio
539 1585 639 1613 non
676 1573 732 1613 tu
770 1571 902 1614 hunc
941 1586 1025 1614 rus
1057 1571 1363 1627 produxisse
1396 1571 1600 1614 aiebas?
1650 1571 1692 1614 id
1725 1574 1790 1614 est
1820 1571 2006 1625 ε1101111οζ

299 1640 503 1698 ‘nempe',
546 1645 596 1684 ut
637 1657 751 1685 nunc
791 1643 847 1685 sit
886 1658 1056 1685 sensus:
1094 1657 1248 1699 nempe
1286 1643 1392 1685 haec
1430 1643 1536 1686 mihi
1574 1642 1752 1686 dederas
1789 1644 2006 1700 promissa

299 1712 539 1769 discedens,
577 1714 678 1769 quia
716 1715 883 1757 cautius
921 1714 1065 1757 fueras
1105 1714 1399 1757 dimicaturus.
1460 1715 1539 1758 alii
1569 1728 1654 1758 non
1686 1714 1902 1771 ‘parenti',
1938 1717 2008 1758 sed

299 1784 310 1802 ⁶
313 1785 467 1839 petenti
474 1784 487 1802 '
526 1785 680 1841 leyunt,
722 1789 770 1828 ut
810 1800 895 1829 non
937 1787 1028 1829 iure
1071 1786 1313 1839 adfectionis
1354 1800 1480 1841 quarn
1521 1787 1636 1841 filius
1671 1787 1790 1841 patri
1832 1786 2005 1842 debebat,

296 1857 367 1899 sed
382 1872 383 1875 ¹
400 1856 676 1900 humanitatis
705 1871 797 1900 eum
827 1859 1037 1901 convenire
1066 1859 1274 1901 videatur:
1309 1859 1459 1912 petenti
1489 1858 1610 1914 mihi,
1647 1872 1669 1901 ο
1702 1858 1848 1914 Palla,
1883 1859 2005 1912 fidem

297 1929 465 1971 dederas
490 1932 526 1971 te
549 1930 711 1972 cautius
734 1944 861 1984 quam
883 1930 1037 1983 fortius
1061 1930 1377 1972 dimicaturum:
1408 1933 1446 1972 et
1469 1930 1707 1983 adfirmant,
1737 1930 1775 1972 si
1800 1928 2003 1984 ‘parenti'

298 2001 506 2055 legendum
530 2004 640 2057 esset,
662 2002 846 2056 potuisse
869 2002 952 2044 dici
978 2001 1081 2044 ‘non
1105 2001 1212 2057 haec,
1243 2015 1265 2044 o
1290 2002 1365 2057 fili,
1391 2002 1559 2044 dederas
1575 2001 1785 2055 promissa
1800 2001 2005 2055 parenti'.

296 2072 375 2114 alii
403 2072 501 2115 haec
529 2070 639 2115 κατὰ
669 2070 719 2115 τὸ
753 2069 1047 2128 σιωπώμενον
1078 2073 1188 2115 dicta
1218 2073 1350 2129 accipi
1378 2073 1528 2116 volunt.

419 2143 514 2186 154.
565 2157 615 2187 IN
646 2156 785 2188 ARMIS
818 2144 932 2200 apud
964 2147 1193 2200 armatum,
1225 2144 1346 2187 cuius
1378 2144 1606 2188 consilium
1637 2144 1847 2199 cupiditas
1873 2144 2004 2187 victo-

297 2215 387 2257 riae
418 2215 673 2271 plerumque
706 2217 947 2259 conturbat.

393 2372 413 2403 2
441 2379 528 2404 sane
555 2396 563 2405 .
650 2368 834 2405 cadavera
859 2369 975 2416 dicta]
1006 2368 1051 2404 cf.
1077 2367 1163 2404 Isid.
1192 2380 1243 2404 or.
1270 2368 1321 2404 XI
1347 2374 1379 2414 2,
1407 2372 1459 2404 35-
1479 2370 1517 2405 et
1542 2337 1618 2404 diii'.
1645 2369 1746 2405 verb.
1773 2372 1840 2404 522
1861 2371 1873 2416 ΙΙ
1900 2373 1923 2404 4
1948 2370 2002 2405 di-

297 2415 393 2451 vidit
418 2444 425 2452 .
449 2444 456 2451 .
478 2445 485 2452 .
513 2416 716 2464 discernat]
744 2417 789 2453 cf.
815 2416 902 2452 Isid.
929 2428 981 2454 or.
1007 2416 1094 2452 XIX
1119 2420 1177 2461 31,
1204 2418 1256 2463 811
1286 2421 1328 2452 17
1354 2417 1394 2452 in
1419 2416 1609 2463 Terentio]
1635 2416 1793 2462 Adelph.
1821 2417 1871 2453 IV
1897 2422 1930 2463 2,
1957 2422 2000 2453 21

394 2561 413 2592 1
444 2557 603 2594 infertur
633 2558 672 2592 in
705 2551 820 2594 cereis
846 2558 887 2593 F
926 2557 951 2594 i.
984 2569 1068 2593 cum
1099 2558 1214 2594 cereis
1243 2558 1449 2595 Masvicius
1484 2561 1496 2606 ΙΙ
1532 2559 1750 2604 facibusque
1779 2560 1826 2595 T:
1857 2559 2002 2596 facibus

300 2605 479 2651 quoniam
503 2605 543 2641 F
570 2607 584 2652 ss
620 2609 641 2641 2
667 2607 820 2651 rogatur
844 2606 984 2642 Lucius
1013 2607 1026 2652 ΙΙ
1062 2610 1085 2641 4
1110 2606 1307 2642 mulierum
1332 2606 1367 2641 R
1406 2607 1623 2643 mulieribus
1650 2608 1694 2642 H
1725 2607 1891 2643 mulieris
1918 2608 1967 2643 M
1988 2607 2001 2654 Η

300 2657 321 2689 5
347 2653 466 2699 capud
492 2653 533 2689 F
556 2655 569 2699 ss
605 2657 626 2689 9
653 2664 721 2688 nec
746 2653 882 2689 aetatis
907 2664 975 2689 nec
1000 2653 1259 2689 inbecillitatis
1285 2654 1326 2689 F
1353 2656 1365 2700 ΙΙ
1405 2658 1447 2690 10
1472 2655 1595 2700 posito
1620 2666 1686 2691 om.
1712 2655 1787 2691 AS
1815 2656 1827 2702 ΙΙ
1866 2660 1908 2691 17
1934 2666 2002 2701 pro

298 2712 419 2737 nonne
446 2702 485 2736 et
508 2712 643 2747 nempe
670 2700 870 2737 Fabricius
889 2702 901 2747 ΙΙ
920 2702 1070 2748 nempe]
1096 2713 1231 2737 nomen
1250 2702 1294 2738 H
1308 2703 1320 2748 ΙΙ
1341 2705 1385 2738 18
1410 2714 1483 2738 11011
1508 2704 1549 2738 tu
1575 2703 1673 2738 hunc
1699 2714 1760 2738 rus
1785 2702 2002 2748 produxisse

299 2749 427 2784 aiebas
452 2749 526 2785 AS
562 2760 636 2784 non
661 2749 703 2783 tu
727 2761 789 2784 rus
815 2748 902 2784 hinc
927 2748 1144 2794 produxisse
1171 2750 1296 2785 aiebas
1322 2750 1373 2785 M
1410 2761 1483 2786 non
1508 2751 1550 2785 tu
1574 2751 1673 2785 hunc
1698 2762 1759 2785 rus
1784 2749 2002 2796 produxisse

300 2798 338 2831 et
363 2796 490 2832 aiebas
516 2796 557 2831 F
595 2808 670 2832 non
695 2797 739 2831 tu
763 2796 849 2831 hinc
873 2808 934 2831 rus
958 2797 1057 2832 huno
1083 2797 1264 2842 prodiisse
1290 2798 1417 2832 aiebas
1442 2797 1479 2832 R
1524 2809 1599 2833 non
1623 2798 1697 2833 huc
1721 2810 1782 2832 rus
1808 2797 1895 2833 binc
1920 2808 2002 2842 pro-

298 2844 395 2879 disse
420 2843 546 2880 aiebas
573 2845 617 2879 H
654 2855 729 2879 non
762 2845 804 2879 tu
830 2854 915 2879 eum
940 2856 1002 2879 rus
1033 2844 1120 2880 hinc
1151 2845 1264 2881 modo
1295 2845 1461 2890 produxe
1487 2844 1591 2880 aibas
1620 2845 1819 2881 Terentius.
1862 2856 1935 2880 non
1960 2846 2001 2879 tu

297 2903 359 2926 rus
392 2902 477 2926 eum
508 2892 689 2937 prodiisse
722 2891 848 2927 aiebas
880 2891 1024 2927 Donati
1049 2893 1100 2928 ed.
1121 2904 1182 2937 pr.
1209 2893 1251 2927 in
1276 2894 1436 2929 lemmate
1460 2893 1624 2928 exhibere
1649 2895 1800 2928 testatur
1832 2891 1898 2927 Vm
1893 2891 2001 2937 JJ-fen

299 2939 448 2974 bachius
467 2939 479 2985 ΙΙ
497 2939 635 2986 nonne]
662 2950 729 2974 om.
750 2939 885 2983 ASF,
910 2950 985 2974 non
1003 2951 1071 2984 pro
1091 2940 1141 2974 M
1155 2941 1166 2986 ΙΙ
1188 2944 1230 2975 19
1257 2940 1349 2975 mihi
1368 2940 1461 2975 haec
1479 2940 1553 2974 AS
1570 2941 1582 2984 ΙΙ
1602 2939 1746 2975 dederis
1766 2938 1807 2974 F
1821 2939 1834 2983 ΙΙ
1852 2943 1898 2974 20
1893 2899 2000 2974 P-fue

298 2986 348 3021 ris
372 2986 409 3021 R
434 2987 446 3032 ss
476 2989 708 3032 pugnaturus
735 2986 776 3022 F
797 2988 808 3034 ΙΙ
839 2967 888 3022 ad
913 2997 943 3022 v.
974 2951 1040 3022 15Ρ2
1067 2987 1219 3031 quidam
1245 2988 1376 3034 legunt
1399 2986 1544 3032 petenti
1568 2987 1611 3022 ut
1633 2997 1709 3022 non
1734 2997 1778 3022 ex
1804 2986 2000 3022 affectione

298 3034 363 3070 sed
389 3045 434 3069 ex
459 3033 693 3069 humanitate
728 3045 811 3070 eum
844 3033 1041 3070 conuenire
1072 3035 1245 3070 uideatur
1271 3063 1279 3071 .
1301 3063 1308 3070 .
1365 3034 1521 3070 dederas
1551 3033 1736 3079 promissa
1760 3034 1906 3079 parenti
1935 3034 1968 3068 T
1988 3034 2002 3081 Η

299 3085 343 3116 21
370 3081 530 3136 petenti]
566 3081 712 3127 patenti
737 3081 778 3116 F
810 3081 958 3127 parenti
985 3081 1020 3116 G
1056 3083 1068 3126 ΙΙ
1105 3082 1265 3118 debebat
1290 3082 1509 3118 Masvicius.
1537 3081 1699 3117 ducebat
1723 3081 1763 3116 F
1796 3082 1809 3127 ΙΙ
1845 3085 1889 3117 22
1916 3092 2000 3117 eum

298 3130 423 3164 uenire
443 3128 484 3163 F
498 3129 512 3174 ll
530 3132 576 3164 24
595 3129 777 3174 potuisset
797 3129 878 3164 FT
894 3130 906 3176 ΙΙ
924 3127 992 3164 filii
1012 3129 1052 3164 F
1068 3131 1079 3176 ΙΙ
1108 3133 1152 3164 25
1180 3131 1263 3165 cata
1281 3132 1321 3165 to
1342 3129 1582 3175 siopomenon
1602 3129 1642 3163 F
1658 3130 1669 3173 ΙΙ
1688 3133 1733 3164 26
1754 3130 1916 3164 armatos
1934 3129 1971 3164 R
1990 3130 2000 3175 Η

299 3176 418 3221 cuius]
444 3188 528 3212 cum
553 3176 642 3211 RH
668 3178 680 3222 ΙΙ
717 3177 871 3213 consilio
896 3177 934 3212 R
962 3178 975 3223 ΙΙ
1012 3177 1145 3222 cupido
1171 3177 1265 3212 RH
1297 3177 1452 3223 cupidos
1479 3176 1519 3211 F
1545 3177 1557 3223 ΙΙ
1594 3177 1643 3212 ad
1668 3188 1764 3211 mvn
1791 3188 1941 3212 unusve
1968 3190 1999 3213 n.

298 3225 344 3269 (v.
367 3225 449 3270 154)
476 3235 520 3260 ex
545 3235 589 3260 eo
615 3224 715 3269 quod
741 3224 908 3270 sperauit
931 3223 1052 3260 mouit
1075 3225 1211 3270 pathos
1235 3225 1276 3260 Τ.
1309 3226 1355 3269 cf.
1378 3224 1545 3260 Macrob.
1566 3223 1643 3260 Sat.
1666 3223 1716 3259 IV
1736 3227 1768 3269 6,
1788 3227 1809 3259 8
