2092 3614
531 265 681 302 COMM.
708 262 934 302 marnas.
962 262 1074 301 AEN.
1100 263 1152 297 1x
1177 267 1376 299 359-371.
1485 249 1488 255 ’
1724 261 1811 303 343

222 376 321 418 365.
370 387 493 418 VRBE
525 386 700 417 LATINA
737 388 823 416 non
856 375 923 415 est
953 372 1217 416 contrarium
1249 372 1313 414 illi
1346 372 1461 426 loco,
1497 371 1572 414 ubi
1604 372 1666 413 ait
1697 370 1812 426 <VII

104 446 218 502 600>
250 447 452 501 saepsit
477 462 530 489 se
554 447 709 489 tectis
735 458 1006 500 rerumque
1031 443 1251 498 reliquit
1276 443 1524 498 habenas,
1551 442 1665 498 qnod
1685 443 1812 485 modo

104 534 130 559 a
161 517 319 560 Latina
352 518 456 560 urbe
489 517 648 559 auxilia
680 517 824 559 venire
857 517 1184 558 commemorat:
1223 514 1517 569 intellegimus
1550 514 1664 556 enim
1685 513 1812 556 'Lati-v

102 604 206 631 num
245 589 292 631 in
329 589 543 645 principio
583 587 820 630 discordiae
861 590 905 629 et
943 586 1154 629 tumultus
1192 585 1417 640 paululum
1458 600 1501 627 se
1541 585 1813 640 abstinuisse,

103 662 255 716 postea
294 663 443 703 tamen
483 675 560 702 nec
602 674 779 701 suorum
820 658 966 713 copias
1007 671 1086 699 nec
1127 657 1301 712 propria
1340 656 1577 712 denegasse
1614 657 1811 712 consilia3
1839 664 1859 696 5

103 747 204 774 nam
237 747 334 774 eum
361 734 405 774 et
429 731 569 773 coetui
596 733 639 772 et
664 729 908 773 foederibus
934 728 1183 771 interfuisse
1209 728 1402 771 dicturus
1429 731 1506 770 est.
1607 744 1818 770 PRAEMISSI

103 822 152 851 EQ
161 821 270 847 ymas
298 803 371 845 hos
401 816 529 857 neque
559 803 643 844 alio
669 802 752 844 loeo
777 816 806 843 a
833 801 974 843 Turno
999 801 1143 843 missos
1167 813 1343 853 usquam
1367 800 1490 851 dixit,
1521 813 1592 841 nee
1614 799 1739 852 prius
1766 799 1814 840 de

102 876 160 917 eis
197 874 440 917 mentionem
482 874 601 927 feeit:
645 873 857 915 dubitatur
893 886 985 926 erqo
1016 886 1044 914 a
1073 885 1151 925 quo
1187 872 1273 913 sint
1306 871 1368 913 vel
1403 870 1549 925 quibus
1577 870 1813 924 praemissi,

101 946 162 989 vel
191 960 266 988 eur
287 946 531 1000 praemissi,
562 959 654 987 eum
685 958 749 987 eos
779 946 928 986 constet
956 943 1055 985 aliis
1078 943 1167 985 iam
1191 943 1238 984 in
1263 956 1406 996 eampo
1430 943 1580 996 positis
1610 941 1812 984 advenire.

222 1017 320 1060 366.
370 1027 513 1059 LEGIO
541 1027 707 1058 CAMPIS
735 1026 998 1058 ms‘ercrA
1023 1026 1249 1057 MORATVR
1274 1014 1467 1069 proprie;
1491 1028 1593 1055 nam
1618 1012 1811 1069 legiones
1841 1022 1884 1055 10

103 1087 297 1144 peditum
329 1091 447 1143 sunt,
477 1090 646 1130 turmae
678 1102 778 1129 vero
811 1086 1016 1142 equitum.

223 1160 320 1202 367.
372 1177 499 1203 wmvo
529 1176 626 1202 REGI
653 1159 699 1200 in
730 1158 917 1201 omnibus
948 1158 1063 1200 bonis
1094 1155 1236 1212 ‘reqis'
1268 1157 1420 1200 dieitur
1449 1157 1682 1199 inventum:
1712 1170 1814 1198 nam

102 1231 222 1284 quasi
263 1231 487 1273 absurdum
530 1233 603 1282 est,
645 1230 799 1273 duobus
838 1229 1001 1284 positis,
1050 1228 1240 1271 ,Turnum
1271 1229 1413 1282 potius
1449 1242 1574 1282 quam
1610 1228 1814 1270 Latinum

102 1316 295 1359 responsa
326 1303 436 1344 dare.

223 1374 320 1416 368.
372 1384 654 1416 TERCENTVM
693 1373 793 1428 quia
823 1371 1007 1414 Romani
1039 1371 1205 1426 equites
1236 1371 1377 1427 primo
1409 1370 1591 1412 trecenti
1622 1370 1814 1428 fuerunt3
1841 1380 1883 1412 15

103 1445 154 1487 de
188 1444 369 1501 singulis
402 1445 516 1486 enim
549 1443 679 1486 curiis
712 1443 811 1486 deni
844 1443 1078 1498 dabantur,
1111 1457 1217 1499 quas
1250 1442 1433 1498 triginta
1462 1441 1595 1484 fuisse
1629 1442 1813 1484 diximus

104 1515 241 1571 <VIII
261 1515 389 1570 638).
439 1530 497 1557 an
531 1514 780 1558 ‘tercentum'
811 1518 860 1557 ut
890 1516 944 1557 οἳ,
964 1510 1007 1560 δ’
1043 1513 1173 1556 ἐννέα
1204 1510 1367 1564 πάντες
1398 1510 1601 1556 ἀνέσταν.
1711 1524 1813 1556 scv-

105 1599 214 1630 ΤΑΤΙ
241 1598 397 1630 OMNES
422 1587 599 1629 armati:
631 1602 659 1629 a
674 1590 799 1641 parte
824 1590 973 1629 totum:
1005 1600 1091 1628 non
1117 1585 1306 1640 clipeati3
1338 1599 1441 1626 nam
1466 1585 1594 1640 clipei
1618 1584 1814 1640 peditum

104 1662 223 1714 sunt,
255 1662 377 1702 scuta
410 1659 612 1714 equitum.
735 1669 1008 1701 VOLSCENTE
1041 1668 1282 1699 MAGISTRO
1314 1656 1506 1712 proprie:
1545 1671 1649 1698 nam
1680 1656 1814 1712 magi-

105 1733 194 1773 ster
226 1730 419 1786 equitum
451 1730 608 1773 dicitur
639 1744 748 1772 more
778 1729 969 1772 Romano
1000 1730 1072 1783 qui
1102 1728 1294 1771 dictatori
1323 1728 1498 1782 adiunqi
1526 1728 1635 1771 solet.
1840 1738 1885 1769 20

222 1802 321 1844 369.
370 1812 500 1844 MVRo
541 1801 839 1844 Troianorum.
960 1817 1169 1849 MVROSQVE
1195 1817 1393 1843 svmssmr
1429 1800 1718 1842 Troianorum.
1779 1802 1818 1841 et

104 1877 163 1916 est
193 1873 338 1916 locutio
369 1874 416 1915 de
447 1872 636 1915 Cicerone
657 1873 915 1926 poterisne
945 1872 1050 1914 eius
1081 1871 1349 1925 †oratione
1378 1871 1576 1914 subire?

224 1945 322 1988 370.
372 1955 526 1986 LAnvo
558 1955 846 1987 FLEOTENTIS
884 1955 1049 1986 L1M1'rn
1088 1942 1321 1998 respiciens
1360 1942 1492 1984 situm
1529 1942 1719 1997 regionis
1756 1942 1818 1984 lo-

106 2018 230 2059 cutus
263 2018 340 2058 est.

225 2088 324 2130 371.
374 2098 629 2130 SVBLVSTRI
669 2098 834 2130 NOCTIS
873 2099 921 2128 IN
955 2098 1113 2129 VMBRA
1154 2084 1387 2127 sublustris
1424 2099 1509 2126 nox
1549 2087 1615 2126 est
1650 2078 1815 2127 habens
1841 2094 1885 2126 25

107 2158 285 2214 aliquid·
317 2158 444 2200 lucis:
496 2158 703 2201 Horatius
749 2160 898 2201 nocte
943 2156 1199 2200 sublustri
1242 2156 1374 2198 nihil
1419 2158 1560 2199 astra
1608 2158 1816 2211 praeter

106 2229 240 2273 vidit
272 2231 321 2271 et
351 2230 523 2273 undas.

203 2387 245 2419 17
273 2381 308 2418 οἲ
334 2380 390 2429 δ’]
418 2382 459 2418 Il.
490 2383 556 2418 VII
584 2386 650 2418 161
682 2383 694 2428 ΙΙ
735 2386 776 2418 18
803 2380 915 2426 clipei
941 2409 949 2416 .
972 2408 979 2416 .
1000 2410 1007 2417 .
1037 2381 1221 2427 equitum]
1257 2379 1302 2415 cf.
1328 2380 1413 2417 Isid.
1442 2391 1493 2416 or.
1520 2380 1643 2416 XVIII
1670 2385 1725 2425 12,
1755 2384 1772 2415 1
1805 2380 1816 2427 Η

83 2434 151 2481 ,22
179 2430 225 2466 de
252 2429 444 2477 Cicerone]
471 2430 586 2467 divin.
611 2429 650 2465 in
676 2428 780 2465 Caec.
811 2433 865 2473 14,
892 2431 938 2464 46
969 2430 981 2476 {1
1011 2433 1056 2465 26
1082 2429 1275 2475 Horatius]
1302 2439 1414 2464 carm.
1442 2428 1495 2462 III
1520 2432 1578 2474 27,
1603 2432 1648 2464 31

1803 2522 1814 2540 Χ

203 2577 224 2607 2
250 2583 323 2617 quo
348 2572 383 2606 L
410 2572 524 2616 (quod
549 2572 576 2617 Ζ)
596 2573 608 2617 ΙΙ
632 2583 655 2607 a
680 2583 746 2609 om.
774 2572 814 2607 F
829 2573 841 2619 n
866 2575 888 2607 4
912 2571 1107 2617 paulolum
1131 2570 1261 2607 ΑΒΜ
1284 2572 1390 2617 (eorr.
1417 2572 1455 2616 a)
1475 2572 1486 2617 ΙΙ
1513 2570 1719 2606 obtinuisse
1745 2571 1818 2606 As

70 2666 71 2669 Ἰ
109 2623 214 2664 (corr.
235 2620 273 2664 a)
292 2620 303 2666 ΙΙ
323 2624 343 2655 ’1
370 2630 547 2663 susquam
571 2620 604 2655 G
623 2620 635 2666 ΙΙ
654 2620 700 2655 de
726 2620 778 2655 eis
803 2620 959 2655 Daniel:
986 2618 1088 2655 decis
1115 2618 1156 2653 F
1170 2619 1183 2664 ΙΙ
1202 2622 1222 2654 8
1249 2618 1442 2654 dubitatus
1470 2619 1504 2654 G
1521 2620 1533 2665 ΙΙ
1553 2622 1573 2654 9
1600 2619 1748 2654 constat
1767 2619 1816 2662 F,

109 2679 200 2704 corr.
229 2668 435 2703 Masvieius
465 2667 477 2713 ss
516 2670 558 2701 12
595 2667 723 2713 ‘regis'
758 2668 883 2703 malim
911 2667 1052 2701 ‘Turno
1077 2666 1205 2711 regis',
1241 2667 1282 2702 id
1311 2667 1408 2712 quod
1433 2665 1600 2702 Servium
1626 2667 1750 2711 leqisse
1774 2678 1818 2701 ex

108 2716 242 2751 scholio
274 2714 324 2750 ad
355 2727 445 2750 vmm
476 2726 602 2749 LA'rmA
634 2715 820 2760 adscripto
851 2717 1005 2759 apparet
1041 2715 1052 2760 ΙΙ
1088 2725 1176 2749 nam
1202 2742 1210 2750 .
1233 2741 1269 2749 ..
1296 2725 1476 2759 responsa
1507 2714 1612 2760 dare]
1644 2714 1709 2758 qui
1732 2715 1818 2749 haee

110 2763 301 2799 adnotavit
325 2762 469 2798 videtur
494 2772 616 2797 cavere
639 2762 794 2798 voluisse
818 2773 863 2797 ne
881 2763 954 2797 'aut
976 2761 1114 2797 ‘Turni
1132 2762 1241 2807 reqis'
1271 2765 1336 2797 aut
1358 2761 1500 2796 ‘Turni
1517 2761 1608 2807 reqi’
1638 2762 1677 2807 (i.
1691 2772 1719 2797 e.
1740 2761 1816 2797 La-

109 2811 202 2855 tino)
234 2810 418 2855 leyeretur.
468 2810 577 2844 verba
609 2820 700 2854 quae
731 2812 817 2844 sunt
849 2808 993 2844 duobus
1024 2807 1157 2854 positis
1188 2810 1423 2854 interpretor:
1454 2820 1536 2844 eum
1567 2812 1632 2844 aut
1668 2809 1818 2844 Turnus

110 2858 248 2893 Latino
274 2860 340 2892 aut
364 2856 526 2892 Latinus
555 2856 681 2891 Twrno
712 2867 885 2901 responsa
911 2856 1049 2892 dedisse
1079 2857 1272 2903 putandus
1296 2858 1354 2892 sit.
1405 2860 1558 2891 ceterum
1582 2859 1695 2892 totum
1719 2857 1817 2892 seho-

110 2905 201 2940 lium
225 2916 300 2940 non
323 2905 467 2940 videtur
493 2904 638 2949 antiqui
662 2904 872 2948 interpretis
895 2914 977 2940 esse.
1015 2904 1060 2947 cf.
1087 2903 1246 2940 Ribbeck
1265 2905 1362 2949 prol.
1384 2915 1423 2948 p.
1446 2908 1512 2939 189
1533 2905 1546 2949 ΙΙ
1567 2908 1609 2939 17
1636 2907 1817 2948 exspecta-

111 2956 172 2988 tur
196 2963 244 2987 an
271 2953 495 2987 ‘tercentum
515 2950 653 2986 scutati
673 2951 816 2987 omnes’
838 2952 850 2996 ss
869 2963 938 2986 om
957 2962 1270 2987 enuennrawrecan
1291 2951 1330 2986 F
1365 2962 1436 2985 ora
1455 2962 1766 2987 cuneanranrecau
1784 2950 1818 2986 G

113 2997 225 3036 ἐννέα
251 2996 365 3034 πάντ’
394 2998 485 3035 ἔσαν
511 2999 650 3034 Daniel
681 3000 693 3045 ΙΙ
724 2999 773 3034 ad
800 3009 945 3033 scvmn
971 3012 1003 3034 o.
1029 3009 1056 3034 s.
1082 3010 1113 3035 v.
1142 3009 1165 3034 a
1189 3001 1296 3044 parte
1321 3000 1442 3034 totum
1468 2999 1647 3044 intellege
1678 2998 1712 3034 T
1731 3000 1743 3045 Η
1774 3002 1816 3032 19

113 3047 294 3093 equitum]
321 3048 364 3082 ut
387 3047 481 3082 haec
507 3046 679 3081 breuiora
703 3045 761 3080 illi
784 3056 872 3080 uero
898 3045 1086 3091 longiores
1106 3048 1193 3082 sunt
1212 3047 1296 3082 add.
1313 3047 1351 3080 D
1369 3047 1381 3091 ΙΙ
1401 3050 1446 3081 20
1473 3046 1537 3091 qui
1556 3057 1636 3092 eqo:
1664 3056 1760 3090 quae
1781 3045 1820 3079 F

113 3095 212 3138 quod
238 3094 377 3130 Daniel
407 3097 419 3139 ΙΙ
455 3098 499 3129 21
527 3094 651 3129 Muros
676 3104 781 3128 muro
806 3092 1038 3129 troianorum
1064 3094 1104 3129 F
1138 3094 1337 3138 Murosque
1371 3093 1547 3129 subibant
1573 3104 1678 3128 muro
1704 3093 1815 3127 troia-

113 3152 244 3176 norum
263 3141 297 3177 G
314 3142 327 3187 ΙΙ
346 3146 389 3177 22
416 3141 621 3187 poterisne]
648 3151 744 3186 pone
765 3140 799 3176 G
817 3141 828 3187 ΙΙ
849 3140 1054 3177 orationem
1072 3142 1221 3177 Daniel.
1260 3141 1446 3186 scripsisse
1470 3141 1614 3176 videtur
1639 3142 1817 3183 interpres

113 3189 209 3233 quod
241 3188 423 3224 Ciceronis
460 3189 547 3224 libri
584 3189 750 3224 exhibent
785 3186 964 3224 orationis
997 3188 1120 3225 subire
1154 3188 1334 3224 invidiam
1369 3189 1415 3232 ef.
1442 3188 1590 3224 Nonius
1616 3199 1656 3232 p.
1684 3190 1753 3221 404
1784 3189 1817 3222 et

114 3235 225 3270 Arus.
254 3236 364 3272 Mess.
388 3247 537 3282 yramm.
565 3237 626 3272 lat.
654 3235 721 3272 VII
741 3246 780 3281 p.
809 3238 889 3280 507,
916 3239 958 3271 11
983 3236 1032 3273 K.
