2092 3614
280 664 300 696 ἴ)

259 1022 301 1053 10

260 1380 302 1411 15

257 1737 303 1768 20

327 262 413 304 286
1100 260 1261 297 SERVII

326 372 504 414 dicendo
544 374 686 414 autem
725 370 810 414 ‘et'
851 371 1039 414 ostendit
1076 371 1213 413 multa
1260 371 1345 412 alia
1381 370 1514 412 fuisse
1552 370 1733 425 depicta.
1794 373 1852 412 est
1895 372 2031 412 autem

326 444 486 497 eleyans
514 444 654 497 ftyura
679 443 846 496 ‘fecerat
865 442 1151 497 procubui-ssd.
1202 456 1300 484 sanc
1332 443 1424 484 laus
1454 445 1512 484 est
1541 443 1690 495 operis,
1720 445 1767 484 ut
1798 442 1894 484 talis
1924 442 2032 483 vide-

325 518 449 557 retur.
513 514 684 567 ‘fetam'
716 530 807 557 vcro
837 529 940 569 quae
963 515 1124 569 peperit
1152 518 1190 556 et
1217 515 1379 556 nutrire
1402 514 1612 567 potuisset.

445 586 543 628 631.
594 598 907 629 PROCVBVISSE
934 587 977 628 id
1004 589 1071 628 est
1094 587 1234 641 prima
1258 588 1382 640 parte
1410 599 1454 626 se
1480 585 1722 636 inclinasse,
1749 584 1861 639 quod
1881 583 2035 626 Graeci

327 654 597 713 προκύπτειν
629 658 794 713 dicunt,
832 660 880 699 ut
918 657 1201 699 inclinatione
1233 656 1428 711 corporis
1461 656 1593 697 ubera
1634 656 1860 711 praeberet
1896 654 2035 711 infan-

325 729 462 771 tibus:
502 744 601 771 nam
643 730 678 770 si
711 728 1032 784 ‘procubuisse'
1066 729 1248 770 iacuisse
1288 728 1491 782 accipias,
1530 728 1791 770 contrarium
1825 729 1890 769 est
1923 726 2035 781 quod

326 799 433 842 dicit
465 799 632 842 tludere
664 800 898 855 pendentes
930 799 1122 856 pueros'.
1174 800 1282 853 qu'od
1310 800 1347 841 si
1379 797 1675 853 ‘procubuisse’
1708 802 1755 841 ut
1785 798 1900 853 <82>
1932 811 2036 839 cum

323 872 428 925 fetu
460 872 686 914 concolor
716 872 826 914 albo
849 872 1115 925 procubuit
1145 871 1430 925 accipiamus,
1450 871 1676 924 intelleyere
1705 870 1890 911 debemus
1921 868 2035 923 ‘pen-

325 942 482 985 dentes’
516 944 712 985 desiderio
743 943 967 984 alimoniae
990 955 1203 996 suspensos
1227 942 1289 983 vel
1313 942 1504 995 intentos,
1535 944 1583 982 ut
1607 939 1699 994 <IV
1723 939 1807 994 79>
1837 940 2035 993 pendet-

326 1028 412 1067 que
442 1014 621 1055 iterum
651 1014 919 1055 narrantis
943 1013 1000 1055 ab
1025 1027 1115 1056 ore.
1164 1013 1241 1054 aliz·
1266 1010 1507 1066 ‘pendentes'
1535 1015 1746 1066 cessantes,
1771 1014 1819 1052 ut
1837 1011 1928 1065 <IV
1950 1010 2035 1065 88>

323 1086 537 1138 pendent
566 1099 713 1139 opera
743 1086 1038 1138 interrupta.
1090 1084 1309 1126 sciendum
1335 1086 1498 1138 tamen,
1531 1083 1717 1125 voluisse
1745 1097 1838 1124 eum
1866 1084 2035 1137 gestum

327 1156 502 1212 proprie
534 1157 793 1211 exprimere,
827 1170 952 1211 quem
984 1156 1030 1197 in
1061 1156 1196 1211 ipsius
1229 1155 1354 1209 lupae
1387 1154 1599 1196 cernimus
1632 1154 1801 1196 statuis.
1904 1164 2036 1195 GEMI-

327 1239 416 1270 NOS
443 1239 554 1271 HVIO
581 1242 626 1269 re
652 1243 753 1270 vera
779 1227 975 1283 geminos
1002 1226 1148 1281 modo,
1181 1225 1289 1267 alias
1317 1225 1489 1267 similes.
1541 1240 1642 1267 sane
1668 1227 1785 1267 totus
1813 1224 1884 1266 hic
1915 1225 2036 1266 locus

329 1298 554 1342 Ennianus
588 1302 666 1341 est.

448 1371 546 1412 632.
595 1382 784 1413 LVDERE
817 1369 999 1412 moveri:
1042 1368 1269 1410 Terentius
1303 1381 1546 1423 congrum
1578 1367 1733 1409 istum
1765 1366 2037 1409 maximum

322 1442 587 1495 paulisper
618 1442 669 1484 in
696 1456 827 1497 aqua
853 1440 1012 1483 sinito
1045 1440 1236 1482 ludere.
1325 1450 1520 1480 MATREM
1549 1439 1671 1493 quasi
1697 1441 1894 1494 matrem,
1920 1437 2038 1480 cuius

329 1513 544 1555 adfectum
571 1513 715 1568 pueris
742 1512 984 1554 exhibebat.
1026 1525 1126 1553 sanc
1149 1514 1295 1553 veteres
1319 1511 1442 1552 ctiam
1467 1511 1644 1553 nutrices
1663 1513 1813 1552 matres
1831 1510 2038 1561 vocabant,

327 1588 374 1626 ut
409 1586 471 1626 ait
507 1584 689 1627 Plautus
729 1585 776 1626 in
813 1583 1093 1626 Menaechmis
1132 1586 1175 1624 ct
1213 1586 1369 1624 mater
1408 1596 1501 1624 non
1536 1582 1698 1635 possit
1736 1582 2038 1636 (tiynosccre,

328 1670 450 1710 quae
479 1665 736 1697 mammam
767 1655 923 1698 dabat.
1008 1700 1010 1702 ,
1254 1655 1263 1665 ‘'
2041 1645 2049 1651 ”

450 1727 546 1769 633.
596 1739 765 1768 TERETI
792 1737 990 1769 CERVICE
1014 1725 1209 1779 rotunda,
1235 1740 1330 1767 cum
1357 1724 1636 1779 longitudine,
1662 1727 1711 1766 ut
1735 1724 2039 1766 incumbens

330 1799 491 1840 tereti
522 1798 721 1840 Damon
755 1798 828 1840 sic
861 1798 1034 1852 coepit
1067 1797 1243 1839 olivae.

449 1870 548 1913 634.
597 1881 816 1912 MVLCERE
849 1880 1093 1911 ALTERNOS
1132 1883 1219 1911 non
1262 1867 1375 1923 quod
1407 1867 1451 1910 in
1482 1867 1652 1923 pictura
1684 1869 1777 1909 erat
1809 1867 1928 1922 dicit,
1967 1867 2039 1909 sed

330 1942 373 1983 id
401 1942 511 1997 quod
545 1941 836 1997 intellegimus
862 1940 1025 1983 factum
1050 1940 1202 1994 fuisse,
1233 1942 1282 1981 ut
1307 1939 1356 1994 <Ι
1375 1939 1492 1993 483>
1525 1942 1602 1981 ter
1634 1938 1823 1980 circum
1849 1938 2040 1980 Iliacos

330 2014 635 2068 raptaverat
666 2011 892 2055 Hectora
924 2026 1107 2054 muros.
1209 2021 1424 2053 CORPORA
1458 2021 1664 2052 PINGERE
1697 2021 1867 2052 LINGVA
1900 2010 1942 2051 id
1975 2012 2041 2051 est

429 2159 472 2189 13
498 2153 610 2189 modo
631 2183 639 2190 .
656 2182 663 2189 .
680 2182 687 2189 .
710 2153 867 2200 similes]
895 2154 939 2189 cf.
961 2153 1054 2188 Non.
1076 2165 1112 2198 p.
1134 2157 1214 2196 316,
1236 2155 1278 2187 17
1300 2151 1347 2186 Μ.
1368 2153 1380 2197 ΙΙ
1402 2155 1444 2186 14
1470 2150 1677 2197 Ennianus]
1704 2162 1786 2187 ann.
1814 2151 1828 2185 I
1855 2151 1987 2195 fragm.
2009 2150 2037 2184 L

332 2214 392 2248 ap.
420 2201 530 2237 Vahl.
557 2213 592 2246 p.
623 2205 664 2236 13
684 2202 696 2246 ΙΙ
727 2205 771 2236 15
797 2200 1010 2247 Terentius]
1037 2201 1097 2237 ad.
1123 2200 1175 2235 III
1202 2204 1233 2244 3,
1261 2203 1305 2234 23
1325 2200 1337 2245 ΙΙ
1367 2203 1410 2234 17
1437 2209 1524 2233 sane
1552 2227 1560 2235 .
1582 2224 1590 2233 .
1613 2226 1621 2233 .
1647 2198 1847 2244 vocabant]
1874 2197 1919 2233 cf.
1945 2196 2042 2231 Non.

331 2263 367 2295 p.
394 2254 475 2295 343,
502 2253 565 2292 323
592 2252 671 2294 423,
698 2252 743 2284 23
769 2248 817 2284 M.
838 2249 851 2293 ss
872 2252 914 2283 18
940 2248 980 2283 in
1004 2247 1271 2293 Menaechmis]
1297 2245 1392 2291 prol.
1421 2250 1463 2281 19
1485 2248 1561 2292 {120
1586 2245 1819 2292 incumbens]
1848 2246 1928 2281 buc.
1955 2244 2041 2280 VIII

334 2302 376 2333 16
396 2298 408 2343 ΙΙ
427 2301 473 2332 24
499 2296 539 2332 id
566 2297 624 2331 est
648 2324 656 2332 .
680 2324 687 2332 .
710 2323 717 2331 .
743 2296 977 2342 tergebatur]
1004 2295 1049 2332 cf.
1076 2295 1161 2331 Isid.
1189 2306 1238 2330 or.
1266 2294 1334 2328 ΧΠ
1361 2299 1394 2338 6,
1421 2298 1466 2330 60
1939 2317 1941 2319 -

431 2433 449 2463 1
476 2426 606 2473 fuisse]
635 2438 715 2462 esse
742 2427 782 2461 F
797 2428 809 2472 ΙΙ
833 2426 935 2472 picta
959 2425 1040 2460 RL
1078 2425 1179 2460 dicta
1203 2424 1249 2459 H
1271 2424 1434 2469 (depicta
1458 2424 1484 2468 Z)
1505 2424 1517 2468 ΙΙ
1548 2424 1597 2459 ad
1620 2434 1650 2459 v.
1681 2426 1750 2458 630
1775 2423 1817 2457 in
1842 2433 1956 2468 mary.
1983 2423 2041 2458 est

335 2477 461 2511 autem
489 2503 495 2510 .
519 2502 526 2510 .
548 2502 555 2509 .
582 2475 769 2520 potuisset
797 2474 831 2508 Τ
845 2476 857 2519 ΙΙ
876 2478 896 2509 2
924 2473 1065 2519 eligans
1091 2472 1172 2507 FT
1189 2474 1200 2518 ΙΙ
1219 2472 1362 2507 facerat
1383 2471 1422 2506 F
1438 2472 1449 2517 ΙΙ
1469 2473 1526 2506 est
1550 2471 1615 2506 on'z.
1631 2470 1671 2504 F
1687 2472 1698 2517 ΙΙ
1717 2470 1804 2505 talis
1831 2471 1868 2515 (i.
1884 2481 1911 2505 e.
1933 2470 2036 2515 lupa)

338 2524 384 2558 T:
411 2523 489 2559 tale
509 2523 549 2557 F
565 2524 576 2569 ΙΙ
596 2527 616 2557 3
636 2521 732 2558 fetas
754 2521 794 2557 F
808 2522 821 2567 ΙΙ
840 2524 860 2556 5
885 2533 1091 2556 ΠΡΟΚΥΠΤῙΝ
1110 2519 1146 2555 R
1177 2518 1385 2555 nroxrnrin
1405 2519 1491 2553 LH
1517 2530 1719 2553 npoxvn'rm
1741 2518 1791 2552 M
1817 2517 1950 2565 &cytin
1972 2516 2012 2552 F
2027 2516 2040 2564 ΙΙ

336 2575 357 2605 6
383 2570 543 2615 accipies
568 2570 604 2605 L
640 2571 652 2616 ΙΙ
690 2574 709 2605 7
735 2580 835 2614 supr.
862 2580 949 2605 vers.
978 2572 1044 2604 631
1079 2567 1111 2602 si
1142 2566 1381 2612 procubuisse
1414 2565 1573 2601 iacuisse
1605 2565 1832 2610 accipiamus
1863 2565 2039 2600 debemus

335 2621 426 2654 tunc
449 2618 669 2662 intellegere
694 2618 899 2662 pendentes
926 2626 1124 2661 suspensos
1160 2614 1360 2649 alimoniae
1393 2613 1576 2648 desiderio
1607 2613 1669 2648 uel
1695 2613 1858 2647 intentos
1883 2613 1925 2647 ut
1949 2622 2040 2657 pen·

336 2666 472 2710 detque
499 2663 634 2700 iterum
663 2663 846 2699 narrantis
871 2664 918 2699 ab
944 2675 1006 2699 ore
1034 2663 1066 2697 Τ
1095 2664 1107 2708 ΙΙ
1137 2662 1251 2708 quodi
1276 2661 1325 2704 F,
1350 2672 1440 2697 corr.
1467 2661 1605 2696 Daniel
1634 2662 1646 2705 ss
1679 2663 1722 2695 10
1747 2660 1940 2694 narrantes
1966 2658 2007 2694 F
2029 2658 2041 2705 Η

336 2713 403 2747 alii
429 2742 436 2748 .
460 2741 467 2747 .
490 2739 496 2747 .
524 2712 750 2757 interrupta]
777 2712 822 2755 ef.
845 2712 967 2746 adnot.
990 2712 1066 2746 crit.
1096 2711 1145 2746 ad
1171 2710 1236 2745 lin.
1258 2713 1301 2744 16
1321 2710 1332 2755 ΙΙ
1354 2713 1394 2743 11
1422 2710 1549 2744 tamen
1575 2709 1629 2742 est
1650 2708 1699 2742 M
1715 2708 1726 2753 ΙΙ
1746 2707 1908 2753 gestum]
1935 2706 2039 2741 habi-

336 2763 416 2795 tum
443 2760 528 2795 add.
545 2760 593 2794 M
610 2760 622 2805 ΙΙ
644 2763 685 2793 12
711 2760 754 2794 de
777 2759 910 2793 scholio
936 2759 985 2793 ad
1011 2770 1162 2793 ammos
1187 2770 1222 2792 n.
1247 2757 1290 2792 in
1313 2757 1462 2791 sinistro
1487 2766 1600 2800 mary.
1625 2755 1711 2790 haec
1736 2758 1878 2789 tantum
1901 2754 1982 2789 hab.
2002 2752 2043 2788 F

337 2818 426 2841 sane
451 2808 512 2841 1110
539 2808 640 2841 totus
666 2806 769 2841 100118
796 2806 924 2840 ennius
957 2806 1023 2841 est.
1074 2806 1116 2840 in
1140 2806 1267 2840 dextro
1291 2804 1455 2849 marqine
1478 2804 1617 2848 scripta
1642 2805 1727 2837 sunt
1754 2800 1927 2836 Geminos
1953 2800 2039 2835 huic

336 2854 446 2889 modo
471 2865 510 2888 re
536 2864 626 2888 uera
649 2852 818 2898 geminos
843 2853 955 2888 modo
988 2852 1081 2887 alias
1113 2851 1253 2887 similes
1285 2862 1372 2886 sane
1403 2852 1504 2886 totus
1536 2850 1598 2884 hic
1629 2849 1731 2884 loeus
1761 2848 1920 2883 inmanis
1945 2847 2043 2894 081111

339 2906 382 2936 15
408 2912 612 2946 congruum
636 2900 804 2935 ASLH
826 2901 932 2944 (corr.
951 2900 983 2944 s)
1022 2910 1204 2945 gongrum
1232 2900 1281 2934 M
1298 2901 1310 2944 Ι]
1328 2898 1491 2937 maxima
1512 2895 1594 2943 ss'ssss
1615 2896 1651 2931 L
1677 2896 1784 2940 (duae
1807 2895 1861 2930 vel
1885 2898 1956 2929 tres
1981 2895 2039 2929 lit-

335 2953 433 2984 terae
457 2949 601 2983 deletae.
653 2946 853 2982 maximum
880 2948 905 2991 Z)
945 2947 1156 2981 maximaim
1183 2946 1228 2980 H
1248 2947 1260 2992 fl
1293 2950 1335 2981 16
1362 2944 1504 2990 ludere]
1531 2943 1598 2979 alii
1621 2943 1826 2988 pendentes
1851 2943 2039 2977 cessantes

336 2998 379 3031 ut
404 2996 569 3041 pendent
596 3005 708 3039 opera
733 2994 942 3039 interrupta
967 2995 1052 3028 add.
1070 2995 1117 3028 M
1125 2994 1164 3027 F
1187 2997 1220 3028 et
1257 2993 1450 3028 Vossianus
1475 2990 1705 3033 Burmanni,
1731 2990 1808 3024 nisi
1831 2990 1926 3034 quod
1953 3000 2038 3034 ope-

335 3055 415 3079 ram
439 3044 686 3087 interruptam
707 3041 748 3076 F
780 3042 818 3076 id
844 3044 899 3077 est
924 3041 1074 3076 moveri.
1100 3053 1297 3075 mansurnis
1324 3040 1508 3075 cessantes
1535 3039 1577 3072 ut
1602 3037 1766 3082 pendent
1790 3047 1904 3081 opera
1927 3036 2040 3072 inter-

337 3094 447 3136 rupta
473 3090 667 3134 minaeque
693 3090 776 3125 add.
799 3089 1005 3134 Stephanus
1023 3089 1035 3134 ΙΙ
1057 3091 1098 3122 17
1125 3089 1174 3122 ad
1192 3098 1224 3122 v.
1246 3091 1313 3122 632
1339 3088 1380 3122 in
1400 3096 1515 3130 marq.
1541 3084 1723 3119 nutricem
1748 3084 1854 3129 quasi
1880 3086 2038 3119 matrem

337 3140 440 3174 cuius
474 3137 648 3173 affectum
679 3137 860 3182 prebebat
891 3136 1015 3180 pueris
1048 3146 1136 3169 sane
1169 3135 1312 3169 ueteres
1340 3162 1347 3170 .
1370 3161 1377 3168 .
1400 3162 1407 3169 .
1434 3132 1549 3167 dabat
1577 3133 1609 3165 Τ
1643 3132 1655 3177 ΙΙ
1695 3134 1737 3166 18
1763 3131 1932 3175 plaustus
1958 3130 1999 3166 F
2028 3130 2040 3178 ΙΙ

337 3184 538 3221 menecmis
568 3184 601 3219 T
632 3184 853 3219 menedimis
880 3183 920 3218 F
935 3185 946 3230 ΙΙ
965 3183 1123 3218 matrem
1151 3181 1184 3216 Τ
1201 3182 1212 3227 ΙΙ
1231 3180 1334 3226 posci
1360 3180 1400 3214 F
1415 3182 1426 3226 11
1446 3179 1637 3215 dinoscere
1665 3178 1698 3213 Τ
1714 3179 1726 3224 11
1746 3182 1790 3213 23
1816 3178 1872 3225 id]
1898 3178 1959 3213 hic
1984 3177 2039 3222 H,

337 3245 402 3269 om.
430 3233 466 3268 R
