2092 3614
266 1042 309 1073 10

267 1398 310 1429 15

262 1755 308 1786 20

263 2111 309 2143 25

338 255 424 323 282
1109 281 1268 316 snssvu

456 390 555 433 597.
605 403 756 434 PROPE
802 403 1014 434 CAERrrls
1059 403 1226 433 AMNEM
1272 390 1428 446 Agylla
1473 390 1623 442 civitas
1670 392 1735 432 est
1776 389 1982 445 Tusciae,
2020 406 2044 432 a

337 461 560 504 conditore
579 462 729 517 Ayella
761 463 997 518 appellata,
1029 463 1097 505 cui
1124 477 1174 503 ex
1199 461 1376 512 inscitia
1399 461 1597 503 Romana
1622 461 1735 503 aliud
1769 463 1835 503 est
1859 461 2042 503 inditum

338 548 506 575 nomen.
555 548 657 575 nam
690 548 788 575 cum
820 533 1007 575 Romani
1040 537 1190 575 euntes
1223 548 1299 588 per
1331 532 1533 575 Tusciam
1566 533 1884 588 interrogarent
1909 531 2043 588 Agyl-

336 604 448 646 linos
482 619 591 660 quae
622 605 836 646 diceretur
866 604 1035 660 civitas,
1067 604 1150 658 illi,
1182 606 1333 658 utpote
1360 602 1530 659 Graeci,
1563 603 1665 658 quid
1691 604 1891 646 audirent
1921 603 2042 659 igno-

339 678 485 718 rantes
518 679 562 718 et
592 676 803 731 optimum
836 676 1039 718 ducentes
1074 676 1111 718 si
1136 676 1253 730 prius
1281 690 1353 717 eos
1381 674 1637 729 salutarent,
1672 675 1871 717 dixerunt
1900 682 2043 730 χαϊρεε

337 762 465 802 quam
498 747 802 790 salutationem
837 747 1023 789 Romani
1054 761 1210 790 nomen
1243 746 1433 789 civitatis
1465 761 1556 788 esse
1588 748 1866 801 putaverunt,
1899 748 1942 788 613
1973 745 2044 787 de-

336 820 477 860 tracta
515 819 781 874 aspiratione
821 833 914 860 eam
948 817 1081 860 Caere
1113 818 1410 873 nominarunt,
1449 820 1497 859 ut
1535 817 1638 859 dicit
1668 817 1867 872 Hyginus
1899 817 1945 858 in
1977 831 2044 858 ur-

337 890 463 932 bibus
488 890 668 932 Italicis.
713 888 882 931 ‘amnis'
911 891 1054 931 autem
1080 892 1155 931 aut
1180 890 1308 931 tacuit
1324 902 1487 943 nomen,
1514 891 1603 942 aut,
1629 891 1676 929 ab
1698 889 1868 941 quidam
1892 888 2044 939 volum,

334 960 472 1003 Minio
507 961 680 1015 dieitur,
723 963 771 1003 ut
802 960 868 1014 <X
903 959 1015 1014 183>
1048 960 1132 1015 qui
1165 959 1378 1003 Caerete
1417 960 1561 1001 domo
1594 959 1678 1014 qui
1711 962 1830 1001 sunt
1860 958 2042 1000 Minio-

335 1031 414 1073 nis
452 1032 503 1073 in
543 1032 693 1075 arvis.
748 1032 826 1074 alii
857 1031 981 1074 Caere
1011 1034 1187 1073 montem
1211 1032 1433 1086 putabant,
1471 1031 1521 1073 ab
1552 1031 1623 1073 hoe
1653 1031 1847 1085 oppidum
1877 1032 2042 1073 dietam.

453 1103 550 1146 598.
604 1115 724 1145 LATE
757 1113 903 1145 SACER
934 1102 1017 1144 hoc
1050 1105 1116 1144 est
1147 1117 1234 1144 non
1266 1102 1407 1144 solum
1440 1101 1661 1144 colebatur
1694 1117 1718 1144 a
1749 1101 1933 1157 civibus,
1969 1102 2043 1144 sed

335 1174 465 1216 etiam
499 1175 554 1217 ab
587 1174 756 1217 accolis.
884 1190 1056 1222 VNDIQVE
1084 1174 1190 1216 deest
1219 1172 1392 1229 ³quem',
1425 1173 1483 1216 vel
1515 1172 1660 1215 ‘eum'.

454 1246 552 1289 599.
601 1257 744 1288 NIGRA
777 1231 1000 1300 umbrosa,
1032 1260 1150 1288 more
1182 1259 1272 1287 suo.

454 1318 551 1360 600.
602 1328 816 1360 VETERES
856 1328 1082 1359 SAcaAssn
1122 1327 1359 1359 PELAseos
1404 1316 1454 1358 de
1498 1315 1565 1358 his
1611 1316 1731 1357 varia
1772 1318 1837 1357 est
1879 1315 2043 1370 opini03

336 1404 438 1431 nam
476 1389 551 1432 alii
584 1405 657 1432 eos
697 1389 751 1431 ab
784 1388 1142 1443 Atheniensibus,
1180 1388 1256 1430 alii
1296 1403 1321 1429 a
1353 1387 1612 1442 Laconibus,
1655 1387 1729 1428 alii
1767 1402 1792 1428 a
1824 1386 2042 1428 Thessalis

334 1461 482 1503 dicunt
512 1461 724 1516 originem
757 1460 927 1514 ducere,
960 1458 1073 1514 quod
1105 1461 1172 1501 est
1202 1459 1478 1514 propensius:
1510 1473 1610 1500 nam
1643 1458 1802 1500 multas
1835 1458 1878 1499 in
1909 1457 2041 1500 Thes-

335 1532 442 1574 salia
474 1522 759 1588 Pelasgorum
799 1533 972 1574 constat
1010 1545 1103 1572 esse
1142 1530 1351 1572 civitates.
1413 1530 1458 1571 hi
1491 1530 1617 1584 primi
1648 1529 1822 1572 Italiam
1853 1530 2042 1571 tenuisse

332 1602 626 1658 perhibentur.
689 1602 961 1645 Philochorus
997 1603 1059 1644 ait
1093 1602 1182 1644 ideo
1219 1598 1452 1644 nominatos
1482 1601 1694 1655 Pelasfjos,
1731 1602 1839 1654 quod
1873 1601 1971 1643 velis
2007 1604 2046 1643 et

332 1689 454 1717 verno
487 1674 660 1728 tempore
690 1675 881 1717 advenire
910 1675 990 1716 visi
1019 1677 1133 1728 sant,
1163 1676 1210 1715 ut
1241 1661 1341 1715 cives.
1386 1673 1583 1728 Hyymzos
1614 1673 1712 1715 dicit
1738 1672 1932 1726 Pelasyos
1961 1686 2043 1715 esse
2076 1728 2079 1732 ι

334 1747 406 1800 qai
441 1746 645 1802 Tyrrheni
674 1749 791 1788 sunt:
824 1746 895 1788 hoe
926 1746 1050 1787 etiam
1089 1745 1223 1787 Varro
1255 1748 1548 1787 commemorat.

452 1818 550 1859 601.
600 1829 826 1860 ARVORVM
858 1828 1148 1867 PECORISQVE
1174 1827 1268 1858 1)Εο
1301 1816 1474 1870 publica
1506 1814 1862 1857 caerimoniarum
1894 1814 2041 1870 opinio

332 1889 414 1931 hoc
445 1888 596 1944 habet,
627 1904 834 1944 pecorum
866 1890 909 1930 et
941 1901 1145 1943 agrorum
1178 1887 1304 1929 deum
1338 1901 1429 1929 esse
1460 1886 1698 1929 Silvanum.
1741 1886 2041 1941 prudentiores

333 1963 479 2003 tamen
517 1960 682 2016 dicunt,
728 1975 820 2003 esse
865 1975 962 2002 eum
1006 1955 1164 2002 ὑλικὸν
1208 1955 1339 2011 θεὸν,
1384 1958 1466 2001 hoc
1504 1960 1570 1999 est
1614 1957 1738 1999 deum
1775 1953 1895 2012 ὕλης.
1956 1953 2040 2012 ὕλη

334 2035 478 2074 autem
510 2034 577 2074 est
607 2032 703 2074 faex
737 2031 931 2074 omnium
963 2032 1290 2085 elementorum,
1323 2030 1365 2072 id
1398 2031 1464 2071 est
1489 2029 1603 2085 ignis
1637 2028 1849 2071 sordidior
1881 2031 1924 2071 et
1957 2043 2042 2083 aer,

334 2104 440 2146 item
471 2118 583 2160 aqua
616 2106 660 2158 et
690 2106 806 2146 terra
838 2103 1068 2154 sordidior,
1100 2102 1211 2145 unde
1244 2103 1397 2144 cuncta
1428 2103 1727 2156 procreantur:
1766 2115 1895 2155 quam
1926 2096 2041 2154 ὕλην

333 2175 475 2217 Latini
507 2175 735 2217 materiam
767 2174 1113 2230 appellaverunt3
1154 2187 1232 2215 nec
1263 2172 1514 2227 incongrue,
1548 2185 1643 2212 cum
1675 2170 1881 2212 materiae
1914 2170 2041 2212 silva-

332 2262 428 2288 rum
461 2247 559 2289 sint.
610 2260 712 2302 ergo
746 2245 860 2301 quod
886 2244 1039 2287 Graeci
1073 2260 1098 2285 a
1128 2246 1239 2297 toto,
1271 2243 1352 2285 hoc
1386 2241 1529 2284 Latini
1561 2257 1586 2283 a
1618 2244 1739 2297 parte
1772 2241 1979 2283 dixerunt.

333 2329 587 2367 LVCVMQVE
614 2327 826 2367 DIEMQVE
859 2316 943 2358 hoc
970 2331 995 2357 a
1020 2314 1226 2357 Romanis
1251 2314 1403 2368 traxit,
1436 2313 1547 2368 apud
1575 2327 1682 2368 quos
1708 2312 1816 2354 nihil
1842 2312 1926 2354 fuit
1948 2315 2040 2354 tam

433 2438 476 2469 14
502 2434 547 2469 de
573 2433 632 2468 his
658 2444 690 2468 e.
717 2444 751 2477 q.
778 2433 822 2479 s.]
853 2432 898 2468 cf.
926 2432 1009 2467 Isid.
1037 2443 1087 2467 or.
1108 2431 1159 2466 IX
1179 2435 1211 2473 2,
1234 2432 1371 2476 741125
1398 2441 1507 2475 quam
1534 2425 1627 2474 ὕλην
1656 2459 1662 2465 .
1684 2458 1691 2464 .
1715 2457 1722 2463 .
1744 2429 1921 2464 silvarum
1947 2428 2039 2475 sint]

335 2493 453 2517 exscr.
479 2481 566 2516 Isid.
594 2491 644 2516 or.
672 2479 759 2515 X111
785 2485 817 2525 3,
846 2484 864 2514 1
893 2480 931 2515 et
955 2479 1140 2525 mythogr.
1165 2478 1218 2512 III
1243 2481 1275 2523 8,
1303 2483 1323 2513 2

334 2590 384 2624 ad
408 2601 440 2624 v.
467 2591 536 2624 596
568 2589 600 2624 is
629 2588 694 2633 qai
722 2588 939 2623 Tironianis
968 2587 1065 2622 notis
1098 2586 1269 2622 utebatur
1299 2586 1342 2620 in
1369 2584 1576 2620 Turonensi
1604 2585 1691 2619 haee
1723 2583 1921 2628 adscripsit
1952 2593 2041 2627 qua-

336 2636 566 2681 drupedante
593 2635 717 2671 sonitu
739 2664 746 2672 .
766 2646 906 2670 nouum
932 2634 1086 2669 uerbum
1112 2635 1167 2668 est
1192 2632 1497 2677 quadrupedante
1522 2631 1645 2667 sonitu
1665 2631 1703 2666 id
1723 2632 1781 2666 est
1806 2629 1928 2666 sonitu
1956 2629 2041 2674 equi

334 2685 511 2728 quattuor
531 2684 644 2728 pedes
664 2683 834 2718 habentis
853 2684 865 2728 Ι]
887 2685 904 2716 1
930 2694 1070 2717 canens
1090 2680 1222 2716 ALM
1229 2680 1269 2715 F
1284 2681 1296 2726 ΙΙ
1315 2679 1430 2725 agilla
1455 2680 1550 2715 libri*
1561 2682 1709 2724 praeter
1727 2678 1776 2722 R,
1801 2679 1865 2723 qui
1884 2676 2042 2722 agillina

335 2732 474 2766 exhibet
492 2732 504 2776 11
524 2735 544 2765 2
571 2742 616 2766 ex
642 2741 708 2765 om.
727 2729 763 2764 R
782 2731 794 2774 ΙΙ
812 2729 964 2764 inscitia
987 2729 1082 2764 Rm:
1108 2727 1283 2763 inscithia
1301 2727 1337 2762 A
1363 2726 1548 2772 (inscitcia
1568 2728 1604 2772 a)
1630 2726 1748 2761 inscia
1768 2725 1796 2761 S
1831 2724 1984 2760 inscicia
2004 2723 2039 2758 L

335 2777 481 2813 iustitia
506 2778 551 2813 H
582 2776 782 2812 inscientia
810 2777 858 2811 M
865 2777 905 2811 F
935 2778 946 2822 ΙΙ
978 2781 999 2811 4
1026 2776 1155 2811 audies·
1182 2776 1219 2810 R
1256 2774 1453 2810 audierant
1478 2775 1512 2808 L
1554 2774 1740 2809 audierint
1770 2784 1814 2808 ex
1844 2771 2040 2807 audierent

337 2826 386 2860 M
402 2828 415 2870 11
435 2829 455 2860 5
481 2836 543 2860 eos
568 2835 634 2860 om.
656 2824 729 2858 AS
746 2825 758 2868 ΙΙ
777 2823 1022 2859 salutauerint
1047 2824 1081 2857 L
1098 2824 1234 2868 ss'imn‘n
1261 2822 1297 2858 R
1324 2823 1355 2867 (1
1381 2823 1488 2866 chere
1514 2821 1553 2856 id
1579 2823 1635 2857 est
1660 2821 1761 2856 salue
1786 2829 1962 2864 superser.
1990 2819 2038 2853 al.

335 2874 449 2917 man.)
474 2883 563 2907 xm’e
588 2872 623 2906 L
658 2880 774 2910 ΧΞΗΡΕ
803 2871 851 2905 M
867 2872 880 2915 ΙΙ
909 2875 929 2905 6
956 2871 1114 2905 Romani
1139 2882 1204 2905 om.
1238 2870 1268 2904 R
1286 2871 1298 2915 ΙΙ
1325 2874 1344 2905 7
1372 2880 1452 2904 cere
1479 2869 1567 2904 libri
1584 2869 1597 2913 ΙΙ
1622 2867 1781 2913 hyginus
1807 2866 1881 2902 AS
1914 2865 1979 2910 ign
2004 2865 2041 2900 R

336 2919 460 2965 iginus
480 2919 567 2953 LH
598 2918 732 2964 yginus
753 2918 801 2952 M
806 2918 844 2952 F
860 2919 871 2963 ll
890 2917 944 2962 in]
968 2918 1012 2952 de
1034 2918 1073 2952 F
1089 2919 1100 2962 ΙΙ
1120 2922 1140 2952 8
1169 2918 1311 2963 autem]
1338 2916 1454 2962 ipsius
1480 2915 1642 2951 ciuitatis
1668 2915 1751 2950 aad.
1769 2914 1816 2948 M
1833 2914 1845 2959 11
1865 2918 1884 2948 9
1904 2911 2039 2959 Minio]

332 2966 450 3014 sslsslso
476 2966 513 3001 R
539 2967 726 3011 (quattuor
751 2967 891 3000 litterae
915 2965 1049 3000 deletae
1073 2966 1173 3008 sunt)
1205 2967 1217 3008 ΙΙ
1253 2964 1312 3010 1113]
1345 2963 1433 3008 quia
1459 2963 1549 2998 alibi
1575 2961 1666 2997 dicit
1692 2961 1733 2996 F
1758 2961 1772 3006 ΙΙ
1808 2961 1928 2995 cerete
1954 2961 2042 2996 libri

331 3018 478 3060 praeter
503 3014 540 3048 R
565 3014 630 3058 qui
655 3015 754 3048 certe
780 3013 920 3047 exhibet
937 3013 948 3058 ΙΙ
973 3012 1103 3046 domos
1130 3016 1153 3055 (1
1178 3011 1217 3045 F
1233 3012 1245 3056 ΙΙ
1278 3016 1322 3047 10
1348 3011 1461 3046 Caere
1487 3010 1743 3044 Burmannus:
1771 3007 1871 3042 certe
1896 3006 1937 3041 F
1951 3009 1964 3052 11
1993 3008 2041 3043 ab

337 3063 407 3097 hoc
435 3061 658 3096 Masvicius:
691 3061 738 3095 ob
765 3062 834 3095 hoc
859 3059 899 3094 F
932 3062 944 3104 ΙΙ
984 3062 1026 3093 12
1053 3059 1102 3093 ad
1127 3071 1281 3098 vumqvn
1306 3069 1406 3102 supr.
1433 3068 1521 3092 vers.
1548 3057 1653 3091 deest
1677 3067 1788 3100 quem
1813 3055 1937 3089 lucum
1966 3054 2001 3089 T
2029 3054 2042 3101 Η

339 3113 382 3144 18
409 3109 656 3144 Philochorus
685 3108 907 3143 Mas-victus:
934 3106 1119 3141 filiocorus
1146 3105 1185 3139 F
1219 3106 1392 3141 filocorus
1420 3103 1659 3139 Commelinus
1688 3104 1701 3148 ΙΙ
1740 3106 1781 3137 19
1807 3102 1940 3147 yginas
1968 3101 2009 3137 F
2029 3103 2040 3148 ll

337 3162 382 3192 20
407 3155 549 3202 tyrreni
575 3154 615 3190 F
648 3156 660 3200 ΙΙ
697 3158 743 3189 24
768 3155 866 3200 ignis
892 3152 1025 3189 ASF:
1062 3152 1139 3198 igni
1165 3152 1254 3187 RH
1286 3153 1372 3197 igne
1398 3151 1476 3186 Lm
1512 3151 1616 3195 ignes
1645 3151 1694 3185 M
1728 3152 1739 3195 ΙΙ
1776 3148 1960 3185 sordidior
1986 3150 2039 3196 et]

337 3204 562 3239 subduceret
579 3202 652 3238 AS
670 3206 682 3248 ss
702 3202 754 3248 et]
783 3205 825 3237 ut
844 3202 879 3236 L
898 3203 910 3247 u
929 3212 1014 3237 aere
1033 3200 1145 3235 RMz
1163 3202 1175 3244 ΙΙ
1194 3203 1239 3234 25
1266 3210 1361 3244 aque
1386 3200 1508 3233 terrae
1529 3198 1562 3233 L
1599 3208 1693 3242 aque
1718 3199 1818 3232 terra
1843 3197 1889 3231 H
1922 3207 2040 3241 aquae

337 3254 375 3287 et
399 3251 522 3288 terrae
549 3249 591 3286 F
605 3252 617 3295 ΙΙ
637 3249 845 3285 sordidiora
869 3248 1001 3284 RHF
1016 3250 1028 3294 Ι]
1053 3251 1097 3283 26
1123 3247 1280 3282 materia
1304 3246 1389 3281 LH
1413 3247 1518 3291 (corr.
1546 3247 1571 3290 l)
1590 3246 1603 3290 ΙΙ
1630 3249 1674 3281 27
1700 3245 1770 3280 hoc
1796 3255 1861 3280 om.
1889 3243 1969 3279 RL
