2092 3614
536 286 685 324 coMM.
713 286 766 323 ΙΝ
790 286 936 324 Vuae.
962 286 1073 325 AEN.
1100 286 1151 322 XI
1177 287 1376 322 585—598.
1725 283 1812 327 549

221 398 319 440 592.
370 408 486 440 TROS
525 409 754 441 ITALVSVE
792 409 897 439 MIHI
941 397 978 439 si
1024 396 1279 452 simpliciter
1317 396 1603 451 accipiamus,
1646 396 1709 437 ita
1752 395 1814 436 in—

101 469 377 525 tellegamus:
418 469 508 511 sive
547 455 640 511 eani
673 469 885 511 Troianus
923 468 1209 523 interemerit,
1249 468 1338 510 sive
1371 467 1526 523 aliquis
1559 467 1610 509 de
1643 466 1814 508 Aeneae

103 540 293 582 auxiliis:
337 555 523 596 namque
569 540 653 582 alii*
680 541 833 582 volunt
871 539 1106 582 Arruntem
1145 539 1196 580 de
1234 539 1367 580 Turni
1405 554 1498 581 esse
1535 538 1733 593 partibus
1773 540 1816 579 et

102 612 394 668 indignatum,
435 612 667 654 femineum
709 626 856 653 sexum
899 611 998 666 plus
1040 611 1085 653 in
1123 611 1237 653 bello
1270 610 1482 665 potuisse,
1527 625 1654 665 quam
1688 610 1816 652 viros.

103 698 232 739 quam
264 698 355 725 rem
387 683 458 725 hic
490 683 639 725 dicunt
669 682 983 738 praestruxisse
1003 681 1269 738 Vergilium:
1302 684 1346 724 et
1370 697 1415 723 re
1442 697 1543 723 vera
1569 682 1630 723 sic
1654 682 1813 737 ubique
1840 689 1861 720 5

103 755 306 810 loquitur,
338 757 388 797 ut
418 755 632 796 incertum
665 754 723 796 sit
756 754 923 795 Arruns
957 754 1007 796 de
1040 753 1162 795 cuius
1194 754 1393 809 partibus
1425 753 1573 795 fuerit:
1605 754 1717 795 unde
1750 756 1816 794 est

103 828 147 867 et
178 825 284 867 illud
317 825 464 881 (789)
498 826 576 877 da,
615 828 784 880 pater,
820 825 916 868 hoc
947 825 1146 868 nostris
1179 825 1379 867 aboleri
1406 825 1621 867 dedecus
1649 825 1816 867 armis.

170 908 374 939 PARITER
406 897 618 952 similiter,
649 912 734 939 uno
767 897 907 940 modo.
969 899 1012 939 et
1043 898 1111 939 est
1142 896 1380 951 antiquum.

222 968 320 1012 593.
371 980 672 1012 MISERANDAE
707 979 885 1011 CORPVS
923 967 1031 1010 haec
1068 968 1113 1010 in
1152 966 1406 1011 oeconomia
1443 967 1709 1022 praeiudicia
1743 983 1816 1010 no—

103 1040 341 1097 minantur,
381 1041 581 1096 quotiens
614 1041 781 1096 negotii
812 1040 949 1083 futuri
981 1040 1121 1082 exitus
1153 1039 1342 1082 tollitur:
1381 1038 1474 1080 vult
1506 1039 1619 1081 enim
1651 1054 1732 1081 nos
1765 1039 1815 1080 (10
1844 1047 1887 1077 10

104 1110 314 1154 Camillae
359 1112 564 1155 cadavere
609 1112 718 1154 nihil
763 1113 946 1155 ulterius
992 1115 1236 1168 expectare:
1283 1111 1394 1153 sicut
1436 1110 1541 1153 fecit
1583 1111 1628 1152 in
1674 1111 1814 1166 primo

104 1183 249 1238 (683)
275 1186 329 1226 tu
351 1183 543 1226 ,faciem
571 1184 719 1226 illius
745 1186 945 1226 noctem
973 1199 1073 1226 non
1101 1173 1320 1239 amplius
1346 1197 1498 1224 unam
1524 1181 1651 1224 falle
1679 1182 1815 1237 dolo,

105 1254 218 1310 quod
262 1255 549 1310 praemissum
593 1255 771 1297 sustulit
811 1255 1286 1309 commemorationem,
1331 1254 1504 1310 quando
1544 1254 1611 1295 vel
1650 1252 1832 1308 Cupido*

104 1325 351 1367 discesserit
381 1326 449 1368 vel
482 1326 698 1368 Ascanius
732 1327 788 1368 sit
819 1340 1028 1369 reversus.

223 1397 322 1439 594.
372 1409 501 1440 ARMA
533 1409 818 1441 INSPOLIATA
856 1401 930 1440 aut
967 1398 1226 1453 indetracta,
1264 1400 1340 1439 aut
1375 1397 1511 1452 ipsius
1544 1397 1817 1453 inspoliatae.
1846 1406 1888 1437 15

175 1485 366 1516 PATRIAEQ
374 1486 422 1511 VE
452 1486 637 1512 REPONAM
662 1469 736 1512 hoc
766 1473 825 1512 est
853 1470 900 1511 in
927 1459 1131 1523 patriam.'

223 1540 322 1582 596.
373 1551 518 1582 NIGRO
559 1552 863 1583 CIRCVMDATA
903 1553 1107 1583 TVRBINE
1145 1552 1322 1583 conpvs
1366 1540 1438 1583 hoe
1475 1541 1580 1592 ideo,
1626 1541 1727 1596 quia
1764 1541 1818 1583 ad

105 1626 343 1654 maerorem
389 1611 640 1668 luctumque
686 1613 914 1655 descendit.
978 1615 1128 1654 contra
1164 1612 1210 1654 in
1249 1615 1402 1655 octavo
1443 1612 1608 1667 <608>,
1652 1613 1727 1655 ubi
1765 1613 1818 1654 ad

105 1684 319 1726 laetitiam
361 1683 579 1726 descendit
610 1682 776 1739 Venus,
815 1683 930 1725 claro
963 1698 1058 1725 eam
1089 1683 1238 1726 nimbo
1271 1683 1580 1725 circumdatam
1613 1683 1733 1735 dicit,
1772 1686 1820 1725 ut

106 1757 160 1797 at
191 1754 362 1797 Venus
395 1755 658 1798 aetherios
692 1755 827 1797 inter
859 1754 950 1797 dea
982 1755 1200 1797 candida
1232 1755 1448 1798 nimbos.
1537 1790 1542 1799 ,
1844 1764 1890 1795 2ο

225 1826 325 1869 597.
375 1844 427 1870 Ar
455 1843 591 1870 MANVS
621 1843 789 1869 INTEREA
822 1827 868 1868 in
895 1829 978 1868 tota
1002 1826 1079 1868 hac
1103 1827 1368 1881 descriptione
1392 1826 1631 1869 historicum
1656 1827 1818 1870 charae-

106 1902 228 1941 terem
251 1899 408 1952 poetico
439 1900 587 1941 miscet.

225 1970 323 2012 598.
373 1981 669 2020 ETRVSCIQVE
695 1980 846 2012 DVCES
873 1958 1050 2012 Etruria
1082 1969 1198 2012 dicta
1230 1968 1307 2025 est,
1339 1970 1451 2025 quod
1479 1970 1569 2012 eius
1598 1971 1703 2013 fines
1728 1974 1819 2012 ten-

107 2042 319 2084 debantur
350 2056 485 2097 usque
519 2041 572 2083 ad
604 2041 743 2096 ripam
781 2036 963 2096 Tiberis,
996 2042 1119 2097 quasi
1152 2039 1401 2097 ἑτερούρια;
1434 2056 1536 2083 113111
1570 2040 1733 2098 ἕτερον
1754 2045 1819 2084 est

107 2114 306 2168 alterum,
339 2109 443 2168 ὅρος
474 2114 571 2155 finis
602 2115 792 2156 vocatur.
843 2113 981 2155 Roma
1008 2113 1122 2155 enim
1149 2116 1277 2155 antea
1302 2129 1431 2156 unam
1457 2116 1628 2155 tantum
1651 2114 1819 2156 Tiberis
1846 2124 1890 2154 25

204 2247 224 2278 8
251 2254 402 2277 mummi
427 2241 617 2288 similiter]
646 2241 692 2277 cf.
714 2243 806 2277 Don.
834 2242 882 2278 ad
904 2242 985 2278 Ter.
1006 2241 1098 2277 Eun.
1120 2242 1135 2276 Ι
1157 2247 1189 2286 2,
1213 2246 1255 2277 12
1275 2244 1288 2288 ΙΙ
1307 2247 1352 2278 23
1379 2242 1529 2278 Etruria
1556 2271 1562 2277 .
1586 2270 1592 2277 .
1615 2271 1622 2278 .
1650 2243 1818 2289 tenebat]

108 2302 223 2326 exscr.
250 2289 335 2325 Isid.
363 2301 414 2325 or.
442 2289 527 2325 XIV
554 2294 587 2334 4,
614 2293 658 2324 22

110 2404 220 2454 guine
252 2419 392 2454 poenas
424 2410 507 2445 add.
535 2409 588 2444 F:
621 2410 722 2445 unde
753 2421 795 2445 ea
826 2420 964 2455 quoque
995 2421 1087 2455 quae
1119 2410 1343 2446 Turonensis
1372 2413 1458 2454 post
1489 2422 1522 2446 u.
1556 2422 1591 2446 11.
1619 2422 1648 2446 0.
1681 2411 1820 2447 exhibet

108 2456 333 2501 peritissime
358 2485 365 2492 .
387 2484 395 2492 .
417 2484 424 2491 .
446 2457 664 2502 expediatur
682 2458 724 2492 in
742 2457 997 2493 Floriaeensis
1016 2459 1209 2504 archetypo
1233 2459 1349 2502 fuisse
1368 2458 1527 2493 conicias
1546 2459 1557 2504 ΙΙ
1579 2462 1596 2493 1
1623 2471 1819 2499 1ΤΑινοονΕ

109 2504 205 2539 RM
222 2505 235 2551 ΙΙ
260 2503 291 2539 si
317 2515 382 2539 om.
404 2504 499 2539 HM
519 2505 531 2551 ΙΙ
557 2505 730 2540 similiter
755 2505 853 2540 HM
866 2506 878 2551 ΙΙ
897 2506 1121 2551 accipiemus
1148 2505 1185 2540 R
1222 2505 1428 2551 accipimus
1454 2506 1497 2540 H
1512 2506 1525 2551 ΙΙ
1543 2506 1598 2541 ita
1623 2506 1818 2551 intellega—

110 2563 191 2586 mus
219 2579 226 2587 .
249 2579 257 2587 .
279 2580 285 2587 .
315 2552 455 2587 aboleri
483 2552 643 2587 dedecus
669 2553 781 2587 armis
807 2564 873 2589 om.
900 2553 940 2588 F
974 2554 985 2599 ΙΙ
1022 2557 1042 2588 2
1069 2553 1187 2598 aliqui
1213 2554 1259 2588 M
1294 2554 1306 2600 ΙΙ
1343 2557 1364 2588 3
1391 2553 1486 2599 esse]
1521 2553 1634 2589 fuisse
1660 2553 1775 2590 ASR
1817 2554 1820 2610 J

111 2603 132 2634 5
157 2598 444 2644 praestrucsisse
463 2600 553 2634 ΑΗ
579 2599 861 2646 praestrinxisse
881 2613 905 2636 a
935 2601 1196 2646 perstrinxisse
1216 2602 1324 2646 vulyo
1343 2603 1355 2647 ΙΙ
1375 2605 1395 2636 6
1421 2600 1507 2636 111ᾱο
1528 2602 1586 2636 est
1603 2600 1699 2636 illud
1718 2601 1791 2636 AS
1818 2614 1820 2643 ς

111 2650 132 2682 8
159 2649 198 2682 et
223 2649 281 2682 est
306 2647 500 2692 antiquum
520 2675 528 2683 .
551 2675 558 2682 .
580 2676 587 2684 .
610 2650 676 2683 aut
700 2648 819 2694 ipsius
845 2648 1069 2693 inspoliatae
1091 2647 1271 2684 Camillae
1297 2659 1363 2684 om.
1385 2649 1424 2683 F
1440 2649 1452 2692 ΙΙ
1472 2649 1683 2695 antiquum]
1710 2648 1819 2683 Plau-

109 2696 168 2730 tus
192 2693 231 2729 111
256 2694 442 2729 aulularia
468 2694 601 2729 ‘filium
626 2695 765 2740 pariter
790 2696 991 2731 moratum’
1021 2697 1105 2731 add.
1126 2696 1165 2732 D
1184 2698 1196 2743 ΙΙ
1215 2700 1235 2732 9
1262 2696 1300 2731 111
1325 2707 1391 2731 om.
1408 2696 1456 2730 M
1472 2697 1483 2742 ΙΙ
1502 2696 1717 2731 nominatur
1739 2697 1787 2730 M
1810 2697 1821 2742 ’,ᾗ

113 2746 157 2776 14
190 2742 412 2777 discesserat
437 2742 480 2776 H
514 2742 717 2778 discessera
743 2743 788 2778 M
822 2744 836 2788 ΙΙ
875 2747 917 2778 15
943 2743 1184 2790 inspoliatae]
1219 2743 1403 2789 spoliatae
1429 2743 1489 2787 H,
1521 2742 1702 2778 Camillae
1735 2745 1819 2779 add.

110 2790 249 2825 Daniel
276 2800 293 2824 e
321 2789 545 2832 Turonenm‘,
572 2791 637 2835 qui
661 2791 711 2825 ad
736 2802 945 2826 mspomxm
971 2804 1002 2827 F,
1029 2791 1115 2826 haec
1138 2791 1243 2827 habet
1267 2791 1477 2826 indetracta
1502 2793 1568 2826 aut
1592 2790 1710 2836 ipsius
1736 2803 1819 2837 spo-

110 2837 225 2873 liatae
253 2837 424 2872 camillae
443 2838 455 2882 ΙΙ
475 2838 524 2872 ad
549 2849 630 2872 nim
648 2850 750 2873 LEvls
777 2852 808 2874 c.
828 2852 861 2873 D.
884 2852 914 2873 P.
934 2849 967 2872 A.
995 2840 1040 2883 (v.
1066 2840 1149 2884 595)
1175 2840 1240 2874 aut
1263 2838 1358 2874 leuis
1384 2837 1467 2884 ipsa
1491 2839 1529 2873 id
1556 2840 1614 2874 est
1637 2850 1711 2874 non
1736 2850 1819 2884 gra—

110 2886 200 2920 uata
218 2885 381 2930 pondere
402 2885 566 2929 corporis
587 2887 652 2920 aut
670 2885 764 2920 leuis
784 2896 894 2920 auras
913 2885 1014 2920 leues
1035 2885 1260 2932 accipiamus
1285 2886 1318 2921 T
1331 2887 1344 2931 ss
1374 2890 1416 2922 17
1438 2885 1541 2931 quia]
1562 2888 1738 2931 quoniam
1754 2886 1793 2920 F
1809 2887 1820 2931 ll

114 2935 156 2968 18
182 2932 330 2979 contra]
357 2934 487 2967 contra
512 2943 608 2976 quae
633 2932 669 2967 R
707 2935 837 2967 contra
862 2943 973 2978 quem
999 2933 1044 2968 H
1076 2945 1163 2968 nam
1188 2933 1401 2969 inuenimus
1428 2933 1469 2968 F
1496 2934 1508 2980 ll
1551 2938 1590 2969 19
1616 2934 1818 2980 laetitiam]

111 2979 272 3015 latinum
298 2979 370 3015 AS
387 2981 400 3025 ΙΙ
419 2980 519 3015 01310
548 3008 554 3015 .
577 3006 584 3013 .
607 3009 613 3016 .
641 2982 681 3015 at·
699 2979 825 3014 Venus
850 2991 915 3015 om.
937 2980 1010 3015 AS
1027 2983 1039 3026 ΙΙ
1058 2985 1103 3016 21
1129 2993 1156 3018 s.
1177 2993 1208 3017 v.
1238 2985 1305 3017 597
1332 2981 1371 3016 in
1396 2982 1478 3016 tota
1504 3009 1511 3016 .
1534 3010 1542 3017 .
1564 3009 1571 3017 .
1599 2981 1732 3017 miscet
1754 2982 1787 3016 T
1810 2983 1821 3028 ΙΙ

114 3027 364 3063 cdaracterem
385 3027 426 3062 F
441 3028 453 3074 11
472 3031 516 3063 23
543 3027 768 3062 tenebantur
786 3027 884 3061 HM
898 3028 911 3074 ΙΙ
929 3031 975 3062 24
1000 3029 1137 3076 ripam]
1164 3029 1322 3074 primam
1342 3028 1387 3063 H
1419 3028 1578 3074 primam
1605 3029 1723 3074 ripam
1748 3029 1784 3063 R
1810 3030 1822 3075 Η

113 3074 274 3120 Tiberis]
309 3076 347 3110 et
370 3087 438 3120 per
464 3086 668 3120 syncopam
695 3071 871 3119 ἕτρούρια
897 3075 982 3110 add.
1008 3076 1047 3110 D
1083 3076 1095 3123 ΙΙ
1132 3076 1238 3121 quasi
1265 3072 1463 3121 ἕτερούρια
1490 3104 1498 3111 .
1520 3105 1527 3112 .
1550 3103 1557 3110 .
1584 3078 1742 3111 vocatur
1766 3076 1819 3110 R:

112 3122 220 3166 quasi
251 3132 433 3157 ετεΡοΥΡοῐ
463 3133 550 3157 nam
583 3123 713 3158 eteros
745 3123 802 3157 est
832 3122 995 3157 alcerum
1027 3135 1161 3159 tnoroc
1185 3122 1240 3168 (in
1265 3134 1350 3158 01·οε
1375 3123 1418 3167 S)
1453 3122 1536 3158 finis
1568 3125 1725 3158 uocatur
1750 3123 1823 3158 AS

113 3168 221 3214 quasi
246 3170 433 3205 eterooras
459 3182 545 3205 nam
574 3171 702 3205 eteron
729 3169 786 3205 est
804 3169 965 3204 alterum
984 3181 1067 3206 oros
1086 3170 1170 3206 finis
1189 3172 1347 3206 uocatur
1368 3171 1418 3205 M
1443 3170 1548 3215 quasi
1569 3182 1822 3205 ετΛιυοΥΛΡοιε

111 3227 417 3299 ΝΑΜΕΤΡοιεὲῗῐε
448 3218 634 3263 significat
666 3228 755 3252 oron
782 3216 935 3262 equasi
960 3217 1120 3254 alterum
1154 3230 1239 3253 orus
1271 3218 1360 3253 fines
1392 3219 1547 3253 uocatur
1572 3218 1626 3261 F,
1652 3229 1719 3255 om.
1746 3217 1790 3253 H
1810 3218 1823 3266 ΙΙ

113 3267 158 3299 25
184 3267 269 3300 ante

1465 3324 1538 3359 36*
