2092 3614
337 260 425 303 250
1092 255 1271 300 ‘sssavu
1310 246 1314 250 ‘

298 425 304 434 .
336 370 589 412 bellicosum:
627 372 706 414 alii
735 373 930 415 Liberum
954 378 1135 429 patrem,
1173 389 1216 416 eo
1246 347 1355 428 Quod
1383 389 1505 429 capro
1524 376 1573 431 ¹ei
1601 377 1651 430 fit
1679 377 1824 419 diviua
1853 391 1934 433 res,
1971 379 2044 432 qui

287 664 308 694 5

265 1020 308 1052 10

263 1378 304 1409 15

258 1736 303 1767 20

257 2093 302 2124 25

255 2449 301 2479 30

336 445 395 483 est
422 441 556 483 hostia
585 443 727 485 Liberi
748 446 939 498 propria.
992 447 1037 487 in
1068 446 1191 488 liuius
1201 430 1536 488 'similitudinem
1567 448 1705 502 intecti
1734 449 1903 491 cultores
1933 450 2042 492 eius:

336 514 402 554 cui
434 514 656 567 lupercalia
686 515 877 558 instituta
907 520 1021 572 sunt,
1052 518 1153 570 quia
1184 518 1280 559 deus
1302 518 1530 571 pastoralis
1560 521 1627 560 est.
1675 533 1776 560 riam
1800 519 1976 561 Remum
2007 524 2045 562 et

334 584 560 626 Romulum
597 589 692 627 aute
728 592 867 629 urbem
906 589 1110 630 conditam
1152 589 1378 642 lupercalia
1414 589 1629 631 celebrasse
1658 604 1701 631 eo
1732 591 1840 643 quod
1867 592 2043 643 quodam

336 651 510 710 tempore
546 658 785 699 nuntiatum
822 658 908 700 illis
939 660 994 701 sit
1025 660 1203 701 latrones
1230 674 1356 714 pecus
1393 661 1558 702 illorum
1595 661 1774 714 abicere:
1812 662 1905 704 illos
1943 663 2044 717 toyis

327 728 476 781 positis
507 730 732 782 cucurrisse
762 730 966 783 caesisque
997 731 1123 773 obviis
1154 745 1276 785 pecus
1313 745 1588 785 recuperasse:
1626 733 1673 774 id
1700 733 1747 774 iii
1777 746 1929 775 morem
1958 748 2043 775 ver—

333 812 442 849 sum,
473 803 521 840 ut
549 799 742 853 hodieque
771 802 876 842 nudi
906 805 1087 843 currant.
1150 816 1233 844 riou
1263 803 1372 845 milli
1395 806 1564 856 propter
1593 804 1846 846 sterilitatem
1875 804 1948 846 hoc
1976 818 2042 847 sa-

333 884 448 911 crum
485 872 628 913 dicunt
663 886 691 913 a
721 871 898 915 Romulo
936 874 1213 929 coustitutum,
1254 875 1418 928 ideoque
1454 878 1492 916 et
1521 875 1684 929 puellae
1721 876 1769 917 de
1806 876 1890 918 loro
1927 877 2044 930 capri

333 942 574 993 caeduntur,
614 946 661 984 ut
696 947 865 985 careant
899 945 1113 987 sterilitate
1149 949 1187 987 et
1213 946 1411 998 fecundae
1449 947 1554 988 sint:
1594 960 1694 988 uam
1724 947 1872 1000 pellem
1909 948 2043 1001 ipSam

333 1014 450 1067 capri
479 1017 624 1056 veteres
652 1015 813 1067 februm
843 1016 1050 1058 vocabant.
1364 1064 1366 1066 ,
1983 1019 1991 1025 ’

430 1085 552 1127 -344,
601 1097 862 1129 PARRHASIO
907 1098 1088 1130 mc'rvn
1132 1099 1282 1130 PANos
1324 1100 1386 1129 DE
1427 1099 1555 1130 MORE
1596 1099 1767 1130 LYOAEI
1812 1089 1915 1131 ordo
1961 1092 2042 1131 est:

332 1158 550 1198 monstrat
581 1157 772 1211 lupercal
803 1157 944 1200 Panos
976 1158 1153 1214 Lycaei,
1192 1159 1354 1201 dictum
1385 1159 1435 1201 de
1469 1173 1588 1201 more
1620 1158 1867 1215 Parrhasio,
1901 1160 1944 1202 id
1977 1163 2044 1202 est

332 1227 525 1269 ostendit
562 1229 754 1283 lupercal
792 1228 935 1271 Panos
973 1230 1149 1285 Lycaei,
1190 1230 1379 1272 dicatum
1418 1245 1469 1272 ex
1507 1245 1626 1273 more
1666 1230 1896 1273 Arcadico:
1939 1247 2042 1274 nam

331 1298 565 1342 Parrhasia
592 1300 778 1342 Arcadia
810 1304 886 1343 est.
1008 1313 1187 1344 DIGTVM
1219 1302 1427 1355 dicatum,
1459 1304 1768 1345 consecratum.
1890 1314 2039 1347 PANOS

330 1381 502 1413 LYCAEI
535 1370 678 1414 ‘huius
705 1371 864 1414 Panos'
897 1373 1122 1427 genetivus
1155 1375 1220 1414 est
1252 1372 1461 1427 Graecus,
1494 1375 1537 1414 et
1569 1372 1732 1415 ‘Panos
1765 1372 1945 1428 Lycaei'
1979 1375 2041 1416 sic

331 1442 492 1484 dictum
525 1444 609 1497 est,
641 1444 690 1484 ut
721 1430 858 1485 ‘Iovis
891 1442 1102 1499 Olympi',
1133 1442 1370 1499 ‘Apollinis
1402 1443 1704 1500 Delphorum'.

448 1513 546 1556 345.
598 1525 732 1557 SACRI
758 1508 1006 1558 MONSTRAT
1033 1527 1186 1558 NEMVS
1213 1514 1604 1574 ARG1LET1V‘sacri'
1632 1516 1895 1559 execrabilis.
1937 1532 2039 1559 sane

330 1584 595 1641 Argiletum,
627 1586 751 1641 quasi
784 1586 1049 1642 argilletum,
1082 1586 1206 1628 multi
1239 1587 1393 1629 volunt
1425 1602 1450 1628 a
1478 1587 1630 1642 pingui
1661 1590 1793 1642 terra3
1827 1587 1900 1629 alii
1926 1603 1950 1629 a
1976 1588 2038 1630 fa-

329 1657 444 1699 bula.
506 1672 608 1699 nam
640 1657 845 1699 Euander
878 1657 1045 1713 Argum
1085 1658 1315 1713 quendam·
1338 1658 1526 1713 suscepit
1563 1658 1769 1714 hospitio.
1830 1660 1902 1714 qui
1941 1674 2037 1701 cum

331 1727 382 1769 de
414 1728 504 1770 eius
543 1728 755 1783 cogitaret
791 1728 984 1784 interitu,
1022 1730 1071 1770 ut
1102 1729 1196 1783 ipse
1227 1732 1446 1785 regnaret,
1479 1728 1684 1772 Euandro
1715 1730 1797 1772 hoc
1829 1745 1916 1772 non
1949 1744 2040 1772 sen-

328 1800 464 1842 tiente
497 1800 604 1842 socii
636 1800 942 1842 intellexerunt
974 1803 1017 1841 et
1041 1800 1206 1856 Argum
1235 1803 1462 1843 necarunt:
1495 1800 1563 1842 eui
1589 1800 1792 1843 Euander
1825 1803 1868 1842 et
1899 1802 2040 1857 sepul-

329 1872 478 1913 chrum
510 1871 613 1913 fecit
645 1873 688 1912 et
718 1872 859 1913 locum
892 1872 1092 1927 sacravit,
1123 1886 1211 1914 non
1244 1872 1356 1927 quod
1388 1872 1463 1914 ille
1491 1872 1753 1927 merebatur,
1787 1872 1860 1914 sed
1891 1872 2038 1927 hospi-

327 1942 512 1985 talitatis
544 1957 683 1985 causa.
745 1943 855 1984 bene
889 1945 1033 1985 autem
1065 1943 1110 1984 in
1141 1943 1223 1985 hac
1253 1958 1298 1985 re
1332 1943 1534 1985 Euander
1566 1944 1807 1986 inmoratur
1839 1946 1883 1985 et
1913 1943 2039 1986 docet

328 2030 498 2069 causas,
539 2029 592 2056 ne
630 2014 743 2069 apud
781 2014 999 2069 hospitem
1038 2014 1185 2057 veniat
1221 2014 1266 2055 in
1299 2015 1601 2069 suspitionem'
1653 2029 1756 2071 ergo
1788 2014 2036 2071 Argiletum

329 2087 382 2129 ab
410 2086 530 2142 Argo
562 2086 651 2127 illic
685 2088 852 2128 sacrato
887 2089 930 2128 et
962 2086 1146 2141 sepulto.
1194 2086 1272 2128 alii
1296 2086 1460 2140 Arqum
1491 2088 1666 2129 occisum
1696 2087 1838 2129 dicunt
1868 2087 1917 2129 ab
1947 2088 2036 2140 ipso

327 2158 548 2211 Euandro,
585 2157 817 2199 auxiliante
852 2158 932 2199 sibi
961 2158 1155 2209 Hercule,
1191 2158 1299 2215 quod
1327 2158 1364 2200 is
1394 2172 1443 2199 ex
1472 2157 1637 2211 hospite.
1661 2158 1798 2210 factus
1828 2160 1929 2200 esset
1957 2157 2036 2199 iui-

327 2230 468 2271 micus.
518 2229 596 2270 alii
627 2228 807 2271 Dauaeu
838 2243 930 2271 cum
959 2230 1114 2271 duobus
1143 2230 1246 2283 filiis
1276 2230 1390 2283 Aryo
1421 2232 1459 2270 et
1487 2228 1640 2283 Ar9e0‚
1671 2243 1770 2282 quos
1800 2230 1847 2271 de
1877 2228 2036 2271 Phineo

326 2301 485 2351 habuit,
516 2301 669 2342 venisse
699 2301 746 2341 iri
770 2300 946 2342 Italiam
971 2303 1010 2342 et
1033 2301 1163 2342 locum
1193 2301 1264 2342 ubi
1293 2314 1404 2342 nuuc
1427 2299 1563 2342 Roma
1593 2302 1652 2342 est
1681 2301 1870 2354 tenuisse,
1900 2300 2036 2354 ibique

327 2372 489 2425 Aryum
521 2371 796 2425 Aboriyiuum
829 2372 996 2414 insidiis
1031 2372 1288 2424 interfectum
1326 2371 1408 2427 loeo
1438 2384 1586 2412 nomeu
1616 2370 1781 2412 dedisse.
1841 2370 1920 2412 alii
1950 2371 2034 2412 Ar-

322 2436 549 2496 ‚quemnam
571 2446 741 2496 portam
765 2443 986 2498 appellari,
1017 2441 1125 2496 quod
1148 2457 1238 2484 eam
1263 2441 1431 2485 Cassius
1455 2441 1645 2495 Aryillus
1675 2442 1758 2483 sive
1785 2442 1925 2494 fecerit
1953 2443 2036 2484 sive

326 2502 528 2565 refecerit:
570 2512 667 2569 (vel)
698 2515 806 2567 quod
834 2514 893 2556 ibi
924 2513 1095 2557 Cassius
1123 2514 1315 2568 Aryillus
1345 2514 1444 2556 bello
1475 2512 1634 2555 Punico
1656 2513 1798 2566 primo
1828 2513 1885 2554 sit
1912 2513 2035 2555 iuter·

423 2657 466 2689 17
493 2664 580 2688 sane
608 2681 615 2688 .
637 2682 644 2689 .
666 2682 674 2690 .
701 2655 816 2701 terra]
844 2655 889 2690 cf.
916 2654 1035 2690 Varro
1062 2655 1095 2690 d.
1122 2655 1146 2691 1.
1173 2654 1197 2691 1.
1224 2654 1258 2689 V
1285 2657 1351 2689 157

351 2771 357 2782 '
425 2780 441 2809 1
470 2785 582 2819 capra
611 2773 644 2808 Τ
659 2774 672 2818 ΙΙ
690 2784 748 2808 res
774 2784 839 2807 om.
862 2774 967 2816 libri,
992 2775 1077 2809 add.
1098 2774 1237 2809 Daniel
1255 2774 1267 2820 ΙΙ
1287 2784 1382 2818 quae
1412 2772 1445 2807 Τ
1461 2774 1473 2817 ΙΙ
1492 2776 1514 2806 4
1541 2782 1583 2807 eo
1614 2772 1660 2807 T:
1687 2783 1733 2807 ex
1758 2771 1826 2816 Ρη
1845 2774 1866 2806 5
1891 2770 1948 2805 1111
1971 2770 2030 2817 ΤΗ

328 2826 348 2856 6
376 2820 496 2857 obuiis
522 2821 575 2856 F:
603 2820 736 2856 obuius
762 2820 796 2855 G
834 2819 964 2855 obuios
992 2821 1025 2855 T
1041 2822 1053 2865 ΙΙ
1074 2825 1092 2855 7
1120 2821 1365 2856 sterelitatem
1385 2820 1425 2854 F
1440 2820 1452 2865 ΙΙ
1479 2823 1499 2855 8
1527 2830 1660 2864 caprae
1689 2819 1722 2853 T
1737 2820 1751 2864 ss
1779 2823 1799 2853 9
1826 2818 2032 2854 sterelitate

328 2869 369 2904 F
383 2870 396 2914 ΙΙ
414 2868 595 2904 fecundae
625 2868 671 2903 T:
698 2868 755 2903 fef:
781 2868 853 2914 due
881 2867 921 2902 F
936 2869 948 2911 ΙΙ
973 2868 1110 2912 pallem
1137 2868 1170 2903 G
1190 2870 1201 2915 ΙΙ
1229 2873 1272 2904 10
1297 2868 1443 2903 februm
1469 2868 1556 2902 libri
1591 2867 1760 2901 februum
1789 2865 1996 2900 Masvicius
2020 2864 2032 2911 Η

326 2916 516 2952 uocabunt
541 2916 580 2950 F
597 2916 608 2962 ΙΙ
638 2920 681 2950 12
708 2914 850 2950 dietum
878 2942 885 2949 .
908 2942 915 2949 .
937 2942 944 2949 .
972 2915 1107 2959 Lycaei
1133 2927 1198 2951 om.
1227 2916 1315 2950 LH
1335 2916 1434 2958 (add.
1461 2916 1487 2960 l)
1506 2915 1518 2959 ΙΙ
1544 2913 1589 2948 de
1616 2923 1718 2948 more
1744 2912 1884 2947 dictum
1909 2912 1964 2955 R,
1991 2913 2032 2947 iri

327 2975 397 3009 quo
416 2963 613 2998 Parrhasio
643 2991 649 2997 .
673 2993 679 2999 .
702 2991 709 2998 .
736 2974 780 2998 ex
805 2973 907 2997 more
932 2963 1065 2997 omissa
1083 2966 1170 2998 suut
1187 2964 1200 3009 ΙΙ
1221 2967 1264 2998 13
1290 2963 1455 2997 dicatum
1482 2973 1526 2997 ex
1551 2960 1723 2996 dictitum
1742 2959 1787 2994 H
1801 2960 1814 3004 ΙΙ
1833 2963 1877 2993 14
1901 2959 2030 2994 archa-

327 3011 390 3046 dia,
413 3011 517 3058 §licta
541 3013 599 3045 est
624 3011 660 3045 R
679 3012 691 3056 ΙΙ
721 3014 764 3046 16
791 3008 970 3055 olympici
995 3009 1062 3054 Fu
1082 3010 1199 3045 delfos
1226 3011 1276 3044 M
1310 3009 1408 3044 Iovis
1434 3007 1621 3052 Olympici
1647 3006 1832 3052 Apollinis
1856 3005 2032 3051 Delphici

1531 3063 1561 3081 ,Γ

325 3094 433 3140 vulyo
451 3094 463 3138 ΙΙ
485 3097 528 3128 18
553 3092 769 3138 argilletum
789 3093 842 3128 R:
869 3092 1087 3138 argriletum
1107 3091 1143 3126 A
1175 3090 1409 3139 alssgriletum
1431 3090 1459 3125 S
1489 3090 1692 3134 ag.iletum
1712 3088 1746 3123 L
1778 3089 1975 3134 argiletum
1990 3089 2036 3123 H

326 3141 434 3186 quasi
459 3140 675 3187 argilletum
701 3152 766 3175 om.
796 3141 846 3175 M
868 3141 879 3186 ΙΙ
905 3144 950 3175 20
975 3139 1021 3175 de
1047 3138 1141 3185 eius]
1168 3139 1272 3174 dedis
1298 3139 1343 3173 H
1375 3137 1422 3172 de
1447 3137 1525 3172 eius
1551 3148 1595 3172 ex
1621 3136 1746 3171 decius
1775 3137 1822 3170 M
1840 3138 1851 3182 ΙΙ
1876 3146 2030 3171 consen—

326 3188 444 3223 tiente
463 3188 500 3223 R
538 3187 677 3223 sciente
697 3188 737 3222 F
753 3189 765 3233 ΙΙ
784 3192 828 3222 22
848 3188 988 3233 locum]
1016 3187 1156 3222 lacrum
1175 3186 1215 3221 F
1231 3188 1243 3231 ΙΙ
1261 3185 1351 3231 non]
1380 3196 1466 3220 nam
1488 3184 1528 3219 F
1543 3185 1556 3230 ΙΙ
1575 3184 1793 3237 2ὅ.εθΡι111;ο
1819 3186 1859 3238 et
1882 3184 2028 3219 sacrato

328 3235 533 3271 Masvicius
557 3236 569 3282 ΙΙ
598 3239 641 3270 27
669 3246 760 3279 quos
788 3236 941 3270 Daniel:
969 3234 1068 3278 quod
1095 3233 1135 3269 F
1156 3234 1168 3280 ΙΙ
1196 3237 1242 3268 30
1267 3232 1415 3269 Cassius
1441 3233 1526 3277 post
1549 3230 1715 3276 Arglllus
1739 3230 1879 3267 Daniel
