2092 3614
478 250 628 287 COMM.
654 249 878 297 1N2VERG.
905 248 1015 285 AEN.
1042 248 1111 284 VII
1138 253 1335 284 777—794.
1673 247 1760 289 195

51 361 121 403 vel
151 376 231 416 pro
262 361 331 402 his
364 359 570 416 gradibus
601 360 721 416 ipsae
747 360 859 401 inter
884 374 929 401 se
954 359 1094 414 iungi:
1126 358 1228 399 hinc
1255 372 1357 413 ergo
1385 360 1451 400 est
1482 357 1596 400 ‘tam
1620 356 1760 413 magis

51 433 128 474 illa
167 432 354 475 fremens
397 434 439 474 et
480 432 682 474 tristibus
724 431 854 473 effera
893 430 1098 483 flammis,
1143 445 1272 486 quam
1314 430 1455 485 magis
1497 430 1630 471 effuso
1671 443 1762 471 cru-

51 504 232 547 descunt
265 504 474 560 sanguine
506 502 719 560 pugnae’:
752 518 839 546 non
871 503 987 545 enim
1020 502 1072 544 ad
1103 502 1417 557 praelationem
1447 501 1617 557 positae
1650 502 1763 555 sunt,

52 576 126 618 sed
159 576 212 618 ad
245 576 612 632 exaequationem.
664 575 849 618 maiores
877 575 990 617 enim
1019 574 1157 618 nostri
1188 574 1295 616 vitia
1325 588 1414 615 non
1446 560 1657 627 indicto,
1690 571 1764 614 sed

53 648 98 689 in
137 648 453 703 significatione
493 662 585 690 6666
622 647 863 690 voluerunt.
923 646 1023 689 hinc
1060 648 1127 688 est
1168 645 1214 687 in
1252 644 1461 688 Sallustio
1502 644 1576 686 ita
1617 635 1765 699 qua'm
1791 649 1811 680 5

51 719 269 775 quisque
306 719 532 775 pessime
569 719 716 775 fecit,
756 722 858 761 tam
897 718 1115 760 maxime
1152 718 1297 759 tutus
1336 719 1432 759 est:
1476 731 1578 759 nam
1616 715 1767 758 ethic

55 791 310 847 exaequatio
343 794 426 847 est,
456 806 543 834 non
577 791 859 846 comparatio.
917 815 921 818 ·

172 864 269 906 790.
319 874 367 906 10
399 874 525 906 AVRO
557 874 827 907 INSIGNIBAT
858 863 967 906 haec
991 861 1142 905 Inachi
1172 861 1263 903 filia
1282 859 1547 917 Argivorum
1578 859 1768 902 fluminis

54 935 149 976 fuit.
197 934 310 976 hanc
339 934 503 977 amavit
528 934 737 991 Iuppiter.
788 937 831 977 et
863 934 965 977 dum
997 949 1093 976 cum
1126 948 1176 976 ea
1208 934 1339 988 66661,
1369 932 1478 975 Ι11110
1511 931 1769 988 supervenit.

54 1006 212 1048 timens
244 1006 318 1048 ille
349 1020 404 1048 ne
435 1005 845 1062 deprehenderetur,
887 1006 1037 1048 Ionem
1075 1005 1263 1048 mutavit
1299 1004 1345 1046 in
1382 1018 1556 1046 vaccam
1593 1005 1637 1045 et
1674 1017 1769 1045 eam
1797 1009 1840 1040 10

53 1078 251 1134 poscenti
292 1077 411 1120 dedit
447 1078 621 1134 Iunoni,
661 1093 716 1120 116
754 1078 963 1134 paelicem
1001 1077 1287 1120 confiteretur.
1350 1077 1417 1119 cui
1449 1075 1558 1119 Iuno
1590 1074 1771 1131 Argum,

58 1150 276 1192 oculatum
302 1150 503 1193 omnibus
533 1150 751 1205 membris,
777 1149 996 1193 Arestoris
1022 1150 1105 1193 sive
1131 1149 1283 1192 Terrae
1307 1149 1458 1204 filium,
1482 1161 1600 1201 quem
1620 1146 1772 1189 Graeci

51 1225 261 1278 panopten
284 1222 509 1276 afflellant,
543 1221 765 1264 custodem
798 1221 1014 1277 adposuit.
1058 1236 1185 1277 quem
1211 1235 1308 1263 cum
1334 1220 1530 1276 Iuppiter
1555 1233 1632 1275 per
1657 1217 1770 1260 Mer-

56 1294 244 1349 curium,
286 1294 359 1347 qui
401 1307 492 1336 eum
536 1297 660 1336 eaaitu
704 1294 868 1348 fistulae
911 1295 959 1336 in
994 1307 1185 1337 somnum
1224 1292 1422 1346 conpulit,
1466 1290 1772 1346 interemisset,

56 1365 165 1409 Iuno
198 1379 296 1407 eum
327 1365 374 1407 in
405 1380 619 1420 pavonem
650 1366 853 1421 mutavit,
888 1365 985 1409 Ioni
1017 1380 1119 1408 vero
1152 1364 1319 1407 inmisit
1343 1366 1553 1417 oestrum,
1587 1376 1771 1405 muscam
1799 1369 1843 1400 15

58 1437 312 1483 animalibus
342 1437 554 1490 infestam,
587 1452 672 1493 quo
705 1437 778 1480 diu
812 1437 1034 1494 exagitata
1066 1437 1120 1480 ad
1152 1437 1399 1492 Aegyptum
1431 1434 1551 1477 venit
1582 1436 1625 1477 et
1655 1433 1770 1479 Iovis

48 1509 284 1569 ,voluntate
315 1509 361 1551 in
386 1508 477 1551 Isin
508 1511 677 1551 mutata
708 1510 862 1563 colique
892 1512 1028 1563 coepta
1059 1511 1136 1551 est.
1238 1518 1505 1551 INSIGNIBAT
1538 1507 1662 1562 signo
1695 1520 1771 1547 suo

59 1581 224 1623 clarum
256 1595 350 1623 esse
367 1580 580 1623 faciebat.
968 1632 974 1637 .

179 1653 276 1695 791.
326 1664 652 1695 ARGVMENTVM
684 1665 857 1697 INGENS
891 1656 967 1696 aut
996 1653 1165 1709 fabula,
1206 1655 1255 1696 ut
1286 1651 1438 1695 Cicero
1471 1652 1774 1707 argumenta

63 1728 214 1768 erant
244 1725 295 1766 in
332 1724 522 1768 valvis:
561 1728 636 1768 aut
666 1741 711 1767 re
744 1741 845 1769 vera
877 1728 1198 1781 argumentum,
1237 1739 1320 1780 quo
1354 1739 1398 1767 66
1431 1723 1644 1766 Graecum
1675 1736 1773 1777 pro·
1800 1728 1846 1759 20

61 1797 168 1839 bare
200 1796 412 1852 cupiebat.
473 1796 555 1839 hoc
593 1798 707 1839 enim
740 1798 871 1840 etiam
903 1797 1065 1840 Amata
1106 1796 1302 1852 superius
1341 1795 1450 1838 dixit
1481 1794 1627 1850 <372>
1659 1793 1774 1836 Ina—

63 1868 187 1910 chus
220 1867 559 1923 Acrisiusque
599 1871 775 1923 patres
808 1868 1105 1923 mediaeque
1138 1867 1391 1922 Mycenae.
1514 1877 1689 1909 CVSTOS
1721 1880 1774 1907 ne

63 1939 223 1982 reverti
257 1941 404 1994 posset
435 1939 482 1980 in
511 1938 697 1981 formam
729 1939 929 1994 priorem.

185 2010 282 2053 792.
332 2022 486 2052 PATER
511 2022 711 2053 INACHVS
737 2012 861 2066 pater
885 2025 973 2053 non
998 2011 1170 2052 tantum
1196 2010 1334 2065 ipsius
1360 2009 1498 2065 Ionis,
1525 2008 1599 2052 sed
1626 2010 1776 2051 auctor

63 2083 243 2138 originis
270 2082 435 2124 Turni·
1582 2127 1594 2141 x
1802 2088 1847 2119 25

185 2154 282 2196 794.
332 2165 468 2197 ’10116
494 2165 677 2196 AGMINA
703 2165 986 2197 DENSENTVR
1013 2165 1180 2196 CAMms
1211 2153 1361 2196 scilieet
1391 2153 1464 2208 qui
1490 2152 1627 2195 oculis
1658 2154 1777 2207 pote-

63 2228 163 2268 rant
194 2225 425 2267 subiacere.
535 2238 818 2270 DENSENTVR
850 2226 1008 2269 denseo
1042 2226 1194 2268 denses
1227 2225 1427 2280 dicimus,
1459 2224 1586 2266 aliter
1616 2238 1718 2267 non.

63 2308 330 2348 ARGIVAQVE
368 2309 513 2340 PVBES
557 2300 600 2340 et
638 2298 721 2340 hoc
759 2298 813 2340 ad
852 2298 1042 2354 generis,
1086 2301 1135 2340 ut
1174 2312 1305 2353 supra
1341 2295 1545 2350 diximus,
1587 2295 1778 2350 pertinet

64 2369 386 2425 probationem,
417 2370 530 2425 quod
562 2383 659 2411 eum
692 2370 982 2425 sequebantur
1013 2369 1177 2425 Argivi.

165 2550 185 2583 5
213 2546 406 2594 Sallustio]
433 2546 512 2593 Iug.
533 2551 590 2592 31,
613 2551 656 2583 14
674 2548 687 2594 ΙΙ
715 2551 736 2583 8
761 2547 855 2583 haec
879 2545 1009 2583 Inachi
1034 2546 1112 2582 filia
1137 2557 1168 2581 e.
1190 2558 1223 2592 q.
1244 2546 1290 2592 s.]
1317 2556 1432 2581 exser.
1458 2545 1646 2591 mythogr.
1667 2544 1701 2580 II
1721 2549 1778 2581 89.

68 2596 112 2631 cf.
141 2606 273 2631 comm.
299 2594 386 2631 Luc.
415 2595 500 2642 VIII
525 2599 593 2631 831
619 2597 632 2641 ΙΙ
665 2599 707 2630 19
734 2593 881 2641 Cicero]
907 2595 947 2629 in
972 2594 1076 2630 Verr.
1104 2597 1176 2630 act.
1203 2594 1238 2629 II
1262 2593 1327 2629 lib.
1355 2592 1407 2628 IV
1435 2597 1492 2639 56,
1520 2597 1587 2628 124

167 2767 185 2798 1
213 2763 271 2798 est
293 2772 360 2797 om.
381 2761 410 2798 S
426 2763 438 2808 ΙΙ
458 2766 477 2797 3
505 2761 604 2797 6111111
628 2773 694 2797 om.
716 2762 745 2797 S
762 2763 774 2808 ΙΙ
794 2765 814 2796 5
842 2760 1156 2807 significationem
1176 2761 1217 2796 F
1232 2763 1244 2808 1}
1262 2761 1302 2796 in
1327 2771 1393 2797 om.
1413 2761 1458 2795 H
1472 2762 1484 2807 ΙΙ
1504 2760 1686 2796 asulustio
1707 2760 1747 2794 F
1769 2760 1781 2806 Η
1842 2766 1849 2775 ·

70 2814 92 2845 6
118 2811 256 2856 quique
282 2809 323 2844 F
338 2811 350 2855 ΙΙ
368 2809 530 2855 pessima
554 2809 590 2843 L
608 2810 621 2854 ΙΙ
649 2811 751 2845 totus
777 2809 861 2844 LH
885 2810 989 2854 (corr.
1017 2810 1042 2855 l)
1063 2810 1074 2855 ΙΙ
1098 2820 1187 2844 nam
1213 2820 1279 2845 om.
1306 2808 1342 2843 R
1361 2810 1373 2855 ΙΙ
1398 2810 1436 2844 61
1461 2819 1525 2844 am.
1549 2808 1589 2843 F
1605 2810 1616 2854 ΙΙ
1648 2811 1669 2842 8
1694 2820 1780 2842 11161-

70 2870 210 2893 GNABAT
236 2857 278 2892 F
305 2859 316 2904 ΙΙ
349 2861 392 2892 10
417 2856 709 2902 prehenderetur
735 2856 775 2891 F
803 2858 815 2903 ΙΙ
844 2856 882 2891 10
908 2857 1035 2893 SMF
1064 2858 1076 2903 ΙΙ
1110 2861 1150 2892 11
1177 2856 1338 2902 pelicem
1365 2856 1453 2891 libri
1477 2857 1489 2903 ss
1520 2867 1675 2902 arguam
1702 2855 1742 2889 F
1778 2856 1781 2901 1

72 2909 115 2939 12
153 2905 336 2941 Arestoris
375 2905 583 2939 Masvieius
621 2905 679 2949 (ef.
706 2904 876 2949 Apollod.
906 2904 940 2939 Π
965 2908 998 2949 3,
1025 2905 1078 2949 3):
1118 2905 1286 2940 aristoris
1312 2904 1352 2939 F
1393 2903 1567 2938 aristodis
1602 2903 1735 2947 reliqui
1778 2913 1780 2945 j

73 2956 117 2987 14
141 2952 362 2998 peremisset
387 2952 427 2987 F
442 2953 455 2997 ΙΙ
485 2956 528 2987 16
554 2951 760 2998 exagitata]
787 2954 924 2987 uexata
949 2951 1021 2987 SR
1040 2953 1052 2999 ΙΙ
1078 2952 1130 2998 et]
1158 2954 1196 2987 et
1220 2951 1346 2996 ibique
1374 2950 1414 2985 F
1429 2952 1441 2998 ΙΙ
1473 2955 1514 2986 17
1540 2950 1624 2986 161111
1652 2950 1689 2985 R
1726 2949 1780 2984 ni-

72 3000 144 3035 siin
167 3000 207 3035 F
222 3002 236 3046 ΙΙ
262 3011 472 3035 1661666661·
496 2999 530 3034 L
566 3011 768 3035 msteNABrr
794 3000 837 3044 lu
870 3002 913 3034 18
938 2999 1124 3045 faciebat]
1145 3011 1212 3034 sua
1237 2999 1385 3044 pictura
1408 2998 1593 3044 insignem
1618 2998 1782 3033 faciebat

74 3057 91 3080 e
118 3047 324 3086 Twronensi
348 3047 496 3083 addidit
520 3047 659 3083 Daniel
683 3048 695 3093 ΙΙ
728 3050 771 3082 19
796 3047 853 3093 111]
881 3048 924 3082 ut
948 3046 988 3082 in
1012 3047 1058 3082 H
1077 3048 1089 3093 {l
1120 3047 1380 3092 argumentum
1405 3046 1493 3080 LH
1513 3047 1618 3092 (corr.
1647 3046 1673 3090 l)
1698 3045 1711 3088 ΙΙ
1735 3047 1781 3077 20

74 3092 196 3129 baluis
222 3095 292 3130 SR
318 3094 454 3140 (ualuis
478 3095 510 3139 s)
537 3094 658 3130 ualbis
683 3094 772 3130 LH
804 3094 926 3130 ualhis
953 3095 1003 3129 M
1037 3094 1148 3130 uallis
1175 3094 1215 3128 F
1230 3095 1242 3139 ΙΙ
1261 3097 1305 3128 21
1333 3093 1432 3129 6111111
1459 3104 1526 3128 om.
1547 3093 1618 3128 SR
1636 3094 1648 3136 ΙΙ
1668 3093 1781 3125 etiam

75 3151 141 3176 om.
167 3141 207 3176 F
222 3143 235 3188 11
262 3142 406 3177 dixerat
431 3142 481 3176 M
497 3143 509 3188 ΙΙ
539 3146 586 3177 24
610 3142 728 3188 ipsius
753 3141 851 3177 LH:
880 3141 959 3177 eius
985 3142 1129 3177 SRMz
1166 3141 1245 3176 iure
1271 3141 1312 3175 F
1345 3140 1454 3176 unius
1481 3140 1527 3177 F.
1548 3139 1747 3175 Schoellius
1771 3137 1782 3182 ΙΙ

76 3187 174 3222 101116
199 3199 264 3224 om.
293 3189 363 3224 SR
374 3190 422 3224 M
427 3189 468 3223 F
483 3190 495 3235 Ι]
527 3190 592 3224 66(1
617 3191 723 3235 pater
749 3190 880 3225 auctor
899 3189 940 3224 F
961 3191 973 3236 ΙΙ
1003 3193 1049 3224 26
1074 3190 1250 3234 paterant
1268 3188 1309 3223 F
1333 3190 1345 3235 ΙΙ
1375 3192 1421 3224 27
1447 3185 1668 3231 υκκειηκτνκ]
1693 3195 1782 3220 uero

77 3235 159 3271 add.
188 3234 215 3270 S
223 3236 235 3270 l
272 3237 398 3270 autem
424 3237 509 3272 add.
531 3236 572 3271 F
592 3237 605 3282 ss
633 3236 757 3272 densis
784 3236 824 3271 F
851 3238 864 3284 ΙΙ
894 3241 939 3273 28
965 3237 1091 3282 rvims]
1119 3235 1238 3272 sicani
1262 3236 1349 3271 LH

1429 3294 1499 3328 13*
