2092 3614
322 286 410 328 406
627 324 633 328 ,
1096 286 1258 323 SERVII

445 396 541 438 163.
591 406 796 437 PANDITE
823 407 949 438 nvnc
974 406 1216 438 nnmcouA
1249 407 1374 437 DEAE
1407 395 1625 438 Parnasus
1657 411 1779 439 mons
1811 400 1868 439 est
1899 396 2030 438 Thes-

323 467 456 509 saliae
494 467 615 509 iuxta
653 466 900 522 Boeotiam,
936 481 1054 521 quem
1092 467 1224 509 locum
1262 468 1485 521 aliquando
1516 468 1655 510 Aones
1686 471 1917 523 tenuerunt,
1955 468 2029 523 qui

322 539 367 580 in
399 539 482 580 duo
513 538 691 580 finditur
721 538 841 594 iuga,
874 536 1180 580 Cithaeronem
1210 538 1357 580 Liberi
1390 541 1433 580 et
1456 538 1712 581 Heliconem
1737 538 1955 594 Apollinis
1989 541 2031 580 et

322 608 555 652 Musarum.
604 623 653 651 ex
676 623 754 663 quo
782 609 879 663 fons
905 623 1080 652 manare
1110 611 1278 664 dicitur,
1309 624 1427 663 quem
1453 610 1606 665 Peqasi
1628 610 1786 664 unqula
1809 610 2032 664 protulisse

274 690 295 720 5
318 682 469 734 fertur,
500 682 572 735 qui
601 684 770 723 vocatur
799 681 1070 735 Hippocrene.

445 752 541 794 164.
591 770 725 796 rvsczs
752 752 876 795 Tusci
905 767 934 795 a
961 753 1167 807 frequenti
1189 754 1391 807 sacrificio
1416 756 1515 796 sunt
1537 754 1636 795 dicti
1659 748 1747 795 ἀπὸ
1774 753 1854 795 τοῦ
1879 750 2030 795 θύεινε

320 825 428 867 unde
462 823 613 866 Tuscos
638 824 812 880 populos
842 824 938 866 bene
967 825 1153 867 dicimus.
1217 825 1413 867 Tusciam
1443 839 1534 867 vero
1564 839 1648 867 non
1678 824 1862 867 debemus
1892 825 2031 878 dicere,

320 896 421 950 quia
450 909 712 949 nequaquam
742 897 789 938 in
819 896 978 938 idoneis
1007 896 1241 938 auctoribus
1273 897 1437 951 leqitur,
1468 896 1538 939 sed
1561 899 1637 939 aut
1658 896 1839 938 Etruria
1862 896 2032 938 dicenda

320 970 380 1009 est
415 967 467 1009 ab
503 967 682 1009 Etrusco
711 967 919 1021 principe,
956 970 1032 1009 aut
1065 967 1204 1021 Isydia
1241 982 1269 1009 a
1298 967 1434 1023 Isydo,
1471 971 1547 1010 aut
1585 967 1815 1021 Tyrrhenia
1855 967 1907 1009 ab
1946 968 2033 1009 eius

252 1046 295 1078 10
317 1038 469 1090 fratre,
499 1039 589 1093 qui,
620 1042 668 1080 ut
696 1052 826 1092 supra
852 1038 924 1093 <11
947 1037 1061 1092 781>
1093 1039 1292 1089 diximus,
1325 1052 1417 1080 cum
1441 1042 1564 1093 parte
1586 1039 1735 1092 populi
1761 1040 1809 1081 de
1832 1039 2032 1081 Maeonia

253 1404 296 1437 15

250 1764 297 1795 20

250 2121 296 2153 25

321 1110 431 1151 venit
465 1110 523 1151 ad
551 1109 739 1152 Italiam.
800 1110 909 1163 quod
946 1123 1038 1163 erqo
1074 1109 1141 1152 hic
1177 1110 1279 1151 dicit
1316 1110 1520 1164 Verqilius
1551 1109 1713 1152 ‘Tuscis
1742 1110 1952 1152 comitetur
1981 1109 2033 1151 ab

322 1180 435 1236 oris',
466 1182 514 1223 de
548 1181 774 1224 Tuscorum
803 1181 957 1235 finibus
987 1181 1299 1235 intelleyendum
1330 1184 1397 1224 est.

445 1253 541 1295 166.
588 1263 811 1295 MAssmvs
843 1263 1027 1294 AERATA
1059 1263 1279 1298 PmNcEPs
1321 1263 1465 1295 SECAT
1503 1263 1723 1303 AEQvoRA
1760 1263 1890 1294 'mem
1926 1252 2033 1294 inter

322 1325 485 1367 auxilia
515 1324 818 1378 accipiendum:
854 1337 956 1365 nam
986 1324 1152 1366 Aeneae
1175 1324 1320 1378 prima
1350 1327 1408 1366 est
1436 1324 1568 1366 navis.
1629 1327 1667 1366 et
1695 1324 1797 1366 licet
1827 1323 1885 1366 sit
1916 1325 2033 1366 cata-

322 1396 448 1452 logus
480 1396 527 1438 in
552 1410 637 1452 quo
663 1397 969 1438 enumerantur
999 1395 1045 1437 hi
1071 1395 1144 1450 qui
1170 1398 1382 1437 venerunt
1407 1395 1458 1437 de
1486 1394 1663 1450 Tuscia,
1693 1394 1858 1437 invenit
1884 1397 2032 1437 tamen

322 1468 511 1523 aliquam
537 1467 812 1519 varietatem,
843 1466 958 1522 quod
990 1466 1070 1509 hos
1094 1466 1278 1509 navibus
1304 1467 1474 1509 venisse
1501 1469 1826 1523 commemorat,
1859 1481 1955 1509 cum
1987 1466 2032 1508 in

323 1540 507 1594 septimo
527 1538 661 1581 Turni
685 1538 903 1594 praesidia
928 1552 1004 1593 per
1030 1540 1191 1580 terram
1218 1538 1388 1581 venisse
1416 1538 1731 1580 memoraverit.
1770 1552 1873 1580 sane
1897 1537 2032 1580 scien-

322 1611 424 1652 dum
457 1625 602 1652 amare
628 1609 870 1666 Vergilium
897 1609 1035 1652 Italis.
1053 1609 1234 1652 ducibus
1266 1609 1367 1652 dare
1400 1609 1574 1652 nomina
1604 1610 1672 1651 vel
1702 1609 1932 1652 fluviorum
1964 1610 2032 1651 vel

322 1682 548 1725 montium.
611 1684 660 1724 ut
698 1696 801 1738 ergo
841 1696 972 1736 supra
1010 1680 1240 1723 Almonem
1278 1684 1322 1723 et
1358 1680 1622 1724 Aventinum
1664 1681 2032 1733 commemoravit,

323 1754 384 1796 sic
414 1768 527 1796 nunc
558 1752 794 1795 Massicum
833 1752 955 1795 dicit:
993 1767 1095 1795 nam
1126 1752 1340 1795 Massicus
1380 1767 1503 1795 mons
1543 1754 1626 1807 est,
1668 1752 1778 1794 unde
1811 1755 1855 1794 et
1885 1752 2031 1794 vinum

322 1825 554 1868 Massicum
592 1824 761 1867 dicitur.
821 1824 1018 1880 plerique
1055 1827 1201 1866 tamen
1231 1824 1467 1866 Massicum
1497 1824 1652 1866 nolunt
1682 1823 1906 1879 proprium
1937 1838 2031 1866 esse

322 1911 497 1951 nomen,
536 1896 611 1938 sed
650 1895 980 1951 appellativum,
1021 1895 1212 1938 dicentes
1246 1895 1443 1938 Osinium
1475 1910 1568 1937 esse
1599 1894 1835 1937 Massicum
1865 1909 2031 1952 regem:

321 1983 421 2010 nam
458 1967 590 2023 paulo
621 1970 724 2024 post
755 1967 947 2009 dicturus
981 1969 1047 2009 est
1080 1966 1225 2021 (655)
1258 1982 1358 2022 qua
1395 1982 1482 2008 rex
1515 1965 1746 2009 Clusinis
1785 1966 2030 2009 advectus

323 2039 533 2081 Osinius
566 2039 690 2092 oris,
722 2041 766 2080 et
796 2053 910 2081 nunc
941 2038 1046 2081 dicit
1077 2037 1168 2094 ‘qui
1199 2038 1370 2080 moenia
1396 2036 1544 2080 Clusi'.
1593 2037 1721 2080 multi
1752 2038 1886 2099 alium
1917 2037 2030 2080 Mas-

323 2111 476 2163 sicum,
509 2111 642 2153 alium
667 2109 862 2153 Osinium
889 2124 983 2152 esse
1008 2110 1171 2152 volunt.
1222 2109 1342 2165 ‘tigri
1368 2107 1532 2151 aerata'
1563 2109 1683 2151 cuius
1715 2111 1904 2151 rostrum
1937 2110 2031 2150 erat

322 2183 367 2224 in
405 2181 687 2224 similitudem
724 2181 915 2237 tigridis3
955 2196 1141 2236 namque
1180 2181 1322 2223 solent
1357 2195 1490 2223 naves
1527 2180 1737 2222 vocabula
1775 2180 1967 2235 accipere
2005 2194 2031 2222 a

321 2253 490 2308 pictura
520 2254 768 2296 tutelarum.
824 2253 924 2295 hinc
956 2254 1023 2295 est
1058 2251 1204 2307 <209>
1237 2251 1370 2294 hunc
1401 2251 1544 2293 vehit
1574 2251 1796 2293 inmanis
1830 2250 2030 2303 Triton,

322 2325 427 2367 item
454 2326 598 2380 <171>
630 2327 680 2366 et
711 2326 894 2366 aurato
927 2323 1165 2380 fulgebat
1195 2322 1441 2378 Apolline
1472 2322 1670 2378 puppis.
1715 2321 1851 2378 ‘tigri'
1884 2324 2029 2364 autem

420 2471 438 2501 1
471 2466 656 2502 Parnasus
684 2492 691 2500 .
719 2493 726 2500 .
755 2492 762 2499 .
788 2464 1002 2510 Boeotiam]
1035 2475 1149 2499 exscr.
1175 2463 1261 2500 Isid.
1289 2475 1339 2499 or.
1369 2463 1452 2498 XIV
1478 2468 1510 2508 8,
1540 2467 1580 2498 11
1619 2464 1631 2510 ΙΙ
1669 2467 1689 2498 6
1726 2461 1838 2498 Tusci
1862 2474 1893 2498 e.
1920 2475 1954 2512 q.
1981 2464 2027 2508 s.]

324 2515 370 2549 cf.
396 2513 481 2549 Isid.
510 2524 562 2549 or.
588 2511 674 2547 XIV
699 2516 733 2556 4,
759 2516 803 2547 22
842 2513 853 2558 ΙΙ
893 2516 936 2547 14
966 2511 1057 2546 licet
1087 2510 1136 2546 sit
1167 2511 1361 2556 catalogus
1387 2538 1394 2544 .
1417 2539 1425 2546 .
1448 2539 1455 2546 .
1482 2510 1760 2556 memoraverit]
1794 2509 1839 2546 cf.
1866 2510 2027 2546 Macrob.

324 2562 357 2596 V
378 2565 433 2604 16,
453 2564 476 2595 4
495 2561 506 2606 ΙΙ
525 2564 569 2595 21
595 2559 765 2604 plerique
789 2561 917 2594 tamen
937 2586 945 2594 .
967 2586 973 2593 .
995 2587 1003 2594 .
1030 2568 1110 2593 esse
1137 2558 1284 2604 volunt]
1311 2559 1356 2593 cf.
1377 2557 1540 2594 Macrob.
1561 2557 1595 2593 V
1616 2562 1671 2601 15,
1690 2561 1802 2603 4sqq.
1822 2557 1836 2603 ΙΙ
1854 2561 1899 2593 26
1923 2568 2025 2593 nam-

324 2619 395 2654 que
421 2608 541 2644 solent
566 2635 574 2642 .
595 2634 603 2642 .
625 2634 632 2640 .
658 2606 878 2652 tutelarum]
911 2605 956 2642 cf.
983 2606 1090 2640 Luct.
1117 2605 1218 2640 Plac.
1245 2606 1294 2640 ad
1320 2605 1415 2641 Stat.
1442 2605 1558 2643 Theb.
1583 2605 1671 2640 VIII
1697 2609 1767 2640 270

420 2743 438 2774 1
472 2749 646 2774 Anmcom
670 2736 751 2772 AL
787 2748 938 2772 umcouA
964 2737 1009 2771 H
1040 2748 1192 2772 numcou
1224 2736 1274 2771 M
1304 2738 1316 2782 ΙΙ
1358 2747 1540 2782 parsanus
1565 2735 1602 2771 A
1638 2746 1816 2781 pernasus
1846 2734 1882 2770 L
1916 2737 1929 2781 ΙΙ
1971 2735 2029 2770 est

323 2788 405 2823 hab.
433 2787 481 2822 M
498 2788 510 2833 ΙΙ
527 2784 695 2821 boetiam
718 2785 806 2820 libri
823 2785 835 2830 ΙΙ
863 2788 884 2819 3
910 2783 1077 2819 feronem
1103 2784 1176 2819 AS
1201 2784 1308 2828 (corr.
1329 2785 1367 2829 a)
1404 2783 1445 2819 in
1469 2783 1672 2819 citcronem
1696 2782 1732 2818 L
1768 2783 1962 2818 theronem
1986 2782 2031 2816 H

325 2835 493 2870 citheron
518 2833 568 2868 M
581 2834 593 2879 11
612 2834 651 2869 et
673 2843 740 2869 om.
766 2831 839 2867 As
863 2832 962 2876 (add.
989 2832 1026 2877 a)
1045 2832 1058 2877 ss
1083 2831 1267 2867 aliconem
1293 2833 1329 2866 A
1366 2830 1572 2866 aeliconem
1598 2830 1627 2866 S
1662 2830 1844 2865 eliconem
1868 2828 1999 2864 RLH
2003 2841 2027 2865 α

324 2881 472 2917 helicon
497 2881 547 2915 M
580 2879 726 2916 elicona
750 2879 791 2914 F
807 2880 818 2926 ΙΙ
842 2882 865 2914 4
890 2890 1001 2923 quam
1028 2879 1068 2913 F
1083 2880 1096 2924 ΙΙ
1127 2882 1148 2913 5
1173 2877 1374 2924 ippocrene
1401 2878 1442 2913 F
1456 2879 1468 2925 ΙΙ
1499 2882 1520 2913 6
1545 2878 1719 2913 scholium
1743 2878 1802 2914 ad.
1829 2887 1861 2913 υ.
1890 2880 1958 2911 164
1982 2888 2027 2912 ex

323 2940 398 2964 uno
427 2928 631 2963 Turonensi
655 2927 770 2963 edidit
793 2927 942 2962 Daniel.
981 2926 1027 2970 cf.
1056 2927 1149 2961 Isid.
1175 2937 1226 2962 or.
1253 2925 1339 2962 XIV
1364 2930 1397 2969 4,
1423 2929 1467 2961 22
1488 2927 1500 2972 ΙΙ
1521 2936 1600 2961 ean
1627 2925 1660 2959 T
1676 2925 1688 2970 ΙΙ
1718 2928 1761 2959 13
1787 2924 1837 2959 ad
1859 2936 2026 2959 rnmcnrs

324 2987 351 3012 s.
371 2987 403 3011 v.
429 2974 529 3011 inter
554 2974 694 3010 auxilia
718 2974 863 3010 scilicet
883 2973 917 3008 T
933 2975 944 3020 ΙΙ
966 2977 1011 3008 14
1034 2974 1077 3008 fit
1097 2974 1147 3008 M
1163 2974 1175 3019 ΙΙ
1195 2973 1404 3020 catalogus]
1430 2974 1471 3008 id
1496 2974 1553 3008 est
1575 2971 1767 3016 inscriptio
1791 2971 1899 3016 vulyo
1919 2972 2027 3008 addi-

323 3027 385 3059 tur
403 3023 416 3070 ΙΙ
435 3026 479 3058 15
504 3022 560 3069 hi]
587 3023 601 3057 i
620 3022 669 3065 F,
694 3033 761 3057 om.
777 3022 826 3056 M
841 3022 854 3067 ss
873 3021 918 3056 de
942 3020 1064 3058 tuscia
1088 3024 1271 3057 uenerunt
1290 3021 1385 3055 FM
1401 3022 1414 3065 ΙΙ
1434 3024 1476 3055 16
1503 3031 1586 3055 cum
1610 3019 1769 3054 navibus
1789 3018 1997 3064 Stephanus

327 3075 368 3107 17
394 3070 597 3116 praesidia]
624 3069 740 3105 sotios
767 3069 817 3104 M
852 3068 972 3103 socios
998 3067 1038 3102 F
1053 3068 1066 3112 ΙΙ
1084 3079 1150 3113 per
1173 3070 1311 3103 terram
1337 3079 1402 3104 om.
1422 3067 1459 3102 L
1484 3067 1582 3111 (add.
1603 3067 1630 3111 l)
1649 3067 1661 3112 ΙΙ
1679 3066 1902 3101 memorauit
1918 3065 1994 3102 AS

326 3122 370 3154 18
394 3116 596 3163 uergilium
623 3117 672 3151 M
678 3116 719 3151 F
733 3118 745 3161 ΙΙ
762 3116 824 3152 vel
848 3115 1032 3151 montium
1058 3142 1064 3150 .
1086 3143 1094 3150 .
1117 3143 1125 3151 .
1152 3115 1457 3151 commemoravit
1482 3125 1548 3151 om.
1577 3113 1617 3148 F
1631 3114 1644 3158 ss
1672 3117 1716 3148 22
1742 3113 1928 3149 hosinium
1953 3114 1989 3149 A

325 3165 511 3212 (osynium
535 3166 574 3209 a)
611 3164 769 3199 asinium
794 3163 835 3199 F
855 3164 868 3210 ΙΙ
892 3173 973 3199 esse
998 3173 1063 3199 om.
1090 3163 1164 3198 AS
1186 3164 1199 3208 ΙΙ
1228 3167 1275 3198 24
1300 3162 1450 3207 osynius
1474 3161 1511 3196 A
1536 3162 1548 3207 ΙΙ
1573 3161 1709 3196 dicitur
1733 3161 1801 3206 Fu
1825 3160 2025 3197 Massicum

325 3213 440 3248 alium
465 3224 531 3249 om.
556 3212 592 3247 L
614 3213 627 3255 ΙΙ
657 3215 702 3247 25
729 3213 767 3247 et
791 3210 907 3247 alium
932 3210 972 3245 F
988 3211 999 3257 ΙΙ
1030 3210 1200 3255 osynium
1225 3210 1299 3245 AS
1336 3210 1454 3245 osium
1479 3209 1515 3244 R
1533 3210 1546 3254 ΙΙ
1576 3208 1776 3244 uoluerunt
1800 3208 1841 3243 F
1855 3209 1868 3254 ΙΙ
1897 3208 2026 3244 aerata

326 3261 451 3304 autem
475 3258 567 3306 tigri
593 3259 634 3295 F
649 3260 661 3306 ΙΙ
692 3264 736 3295 26
763 3271 786 3295 a
810 3269 876 3295 om.
897 3258 941 3294 H
955 3259 967 3305 ΙΙ
997 3262 1041 3294 27
1068 3257 1352 3305 tutellarumF
1366 3259 1379 3303 Η
1409 3261 1454 3293 28
1478 3255 1666 3303 fulgebat]
1693 3254 1868 3302 nefuligit
1893 3255 1933 3292 F
