<?xml version="1.0" encoding="UTF-8"?>
<!DOCTYPE html PUBLIC "-//W3C//DTD XHTML 1.0 Transitional//EN"
    "http://www.w3.org/TR/xhtml1/DTD/xhtml1-transitional.dtd">
<html xmlns="http://www.w3.org/1999/xhtml" xml:lang="en" lang="en">
 <head>
  <title>
</title>
<meta http-equiv="Content-Type" content="text/html;charset=utf-8" />
  <meta name='ocr-system' content='tesseract 3.04.00' />
  <meta name='ocr-capabilities' content='ocr_page ocr_carea ocr_par ocr_line ocrx_word'/>
</head>
<body>
  <div class='ocr_page' id='page_1' title='image "./invergiliicarmin02servuoft_0226.png"; bbox 0 0 2092 3614; ppageno 0'>
   <div class='ocr_carea' id='block_1_1' title="bbox 286 1027 328 1058">
    <p class='ocr_par' dir='ltr' id='par_1_1' title="bbox 286 1027 328 1058">
     <span class='ocr_line' id='line_1_1' title="bbox 286 1027 328 1058; baseline 0 0"><span class='ocrx_word' id='word_1_1' title='bbox 286 1027 328 1058; x_wconf 85' lang='lat'>10</span> 
     </span>
    </p>
   </div>
   <div class='ocr_carea' id='block_1_2' title="bbox 284 1387 326 1417">
    <p class='ocr_par' dir='ltr' id='par_1_2' title="bbox 284 1387 326 1417">
     <span class='ocr_line' id='line_1_2' title="bbox 284 1387 326 1417; baseline 0 0"><span class='ocrx_word' id='word_1_2' title='bbox 284 1387 326 1417; x_wconf 82' lang='lat'>15</span> 
     </span>
    </p>
   </div>
   <div class='ocr_carea' id='block_1_3' title="bbox 281 1745 327 1776">
    <p class='ocr_par' dir='ltr' id='par_1_3' title="bbox 281 1745 327 1776">
     <span class='ocr_line' id='line_1_3' title="bbox 281 1745 327 1776; baseline 0 0"><span class='ocrx_word' id='word_1_3' title='bbox 281 1745 327 1776; x_wconf 87' lang='lat'>20</span> 
     </span>
    </p>
   </div>
   <div class='ocr_carea' id='block_1_4' title="bbox 279 2104 325 2135">
    <p class='ocr_par' dir='ltr' id='par_1_4' title="bbox 279 2104 325 2135">
     <span class='ocr_line' id='line_1_4' title="bbox 279 2104 325 2135; baseline 0 0"><span class='ocrx_word' id='word_1_4' title='bbox 279 2104 325 2135; x_wconf 79' lang='lat'>25</span> 
     </span>
    </p>
   </div>
   <div class='ocr_carea' id='block_1_5' title="bbox 350 260 1301 301">
    <p class='ocr_par' dir='ltr' id='par_1_5' title="bbox 350 260 1301 301">
     <span class='ocr_line' id='line_1_5' title="bbox 350 260 1301 301; baseline -0.005 0"><span class='ocrx_word' id='word_1_5' title='bbox 350 260 449 301; x_wconf 53' lang='lat'>&#39;212</span> <span class='ocrx_word' id='word_1_6' title='bbox 1138 260 1301 297; x_wconf 84' lang='lat' dir='ltr'>SERVII</span> 
     </span>
    </p>
   </div>
   <div class='ocr_carea' id='block_1_6' title="bbox 350 369 2072 2361">
    <p class='ocr_par' dir='ltr' id='par_1_6' title="bbox 355 369 2070 570">
     <span class='ocr_line' id='line_1_6' title="bbox 479 369 2069 427; baseline 0.002 -15"><span class='ocrx_word' id='word_1_7' title='bbox 479 370 548 412; x_wconf 85' lang='lat'>86.</span> <span class='ocrx_word' id='word_1_8' title='bbox 598 386 784 413; x_wconf 72' lang='lat' dir='ltr'><strong><em>FLVVJVM</em></strong></span> <span class='ocrx_word' id='word_1_9' title='bbox 810 369 876 412; x_wconf 78' lang='lat' dir='ltr'>hic</span> <span class='ocrx_word' id='word_1_10' title='bbox 908 369 1112 424; x_wconf 76' lang='lat' dir='ltr'>‘fluvium&#39;</span> <span class='ocrx_word' id='word_1_11' title='bbox 1143 371 1280 424; x_wconf 75' lang='lat' dir='ltr'>ipsum</span> <span class='ocrx_word' id='word_1_12' title='bbox 1311 384 1443 424; x_wconf 78' lang='lat' dir='ltr'>aquae</span> <span class='ocrx_word' id='word_1_13' title='bbox 1473 383 1639 413; x_wconf 77' lang='lat' dir='ltr'>cursum</span> <span class='ocrx_word' id='word_1_14' title='bbox 1670 371 1842 414; x_wconf 73' lang='lat' dir='ltr'>lmzitum</span> <span class='ocrx_word' id='word_1_15' title='bbox 1872 373 2069 427; x_wconf 71' lang='lat' dir='ltr'>accipien-</span> 
     </span>
     <span class='ocr_line' id='line_1_7' title="bbox 355 442 2070 500; baseline 0.001 -16"><span class='ocrx_word' id='word_1_16' title='bbox 355 443 453 484; x_wconf 79' lang='lat' dir='ltr'>dum</span> <span class='ocrx_word' id='word_1_17' title='bbox 492 445 559 485; x_wconf 76' lang='lat' dir='ltr'>est.</span> <span class='ocrx_word' id='word_1_18' title='bbox 683 453 812 494; x_wconf 80' lang='lat' dir='ltr'><strong>QVAM</strong></span> <span class='ocrx_word' id='word_1_19' title='bbox 848 453 1008 485; x_wconf 81' lang='lat' dir='ltr'><strong>LONGA</strong></span> <span class='ocrx_word' id='word_1_20' title='bbox 1048 453 1134 485; x_wconf 70' lang='lat' dir='ltr'>Es&#39;r</span> <span class='ocrx_word' id='word_1_21' title='bbox 1178 452 1333 484; x_wconf 81' lang='lat' dir='ltr'>NOCTE</span> <span class='ocrx_word' id='word_1_22' title='bbox 1375 442 1421 484; x_wconf 89' lang='lat' dir='ltr'>in</span> <span class='ocrx_word' id='word_1_23' title='bbox 1464 445 1673 498; x_wconf 76' lang='lat' dir='ltr'>quantum</span> <span class='ocrx_word' id='word_1_24' title='bbox 1716 443 1849 499; x_wconf 81' lang='lat' dir='ltr'>longa</span> <span class='ocrx_word' id='word_1_25' title='bbox 1892 446 1974 500; x_wconf 80' lang='lat' dir='ltr'>est,</span> <span class='ocrx_word' id='word_1_26' title='bbox 2007 446 2070 486; x_wconf 75' lang='lat' dir='ltr'>‘ut</span> 
     </span>
     <span class='ocr_line' id='line_1_8' title="bbox 356 507 2070 570; baseline 0.002 -15"><span class='ocrx_word' id='word_1_27' title='bbox 356 512 449 569; x_wconf 87' lang='lat' dir='ltr'>&lt;IV</span> <span class='ocrx_word' id='word_1_28' title='bbox 483 513 596 569; x_wconf 85' lang='lat'>193&gt;</span> <span class='ocrx_word' id='word_1_29' title='bbox 627 529 762 557; x_wconf 88' lang='lat' dir='ltr'>nunc</span> <span class='ocrx_word' id='word_1_30' title='bbox 799 513 1017 556; x_wconf 79' lang='lat' dir='ltr'>hiemem</span> <span class='ocrx_word' id='word_1_31' title='bbox 1049 514 1190 556; x_wconf 88' lang='lat' dir='ltr'>inter</span> <span class='ocrx_word' id='word_1_32' title='bbox 1214 507 1272 556; x_wconf 48' lang='lat' dir='ltr'>&#39;se</span> <span class='ocrx_word' id='word_1_33' title='bbox 1304 513 1444 569; x_wconf 87' lang='lat' dir='ltr'>luxu,</span> <span class='ocrx_word' id='word_1_34' title='bbox 1483 529 1629 569; x_wconf 88' lang='lat' dir='ltr'>quam</span> <span class='ocrx_word' id='word_1_35' title='bbox 1667 515 1842 570; x_wconf 88' lang='lat' dir='ltr'>longa,</span> <span class='ocrx_word' id='word_1_36' title='bbox 1881 515 2070 559; x_wconf 87' lang='lat' dir='ltr'>fovere.</span> 
     </span>
    </p>

    <p class='ocr_par' dir='ltr' id='par_1_7' title="bbox 355 585 2070 714">
     <span class='ocr_line' id='line_1_9' title="bbox 476 585 2069 642; baseline 0.001 -14"><span class='ocrx_word' id='word_1_37' title='bbox 476 586 544 629; x_wconf 84' lang='lat'>87.</span> <span class='ocrx_word' id='word_1_38' title='bbox 594 597 839 629; x_wconf 82' lang='lat' dir='ltr'><strong>REFLVENS</strong></span> <span class='ocrx_word' id='word_1_39' title='bbox 883 586 1002 628; x_wconf 87' lang='lat' dir='ltr'>velut</span> <span class='ocrx_word' id='word_1_40' title='bbox 1047 586 1091 627; x_wconf 92' lang='lat' dir='ltr'>in</span> <span class='ocrx_word' id='word_1_41' title='bbox 1136 585 1307 627; x_wconf 88' lang='lat' dir='ltr'>alveum</span> <span class='ocrx_word' id='word_1_42' title='bbox 1352 600 1475 627; x_wconf 86' lang='lat' dir='ltr'>suum</span> <span class='ocrx_word' id='word_1_43' title='bbox 1520 600 1760 642; x_wconf 89' lang='lat' dir='ltr'>recurrens,</span> <span class='ocrx_word' id='word_1_44' title='bbox 1810 588 1859 628; x_wconf 91' lang='lat' dir='ltr'>ut</span> <span class='ocrx_word' id='word_1_45' title='bbox 1902 586 2069 629; x_wconf 82' lang='lat' dir='ltr'><strong>Aeneas</strong></span> 
     </span>
     <span class='ocr_line' id='line_1_10' title="bbox 355 656 2070 714; baseline -0.001 -13"><span class='ocrx_word' id='word_1_46' title='bbox 355 660 508 701; x_wconf 85' lang='lat' dir='ltr'>contra</span> <span class='ocrx_word' id='word_1_47' title='bbox 545 658 683 701; x_wconf 88' lang='lat' dir='ltr'>undas</span> <span class='ocrx_word' id='word_1_48' title='bbox 718 671 900 714; x_wconf 81' lang='lat' dir='ltr'>pergens</span> <span class='ocrx_word' id='word_1_49' title='bbox 933 656 1234 699; x_wconf 87' lang='lat' dir='ltr'>descendentis</span> <span class='ocrx_word' id='word_1_50' title='bbox 1267 657 1487 699; x_wconf 82' lang='lat' dir='ltr'>celeritate</span> <span class='ocrx_word' id='word_1_51' title='bbox 1518 657 1832 712; x_wconf 86' lang='lat' dir='ltr'>propemodum</span> <span class='ocrx_word' id='word_1_52' title='bbox 1865 659 2070 701; x_wconf 88' lang='lat' dir='ltr'>uteretur.</span> 
     </span>
    </p>

    <p class='ocr_par' dir='ltr' id='par_1_8' title="bbox 475 729 1699 783">
     <span class='ocr_line' id='line_1_11' title="bbox 475 729 1699 783; baseline -0.002 -9"><span class='ocrx_word' id='word_1_53' title='bbox 475 731 544 774; x_wconf 94' lang='lat'>88.</span> <span class='ocrx_word' id='word_1_54' title='bbox 592 746 703 773; x_wconf 72' lang='lat' dir='ltr'>mrzs</span> <span class='ocrx_word' id='word_1_55' title='bbox 732 730 792 772; x_wconf 82' lang='lat' dir='ltr'>vel</span> <span class='ocrx_word' id='word_1_56' title='bbox 822 730 880 772; x_wconf 83' lang='lat' dir='ltr'>acl</span> <span class='ocrx_word' id='word_1_57' title='bbox 912 729 1112 781; x_wconf 82' lang='lat' dir='ltr'>Tiberim,</span> <span class='ocrx_word' id='word_1_58' title='bbox 1142 729 1203 771; x_wconf 81' lang='lat' dir='ltr'>vel</span> <span class='ocrx_word' id='word_1_59' title='bbox 1234 730 1290 771; x_wconf 81' lang='lat' dir='ltr'>acl</span> <span class='ocrx_word' id='word_1_60' title='bbox 1318 732 1512 783; x_wconf 71' lang='lat' dir='ltr'>staynum</span> <span class='ocrx_word' id='word_1_61' title='bbox 1542 729 1699 782; x_wconf 81' lang='lat' dir='ltr'>referes.</span> 
     </span>
    </p>

    <p class='ocr_par' dir='ltr' id='par_1_9' title="bbox 355 800 2072 930">
     <span class='ocr_line' id='line_1_12' title="bbox 474 800 2072 856; baseline -0.001 -11"><span class='ocrx_word' id='word_1_62' title='bbox 474 802 542 845; x_wconf 84' lang='lat'>89.</span> <span class='ocrx_word' id='word_1_63' title='bbox 593 813 782 853; x_wconf 78' lang='lat' dir='ltr'><strong>AEQVOR</strong></span> <span class='ocrx_word' id='word_1_64' title='bbox 814 812 952 852; x_wconf 82' lang='lat' dir='ltr'><strong>AQVIS</strong></span> <span class='ocrx_word' id='word_1_65' title='bbox 986 815 1122 856; x_wconf 85' lang='lat' dir='ltr'>aquae</span> <span class='ocrx_word' id='word_1_66' title='bbox 1154 800 1292 855; x_wconf 86' lang='lat' dir='ltr'>ipsius</span> <span class='ocrx_word' id='word_1_67' title='bbox 1326 800 1655 856; x_wconf 85' lang='lat' dir='ltr'>aequalitatem3</span> <span class='ocrx_word' id='word_1_68' title='bbox 1693 815 1794 843; x_wconf 73' lang='lat' dir='ltr'>nam</span> <span class='ocrx_word' id='word_1_69' title='bbox 1824 804 1863 843; x_wconf 80' lang='lat' dir='ltr'>et</span> <span class='ocrx_word' id='word_1_70' title='bbox 1885 804 1982 855; x_wconf 73' lang='lat' dir='ltr'>post</span> <span class='ocrx_word' id='word_1_71' title='bbox 2009 803 2072 844; x_wconf 77' lang='lat' dir='ltr'>ait</span> 
     </span>
     <span class='ocr_line' id='line_1_13' title="bbox 355 874 950 930; baseline -0.005 -13"><span class='ocrx_word' id='word_1_72' title='bbox 355 874 471 930; x_wconf 76' lang='lat'>(96)</span> <span class='ocrx_word' id='word_1_73' title='bbox 495 875 701 928; x_wconf 66' lang='lat' dir='ltr'>placido</span> <span class='ocrx_word' id='word_1_74' title='bbox 733 887 950 927; x_wconf 75' lang='lat' dir='ltr'>aequore.</span> 
     </span>
    </p>

    <p class='ocr_par' dir='ltr' id='par_1_10' title="bbox 350 943 2069 1648">
     <span class='ocr_line' id='line_1_14' title="bbox 473 943 2068 999; baseline 0 -11"><span class='ocrx_word' id='word_1_75' title='bbox 473 946 542 988; x_wconf 87' lang='grc'>90.</span> <span class='ocrx_word' id='word_1_76' title='bbox 591 956 783 988; x_wconf 83' lang='lat' dir='ltr'>RVMORE</span> <span class='ocrx_word' id='word_1_77' title='bbox 817 955 1031 987; x_wconf 83' lang='lat' dir='ltr'>SECVNDO</span> <span class='ocrx_word' id='word_1_78' title='bbox 1072 943 1153 986; x_wconf 89' lang='lat' dir='ltr'>hoc</span> <span class='ocrx_word' id='word_1_79' title='bbox 1186 946 1253 986; x_wconf 88' lang='lat' dir='ltr'>est</span> <span class='ocrx_word' id='word_1_80' title='bbox 1283 945 1399 986; x_wconf 91' lang='lat' dir='ltr'>bona</span> <span class='ocrx_word' id='word_1_81' title='bbox 1430 944 1566 999; x_wconf 85' lang='lat' dir='ltr'>fama,</span> <span class='ocrx_word' id='word_1_82' title='bbox 1605 959 1700 986; x_wconf 86' lang='lat' dir='ltr'>cum</span> <span class='ocrx_word' id='word_1_83' title='bbox 1732 944 1949 987; x_wconf 88' lang='lat' dir='ltr'>neminem</span> <span class='ocrx_word' id='word_1_84' title='bbox 1980 945 2068 988; x_wconf 86' lang='lat' dir='ltr'>lae-</span> 
     </span>
     <span class='ocr_line' id='line_1_15' title="bbox 354 1015 2069 1071; baseline 0 -12"><span class='ocrx_word' id='word_1_85' title='bbox 354 1017 520 1059; x_wconf 90' lang='lat' dir='ltr'>derent:</span> <span class='ocrx_word' id='word_1_86' title='bbox 553 1019 628 1059; x_wconf 85' lang='lat' dir='ltr'>aut</span> <span class='ocrx_word' id='word_1_87' title='bbox 660 1019 775 1059; x_wconf 87' lang='lat' dir='ltr'>certe</span> <span class='ocrx_word' id='word_1_88' title='bbox 809 1015 916 1057; x_wconf 87' lang='lat' dir='ltr'>dicit</span> <span class='ocrx_word' id='word_1_89' title='bbox 947 1030 1020 1057; x_wconf 89' lang='lat' dir='ltr'>eos</span> <span class='ocrx_word' id='word_1_90' title='bbox 1053 1017 1154 1057; x_wconf 88' lang='lat' dir='ltr'>ante</span> <span class='ocrx_word' id='word_1_91' title='bbox 1185 1015 1373 1070; x_wconf 85' lang='lat' dir='ltr'>venisse,</span> <span class='ocrx_word' id='word_1_92' title='bbox 1405 1030 1534 1071; x_wconf 88' lang='lat' dir='ltr'>quam</span> <span class='ocrx_word' id='word_1_93' title='bbox 1565 1015 1684 1058; x_wconf 87' lang='lat' dir='ltr'>fama</span> <span class='ocrx_word' id='word_1_94' title='bbox 1704 1016 1938 1058; x_wconf 68' lang='lat' dir='ltr'>‘nuntiaret</span> <span class='ocrx_word' id='word_1_95' title='bbox 1968 1031 2069 1059; x_wconf 86' lang='lat' dir='ltr'>ven—</span> 
     </span>
     <span class='ocr_line' id='line_1_16' title="bbox 352 1079 2068 1143; baseline 0.001 -13"><span class='ocrx_word' id='word_1_96' title='bbox 352 1091 487 1131; x_wconf 87' lang='lat' dir='ltr'>turos.</span> <span class='ocrx_word' id='word_1_97' title='bbox 537 1091 614 1130; x_wconf 90' lang='lat' dir='ltr'>aut</span> <span class='ocrx_word' id='word_1_98' title='bbox 640 1079 842 1131; x_wconf 73' lang='lat' dir='ltr'>‘rumore&#39;</span> <span class='ocrx_word' id='word_1_99' title='bbox 868 1102 946 1143; x_wconf 87' lang='lat' dir='ltr'>pro</span> <span class='ocrx_word' id='word_1_100' title='bbox 973 1086 1200 1129; x_wconf 72' lang='lat' dir='ltr'>eRumone’</span> <span class='ocrx_word' id='word_1_101' title='bbox 1232 1088 1395 1142; x_wconf 82' lang='lat' dir='ltr'>posuit3</span> <span class='ocrx_word' id='word_1_102' title='bbox 1427 1102 1547 1142; x_wconf 90' lang='lat' dir='ltr'>nam,</span> <span class='ocrx_word' id='word_1_103' title='bbox 1579 1089 1627 1128; x_wconf 92' lang='lat' dir='ltr'>ut</span> <span class='ocrx_word' id='word_1_104' title='bbox 1659 1102 1789 1142; x_wconf 88' lang='lat' dir='ltr'>supra</span> <span class='ocrx_word' id='word_1_105' title='bbox 1816 1087 1931 1143; x_wconf 84' lang='lat'>&lt;63&gt;</span> <span class='ocrx_word' id='word_1_106' title='bbox 1963 1088 2068 1131; x_wconf 82' lang='lat' dir='ltr'>dixi-</span> 
     </span>
     <span class='ocr_line' id='line_1_17' title="bbox 353 1158 2069 1216; baseline 0 -14"><span class='ocrx_word' id='word_1_107' title='bbox 353 1176 466 1216; x_wconf 87' lang='lat' dir='ltr'>mus,</span> <span class='ocrx_word' id='word_1_108' title='bbox 507 1160 677 1202; x_wconf 89' lang='lat' dir='ltr'>Rumon</span> <span class='ocrx_word' id='word_1_109' title='bbox 715 1160 854 1202; x_wconf 86' lang='lat' dir='ltr'>dictus</span> <span class='ocrx_word' id='word_1_110' title='bbox 895 1161 980 1201; x_wconf 88' lang='lat' dir='ltr'>est:</span> <span class='ocrx_word' id='word_1_111' title='bbox 1021 1158 1134 1201; x_wconf 92' lang='lat' dir='ltr'>unde</span> <span class='ocrx_word' id='word_1_112' title='bbox 1173 1160 1216 1200; x_wconf 92' lang='lat' dir='ltr'>et</span> <span class='ocrx_word' id='word_1_113' title='bbox 1253 1159 1359 1201; x_wconf 90' lang='lat' dir='ltr'>ficus</span> <span class='ocrx_word' id='word_1_114' title='bbox 1397 1158 1644 1213; x_wconf 88' lang='lat' dir='ltr'>ruminalis,</span> <span class='ocrx_word' id='word_1_115' title='bbox 1683 1158 1735 1200; x_wconf 90' lang='lat' dir='ltr'>ad</span> <span class='ocrx_word' id='word_1_116' title='bbox 1775 1173 1904 1214; x_wconf 89' lang='lat' dir='ltr'>quam</span> <span class='ocrx_word' id='word_1_117' title='bbox 1943 1159 2069 1202; x_wconf 82' lang='lat' dir='ltr'>eiecti</span> 
     </span>
     <span class='ocr_line' id='line_1_18' title="bbox 353 1230 2068 1286; baseline 0 -12"><span class='ocrx_word' id='word_1_118' title='bbox 353 1234 454 1274; x_wconf 87' lang='lat' dir='ltr'>sunt</span> <span class='ocrx_word' id='word_1_119' title='bbox 485 1232 645 1274; x_wconf 84' lang='lat' dir='ltr'>Remus</span> <span class='ocrx_word' id='word_1_120' title='bbox 679 1234 723 1274; x_wconf 89' lang='lat' dir='ltr'>et</span> <span class='ocrx_word' id='word_1_121' title='bbox 753 1231 978 1274; x_wconf 85' lang='lat' dir='ltr'>Romulus.</span> <span class='ocrx_word' id='word_1_122' title='bbox 1029 1245 1137 1286; x_wconf 89' lang='lat' dir='ltr'>quae</span> <span class='ocrx_word' id='word_1_123' title='bbox 1169 1230 1254 1272; x_wconf 88' lang='lat' dir='ltr'>fuit</span> <span class='ocrx_word' id='word_1_124' title='bbox 1284 1230 1359 1273; x_wconf 90' lang='lat' dir='ltr'>ubi</span> <span class='ocrx_word' id='word_1_125' title='bbox 1391 1245 1504 1273; x_wconf 90' lang='lat' dir='ltr'>nunc</span> <span class='ocrx_word' id='word_1_126' title='bbox 1536 1233 1602 1272; x_wconf 91' lang='lat' dir='ltr'>est</span> <span class='ocrx_word' id='word_1_127' title='bbox 1634 1230 1825 1285; x_wconf 88' lang='lat' dir='ltr'>lupercal</span> <span class='ocrx_word' id='word_1_128' title='bbox 1857 1231 1903 1274; x_wconf 89' lang='lat' dir='ltr'>in</span> <span class='ocrx_word' id='word_1_129' title='bbox 1934 1231 2068 1274; x_wconf 87' lang='lat' dir='ltr'>circo:</span> 
     </span>
     <span class='ocr_line' id='line_1_19' title="bbox 352 1300 2066 1357; baseline -0.001 -12"><span class='ocrx_word' id='word_1_130' title='bbox 352 1303 434 1346; x_wconf 86' lang='lat' dir='ltr'>hac</span> <span class='ocrx_word' id='word_1_131' title='bbox 474 1304 587 1345; x_wconf 90' lang='lat' dir='ltr'>enim</span> <span class='ocrx_word' id='word_1_132' title='bbox 626 1303 856 1345; x_wconf 72' lang='lat' dir='ltr'>labebatur</span> <span class='ocrx_word' id='word_1_133' title='bbox 893 1301 1080 1356; x_wconf 85' lang='lat' dir='ltr'>Tiberis,</span> <span class='ocrx_word' id='word_1_134' title='bbox 1126 1304 1355 1357; x_wconf 88' lang='lat' dir='ltr'>antequam</span> <span class='ocrx_word' id='word_1_135' title='bbox 1389 1300 1630 1344; x_wconf 86' lang='lat' dir='ltr'>Vertumno</span> <span class='ocrx_word' id='word_1_136' title='bbox 1674 1301 1800 1344; x_wconf 87' lang='lat' dir='ltr'>factis</span> <span class='ocrx_word' id='word_1_137' title='bbox 1847 1302 2066 1344; x_wconf 87' lang='lat' dir='ltr'>sacrificiis</span> 
     </span>
     <span class='ocr_line' id='line_1_20' title="bbox 353 1372 2067 1431; baseline -0.001 -14"><span class='ocrx_word' id='word_1_138' title='bbox 353 1377 631 1419; x_wconf 85' lang='lat' dir='ltr'>averteretur.</span> <span class='ocrx_word' id='word_1_139' title='bbox 682 1374 878 1431; x_wconf 86' lang='lat' dir='ltr'>quamvis</span> <span class='ocrx_word' id='word_1_140' title='bbox 910 1374 1040 1416; x_wconf 88' lang='lat' dir='ltr'>ficum</span> <span class='ocrx_word' id='word_1_141' title='bbox 1071 1373 1329 1415; x_wconf 87' lang='lat' dir='ltr'>ruminalem</span> <span class='ocrx_word' id='word_1_142' title='bbox 1365 1373 1441 1429; x_wconf 82' lang='lat' dir='ltr'>alii</span> <span class='ocrx_word' id='word_1_143' title='bbox 1467 1388 1491 1415; x_wconf 87' lang='lat' dir='ltr'>a</span> <span class='ocrx_word' id='word_1_144' title='bbox 1517 1372 1703 1416; x_wconf 88' lang='lat' dir='ltr'>Romulo</span> <span class='ocrx_word' id='word_1_145' title='bbox 1730 1373 1867 1416; x_wconf 86' lang='lat' dir='ltr'>velint</span> <span class='ocrx_word' id='word_1_146' title='bbox 1894 1374 2067 1429; x_wconf 88' lang='lat' dir='ltr'>dictam,</span> 
     </span>
     <span class='ocr_line' id='line_1_21' title="bbox 352 1444 2065 1503; baseline -0.001 -14"><span class='ocrx_word' id='word_1_147' title='bbox 352 1447 475 1503; x_wconf 84' lang='lat' dir='ltr'>quasi</span> <span class='ocrx_word' id='word_1_148' title='bbox 507 1446 802 1502; x_wconf 86' lang='lat' dir='ltr'>Romularem,</span> <span class='ocrx_word' id='word_1_149' title='bbox 843 1446 917 1488; x_wconf 89' lang='lat' dir='ltr'>alii</span> <span class='ocrx_word' id='word_1_150' title='bbox 950 1461 975 1488; x_wconf 89' lang='lat' dir='ltr'>a</span> <span class='ocrx_word' id='word_1_151' title='bbox 1007 1446 1119 1488; x_wconf 90' lang='lat' dir='ltr'>lacte</span> <span class='ocrx_word' id='word_1_152' title='bbox 1157 1444 1398 1488; x_wconf 85' lang='lat' dir='ltr'>infantibus</span> <span class='ocrx_word' id='word_1_153' title='bbox 1437 1446 1555 1488; x_wconf 89' lang='lat' dir='ltr'>dato:</span> <span class='ocrx_word' id='word_1_154' title='bbox 1597 1460 1698 1487; x_wconf 89' lang='lat' dir='ltr'>nam</span> <span class='ocrx_word' id='word_1_155' title='bbox 1737 1459 1837 1500; x_wconf 88' lang='lat' dir='ltr'>pars</span> <span class='ocrx_word' id='word_1_156' title='bbox 1876 1446 2065 1501; x_wconf 83' lang='lat' dir='ltr'>gutturis</span> 
     </span>
     <span class='ocr_line' id='line_1_22' title="bbox 351 1515 2066 1573; baseline -0.002 -11"><span class='ocrx_word' id='word_1_157' title='bbox 351 1534 475 1562; x_wconf 87' lang='lat' dir='ltr'>ruma</span> <span class='ocrx_word' id='word_1_158' title='bbox 513 1518 681 1561; x_wconf 87' lang='lat' dir='ltr'>dicitur.</span> <span class='ocrx_word' id='word_1_159' title='bbox 743 1530 847 1573; x_wconf 84' lang='lat' dir='ltr'>ergo</span> <span class='ocrx_word' id='word_1_160' title='bbox 881 1517 919 1559; x_wconf 89' lang='lat' dir='ltr'>si</span> <span class='ocrx_word' id='word_1_161' title='bbox 950 1516 1081 1559; x_wconf 87' lang='lat' dir='ltr'>fuerit</span> <span class='ocrx_word' id='word_1_162' title='bbox 1113 1516 1331 1560; x_wconf 73' lang='lat' dir='ltr'>‘Rumone</span> <span class='ocrx_word' id='word_1_163' title='bbox 1364 1515 1585 1572; x_wconf 86' lang='lat' dir='ltr'>secundo&#39;‚</span> <span class='ocrx_word' id='word_1_164' title='bbox 1622 1516 1795 1559; x_wconf 85' lang='lat' dir='ltr'>favente</span> <span class='ocrx_word' id='word_1_165' title='bbox 1835 1516 1965 1559; x_wconf 90' lang='lat' dir='ltr'>fluvio</span> <span class='ocrx_word' id='word_1_166' title='bbox 2003 1516 2066 1558; x_wconf 92' lang='lat' dir='ltr'>in-</span> 
     </span>
     <span class='ocr_line' id='line_1_23' title="bbox 350 1590 611 1648; baseline 0 -15"><span class='ocrx_word' id='word_1_167' title='bbox 350 1590 611 1648; x_wconf 88' lang='lat' dir='ltr'>tellegimus.</span> 
     </span>
    </p>

    <p class='ocr_par' dir='ltr' id='par_1_11' title="bbox 351 1658 2064 1933">
     <span class='ocr_line' id='line_1_24' title="bbox 470 1658 2064 1724; baseline -0.001 -20"><span class='ocrx_word' id='word_1_168' title='bbox 470 1662 539 1705; x_wconf 85' lang='lat'>91.</span> <span class='ocrx_word' id='word_1_169' title='bbox 590 1673 795 1703; x_wconf 80' lang='lat' dir='ltr'>LABITVR</span> <span class='ocrx_word' id='word_1_170' title='bbox 827 1671 982 1703; x_wconf 81' lang='lat' dir='ltr'>VNCTA</span> <span class='ocrx_word' id='word_1_171' title='bbox 1007 1671 1148 1724; x_wconf 65' lang='lat' dir='ltr'>VADJS</span> <span class='ocrx_word' id='word_1_172' title='bbox 1181 1670 1312 1702; x_wconf 78' lang='lat' dir='ltr'>ARIES</span> <span class='ocrx_word' id='word_1_173' title='bbox 1345 1658 1641 1702; x_wconf 88' lang='lat' dir='ltr'>descendentis</span> <span class='ocrx_word' id='word_1_174' title='bbox 1675 1659 1898 1702; x_wconf 88' lang='lat' dir='ltr'>celeritate</span> <span class='ocrx_word' id='word_1_175' title='bbox 1930 1674 2064 1716; x_wconf 89' lang='lat' dir='ltr'>prope</span> 
     </span>
     <span class='ocr_line' id='line_1_25' title="bbox 353 1731 2063 1787; baseline -0.002 -10"><span class='ocrx_word' id='word_1_176' title='bbox 353 1733 619 1777; x_wconf 75' lang='lat' dir='ltr'>conscendit:</span> <span class='ocrx_word' id='word_1_177' title='bbox 665 1731 831 1776; x_wconf 84' lang='lat' dir='ltr'>Statius</span> <span class='ocrx_word' id='word_1_178' title='bbox 864 1732 915 1775; x_wconf 90' lang='lat' dir='ltr'>de</span> <span class='ocrx_word' id='word_1_179' title='bbox 948 1732 1067 1774; x_wconf 90' lang='lat' dir='ltr'>disco</span> <span class='ocrx_word' id='word_1_180' title='bbox 1101 1731 1394 1787; x_wconf 89' lang='lat' dir='ltr'>similisque</span> <span class='ocrx_word' id='word_1_181' title='bbox 1433 1731 1641 1774; x_wconf 87' lang='lat' dir='ltr'>cadenti</span> <span class='ocrx_word' id='word_1_182' title='bbox 1673 1731 1865 1774; x_wconf 89' lang='lat' dir='ltr'>crescit</span> <span class='ocrx_word' id='word_1_183' title='bbox 1895 1731 1947 1773; x_wconf 90' lang='lat' dir='ltr'>in</span> <span class='ocrx_word' id='word_1_184' title='bbox 1979 1731 2063 1774; x_wconf 85' lang='lat' dir='ltr'>ad-</span> 
     </span>
     <span class='ocr_line' id='line_1_26' title="bbox 352 1802 2063 1858; baseline -0.002 -10"><span class='ocrx_word' id='word_1_185' title='bbox 352 1820 563 1848; x_wconf 89' lang='lat' dir='ltr'>versum.</span> <span class='ocrx_word' id='word_1_186' title='bbox 685 1816 925 1847; x_wconf 81' lang='lat' dir='ltr'>M1RANTVR</span> <span class='ocrx_word' id='word_1_187' title='bbox 956 1816 1015 1846; x_wconf 82' lang='grc' dir='ltr'>ΕΤ</span> <span class='ocrx_word' id='word_1_188' title='bbox 1048 1814 1208 1846; x_wconf 79' lang='lat' dir='ltr'><strong>VNDAE</strong></span> <span class='ocrx_word' id='word_1_189' title='bbox 1242 1803 1337 1845; x_wconf 90' lang='lat' dir='ltr'>laus</span> <span class='ocrx_word' id='word_1_190' title='bbox 1363 1802 1650 1853; x_wconf 83' lang='lat' dir='ltr'>Troianorum</span> <span class='ocrx_word' id='word_1_191' title='bbox 1682 1817 1759 1858; x_wconf 86' lang='lat' dir='ltr'>per</span> <span class='ocrx_word' id='word_1_192' title='bbox 1789 1802 2063 1858; x_wconf 78' lang='lat' dir='ltr'>phantasiam</span> 
     </span>
     <span class='ocr_line' id='line_1_27' title="bbox 351 1874 1819 1933; baseline -0.002 -14"><span class='ocrx_word' id='word_1_193' title='bbox 351 1877 566 1933; x_wconf 85' lang='lat' dir='ltr'>quandam</span> <span class='ocrx_word' id='word_1_194' title='bbox 598 1891 649 1918; x_wconf 86' lang='lat' dir='ltr'>ex</span> <span class='ocrx_word' id='word_1_195' title='bbox 680 1876 891 1918; x_wconf 86' lang='lat' dir='ltr'>undarum</span> <span class='ocrx_word' id='word_1_196' title='bbox 924 1876 992 1918; x_wconf 90' lang='lat' dir='ltr'>vel</span> <span class='ocrx_word' id='word_1_197' title='bbox 1024 1875 1210 1917; x_wconf 88' lang='lat' dir='ltr'>nemoris</span> <span class='ocrx_word' id='word_1_198' title='bbox 1244 1874 1532 1916; x_wconf 70' lang='lat' dir='ltr'>admiratione</span> <span class='ocrx_word' id='word_1_199' title='bbox 1565 1874 1819 1916; x_wconf 88' lang='lat' dir='ltr'>venientem.</span> 
     </span>
    </p>

    <p class='ocr_par' dir='ltr' id='par_1_12' title="bbox 351 1944 2064 2146">
     <span class='ocr_line' id='line_1_28' title="bbox 470 1944 2062 2001; baseline -0.003 -10"><span class='ocrx_word' id='word_1_200' title='bbox 470 1949 539 1991; x_wconf 89' lang='grc'>94.</span> <span class='ocrx_word' id='word_1_201' title='bbox 588 1959 875 1998; x_wconf 79' lang='lat' dir='ltr'>NOCTEMQVE</span> <span class='ocrx_word' id='word_1_202' title='bbox 908 1958 1124 1997; x_wconf 72' lang='lat' dir='ltr'>nmnovn</span> <span class='ocrx_word' id='word_1_203' title='bbox 1157 1957 1397 1988; x_wconf 80' lang='lat' dir='ltr'>FATIGANT</span> <span class='ocrx_word' id='word_1_204' title='bbox 1439 1948 1488 1987; x_wconf 81' lang='lat' dir='ltr'>ut</span> <span class='ocrx_word' id='word_1_205' title='bbox 1521 1944 1611 2000; x_wconf 88' lang='lat' dir='ltr'>&lt;IX</span> <span class='ocrx_word' id='word_1_206' title='bbox 1645 1945 1759 2000; x_wconf 79' lang='lat'>602&gt;</span> <span class='ocrx_word' id='word_1_207' title='bbox 1800 1946 2062 2001; x_wconf 82' lang='lat' dir='ltr'>silvasque</span> 
     </span>
     <span class='ocr_line' id='line_1_29' title="bbox 351 2015 2064 2076; baseline -0.002 -13"><span class='ocrx_word' id='word_1_208' title='bbox 351 2020 599 2076; x_wconf 85' lang='lat' dir='ltr'>fatigant:</span> <span class='ocrx_word' id='word_1_209' title='bbox 631 2034 710 2075; x_wconf 90' lang='lat' dir='ltr'>pro</span> <span class='ocrx_word' id='word_1_210' title='bbox 743 2017 843 2073; x_wconf 79' lang='lat' dir='ltr'>‘ipsi</span> <span class='ocrx_word' id='word_1_211' title='bbox 874 2017 1145 2074; x_wconf 84' lang='lat' dir='ltr'>fatigantur’.</span> <span class='ocrx_word' id='word_1_212' title='bbox 1201 2031 1260 2059; x_wconf 75' lang='lat' dir='ltr'>an</span> <span class='ocrx_word' id='word_1_213' title='bbox 1289 2018 1397 2059; x_wconf 74' lang='lat' dir='ltr'>deest</span> <span class='ocrx_word' id='word_1_214' title='bbox 1427 2015 1508 2072; x_wconf 62' lang='lat' dir='ltr'>‘3⁶²’ae</span> <span class='ocrx_word' id='word_1_215' title='bbox 1540 2019 1587 2058; x_wconf 77' lang='lat' dir='ltr'>ut</span> <span class='ocrx_word' id='word_1_216' title='bbox 1615 2018 1671 2059; x_wconf 77' lang='lat' dir='ltr'>sil</span> <span class='ocrx_word' id='word_1_217' title='bbox 1698 2017 1884 2071; x_wconf 72' lang='lat' dir='ltr'>fatiyant</span> <span class='ocrx_word' id='word_1_218' title='bbox 1911 2031 1974 2060; x_wconf 83' lang='lat' dir='ltr'>se:</span> <span class='ocrx_word' id='word_1_219' title='bbox 2005 2031 2064 2059; x_wconf 76' lang='lat' dir='ltr'>an</span> 
     </span>
     <span class='ocr_line' id='line_1_30' title="bbox 352 2083 1491 2146; baseline -0.005 -11"><span class='ocrx_word' id='word_1_220' title='bbox 352 2093 473 2135; x_wconf 79' lang='lat' dir='ltr'>‘diem</span> <span class='ocrx_word' id='word_1_221' title='bbox 500 2083 703 2145; x_wconf 68' lang='lat' dir='ltr'>fati‘yanl&#39;</span> <span class='ocrx_word' id='word_1_222' title='bbox 727 2104 809 2146; x_wconf 76' lang='lat' dir='ltr'>pro</span> <span class='ocrx_word' id='word_1_223' title='bbox 841 2088 1061 2144; x_wconf 68' lang='lat' dir='ltr'>‘occupant</span> <span class='ocrx_word' id='word_1_224' title='bbox 1089 2092 1128 2131; x_wconf 80' lang='lat' dir='ltr'>et</span> <span class='ocrx_word' id='word_1_225' title='bbox 1155 2087 1491 2131; x_wconf 57' lang='lat' dir='ltr'>consummans?</span> 
     </span>
    </p>

    <p class='ocr_par' dir='ltr' id='par_1_13' title="bbox 350 2159 2062 2361">
     <span class='ocr_line' id='line_1_31' title="bbox 470 2159 2062 2215; baseline -0.003 -9"><span class='ocrx_word' id='word_1_226' title='bbox 470 2163 539 2206; x_wconf 85' lang='lat'>95.</span> <span class='ocrx_word' id='word_1_227' title='bbox 589 2173 832 2205; x_wconf 78' lang='lat' dir='ltr'><strong>SVPERANT</strong></span> <span class='ocrx_word' id='word_1_228' title='bbox 854 2173 1034 2204; x_wconf 76' lang='lat' dir='ltr'>FLEXVS</span> <span class='ocrx_word' id='word_1_229' title='bbox 1061 2159 1298 2215; x_wconf 74' lang='lat' dir='ltr'>‘superant&#39;</span> <span class='ocrx_word' id='word_1_230' title='bbox 1328 2163 1559 2215; x_wconf 75' lang='lat' dir='ltr'>transeunt,</span> <span class='ocrx_word' id='word_1_231' title='bbox 1590 2163 1638 2201; x_wconf 76' lang='lat' dir='ltr'>ut</span> <span class='ocrx_word' id='word_1_232' title='bbox 1662 2159 1848 2215; x_wconf 78' lang='lat'>&lt;1244&gt;</span> <span class='ocrx_word' id='word_1_233' title='bbox 1878 2160 2062 2213; x_wconf 79' lang='lat' dir='ltr'>fontem</span> 
     </span>
     <span class='ocr_line' id='line_1_32' title="bbox 350 2230 2062 2290; baseline -0.004 -12"><span class='ocrx_word' id='word_1_234' title='bbox 350 2248 586 2290; x_wconf 79' lang='lat' dir='ltr'>superare</span> <span class='ocrx_word' id='word_1_235' title='bbox 608 2234 815 2275; x_wconf 79' lang='lat' dir='ltr'>Timavi.</span> <span class='ocrx_word' id='word_1_236' title='bbox 862 2236 901 2274; x_wconf 75' lang='lat' dir='ltr'>et</span> <span class='ocrx_word' id='word_1_237' title='bbox 924 2232 995 2274; x_wconf 86' lang='lat' dir='ltr'>hic</span> <span class='ocrx_word' id='word_1_238' title='bbox 1020 2232 1210 2274; x_wconf 75' lang='lat' dir='ltr'>ostendit</span> <span class='ocrx_word' id='word_1_239' title='bbox 1235 2246 1323 2274; x_wconf 91' lang='lat' dir='ltr'>non</span> <span class='ocrx_word' id='word_1_240' title='bbox 1349 2246 1442 2273; x_wconf 88' lang='lat' dir='ltr'>esse</span> <span class='ocrx_word' id='word_1_241' title='bbox 1469 2231 1638 2274; x_wconf 87' lang='lat' dir='ltr'>alveum</span> <span class='ocrx_word' id='word_1_242' title='bbox 1663 2230 1851 2273; x_wconf 88' lang='lat' dir='ltr'>fluminis</span> <span class='ocrx_word' id='word_1_243' title='bbox 1877 2233 2062 2273; x_wconf 86' lang='lat' dir='ltr'>rectum:</span> 
     </span>
     <span class='ocr_line' id='line_1_33' title="bbox 350 2302 2062 2361; baseline -0.003 -12"><span class='ocrx_word' id='word_1_244' title='bbox 350 2308 450 2361; x_wconf 77' lang='lat' dir='ltr'>quia</span> <span class='ocrx_word' id='word_1_245' title='bbox 484 2305 665 2348; x_wconf 80' lang='lat' dir='ltr'>Tiberim</span> <span class='ocrx_word' id='word_1_246' title='bbox 697 2305 794 2347; x_wconf 83' lang='lat' dir='ltr'>libri</span> <span class='ocrx_word' id='word_1_247' title='bbox 823 2317 1029 2358; x_wconf 73' lang='lat' dir='ltr'>auyurum</span> <span class='ocrx_word' id='word_1_248' title='bbox 1060 2303 1268 2346; x_wconf 77' lang='lat' dir='ltr'>colubrum</span> <span class='ocrx_word' id='word_1_249' title='bbox 1301 2303 1538 2357; x_wconf 73' lang='lat' dir='ltr'>loquuntur,</span> <span class='ocrx_word' id='word_1_250' title='bbox 1576 2305 1787 2355; x_wconf 73' lang='lat' dir='ltr'>tamquam</span> <span class='ocrx_word' id='word_1_251' title='bbox 1825 2302 2062 2355; x_wconf 77' lang='lat' dir='ltr'>flexuosum.</span> 
     </span>
    </p>
   </div>
   <div class='ocr_carea' id='block_1_7' title="bbox 350 2402 634 2407">
    <p class='ocr_par' dir='ltr' id='par_1_14' title="bbox 350 2402 634 2407">
     <span class='ocr_line' id='line_1_34' title="bbox 350 2402 634 2407; baseline 0 0"><span class='ocrx_word' id='word_1_252' title='bbox 350 2402 634 2407; x_wconf 95' lang='lat' dir='ltr'> </span> 
     </span>
    </p>
   </div>
   <div class='ocr_carea' id='block_1_8' title="bbox 349 2442 2059 2542">
    <p class='ocr_par' dir='ltr' id='par_1_15' title="bbox 349 2442 2059 2542">
     <span class='ocr_line' id='line_1_35' title="bbox 415 2442 2059 2530; baseline -0.002 -48"><span class='ocrx_word' id='word_1_253' title='bbox 415 2451 491 2530; x_wconf 65' lang='grc'>11220</span> <span class='ocrx_word' id='word_1_254' title='bbox 522 2445 687 2530; x_wconf 51' lang='grc' dir='ltr'>ῗέἃῧιιε]</span> <span class='ocrx_word' id='word_1_255' title='bbox 729 2445 846 2482; x_wconf 86' lang='lat' dir='ltr'>Theb.</span> <span class='ocrx_word' id='word_1_256' title='bbox 879 2445 930 2481; x_wconf 93' lang='lat' dir='ltr'>VI</span> <span class='ocrx_word' id='word_1_257' title='bbox 963 2448 1031 2480; x_wconf 77' lang='grc'>682</span> <span class='ocrx_word' id='word_1_258' title='bbox 1062 2445 1075 2490; x_wconf 87' lang='grc' dir='ltr'>ΙΙ</span> <span class='ocrx_word' id='word_1_259' title='bbox 1112 2448 1157 2480; x_wconf 89' lang='grc'>23</span> <span class='ocrx_word' id='word_1_260' title='bbox 1195 2456 1369 2480; x_wconf 62' lang='lat' dir='ltr'>nummi·</span> <span class='ocrx_word' id='word_1_261' title='bbox 1406 2455 1474 2489; x_wconf 86' lang='lat' dir='ltr'>pro</span> <span class='ocrx_word' id='word_1_262' title='bbox 1512 2442 1585 2488; x_wconf 88' lang='lat' dir='ltr'>ipsi</span> <span class='ocrx_word' id='word_1_263' title='bbox 1622 2442 1844 2489; x_wconf 84' lang='lat' dir='ltr'>fatigantur]</span> <span class='ocrx_word' id='word_1_264' title='bbox 1883 2442 1929 2478; x_wconf 81' lang='lat' dir='ltr'>ef.</span> <span class='ocrx_word' id='word_1_265' title='bbox 1963 2442 2059 2479; x_wconf 88' lang='lat' dir='ltr'>Non.</span> 
     </span>
     <span class='ocr_line' id='line_1_36' title="bbox 349 2508 641 2542; baseline -0.007 -9"><span class='ocrx_word' id='word_1_266' title='bbox 349 2508 387 2542; x_wconf 88' lang='lat' dir='ltr'>p.</span> <span class='ocrx_word' id='word_1_267' title='bbox 485 2523 493 2540; x_wconf 93' lang='lat'>,</span> <span class='ocrx_word' id='word_1_268' title='bbox 633 2522 641 2531; x_wconf 87' lang='lat'>.</span> 
     </span>
    </p>
   </div>
   <div class='ocr_carea' id='block_1_9' title="bbox 348 2580 634 2586">
    <p class='ocr_par' dir='ltr' id='par_1_16' title="bbox 348 2580 634 2586">
     <span class='ocr_line' id='line_1_37' title="bbox 348 2580 634 2586; baseline 0 0"><span class='ocrx_word' id='word_1_269' title='bbox 348 2580 634 2586; x_wconf 95' lang='lat' dir='ltr'> </span> 
     </span>
    </p>
   </div>
   <div class='ocr_carea' id='block_1_10' title="bbox 349 2621 2092 3238">
    <p class='ocr_par' dir='ltr' id='par_1_17' title="bbox 349 2621 2092 3238">
     <span class='ocr_line' id='line_1_38' title="bbox 449 2621 2058 2671; baseline -0.004 -11"><span class='ocrx_word' id='word_1_270' title='bbox 449 2629 466 2660; x_wconf 92' lang='lat'>1</span> <span class='ocrx_word' id='word_1_271' title='bbox 494 2636 601 2661; x_wconf 85' lang='lat' dir='ltr'>cursu</span> <span class='ocrx_word' id='word_1_272' title='bbox 627 2625 765 2660; x_wconf 78' lang='lat' dir='ltr'>Daniel</span> <span class='ocrx_word' id='word_1_273' title='bbox 783 2626 795 2671; x_wconf 79' lang='lat' dir='ltr'>ss</span> <span class='ocrx_word' id='word_1_274' title='bbox 826 2629 846 2659; x_wconf 92' lang='lat'><strong>3</strong></span> <span class='ocrx_word' id='word_1_275' title='bbox 873 2624 1002 2659; x_wconf 83' lang='lat' dir='ltr'>luxum</span> <span class='ocrx_word' id='word_1_276' title='bbox 1028 2622 1069 2658; x_wconf 94' lang='lat' dir='ltr'><em>F</em></span> <span class='ocrx_word' id='word_1_277' title='bbox 1083 2624 1096 2669; x_wconf 88' lang='grc' dir='ltr'>ΙΙ</span> <span class='ocrx_word' id='word_1_278' title='bbox 1125 2622 1273 2658; x_wconf 84' lang='lat' dir='ltr'>foueret</span> <span class='ocrx_word' id='word_1_279' title='bbox 1296 2622 1424 2657; x_wconf 83' lang='lat' dir='ltr'>ASM</span> <span class='ocrx_word' id='word_1_280' title='bbox 1450 2623 1462 2669; x_wconf 90' lang='grc' dir='ltr'>ΙΙ</span> <span class='ocrx_word' id='word_1_281' title='bbox 1493 2626 1515 2657; x_wconf 87' lang='grc'>4</span> <span class='ocrx_word' id='word_1_282' title='bbox 1540 2621 1660 2667; x_wconf 87' lang='lat' dir='ltr'>velut]</span> <span class='ocrx_word' id='word_1_283' title='bbox 1687 2621 1748 2657; x_wconf 90' lang='lat' dir='ltr'>uel</span> <span class='ocrx_word' id='word_1_284' title='bbox 1773 2621 1818 2656; x_wconf 90' lang='lat' dir='ltr'><em>H</em></span> <span class='ocrx_word' id='word_1_285' title='bbox 1831 2621 1844 2666; x_wconf 82' lang='grc' dir='ltr'>ΙΙ</span> <span class='ocrx_word' id='word_1_286' title='bbox 1868 2630 2058 2656; x_wconf 80' lang='lat' dir='ltr'>recurrens</span> 
     </span>
     <span class='ocr_line' id='line_1_39' title="bbox 351 2666 2060 2718; baseline -0.004 -9"><span class='ocrx_word' id='word_1_287' title='bbox 351 2702 359 2710; x_wconf 92' lang='lat'>.</span> <span class='ocrx_word' id='word_1_288' title='bbox 382 2702 389 2709; x_wconf 90' lang='lat'>.</span> <span class='ocrx_word' id='word_1_289' title='bbox 412 2702 419 2709; x_wconf 95' lang='lat'>.</span> <span class='ocrx_word' id='word_1_290' title='bbox 446 2674 615 2708; x_wconf 84' lang='lat' dir='ltr'>uteretur</span> <span class='ocrx_word' id='word_1_291' title='bbox 640 2683 706 2707; x_wconf 89' lang='lat' dir='ltr'>om.</span> <span class='ocrx_word' id='word_1_292' title='bbox 722 2671 766 2706; x_wconf 90' lang='lat' dir='ltr'><em>H</em></span> <span class='ocrx_word' id='word_1_293' title='bbox 780 2674 792 2718; x_wconf 82' lang='grc' dir='ltr'>ΙΙ</span> <span class='ocrx_word' id='word_1_294' title='bbox 813 2675 832 2706; x_wconf 80' lang='grc'>7</span> <span class='ocrx_word' id='word_1_295' title='bbox 858 2672 965 2706; x_wconf 81' lang='lat' dir='ltr'>schol.</span> <span class='ocrx_word' id='word_1_296' title='bbox 986 2672 1036 2706; x_wconf 80' lang='lat' dir='ltr'>ad</span> <span class='ocrx_word' id='word_1_297' title='bbox 1053 2682 1085 2706; x_wconf 79' lang='lat' dir='ltr'>v.</span> <span class='ocrx_word' id='word_1_298' title='bbox 1108 2674 1152 2705; x_wconf 84' lang='lat'>89</span> <span class='ocrx_word' id='word_1_299' title='bbox 1172 2681 1238 2706; x_wconf 89' lang='lat' dir='ltr'>om.</span> <span class='ocrx_word' id='word_1_300' title='bbox 1255 2670 1297 2704; x_wconf 89' lang='lat' dir='ltr'><em>H</em></span> <span class='ocrx_word' id='word_1_301' title='bbox 1311 2671 1324 2715; x_wconf 77' lang='grc' dir='ltr'>ΙΙ</span> <span class='ocrx_word' id='word_1_302' title='bbox 1341 2681 1505 2710; x_wconf 73' lang='lat' dir='ltr'>AnQvom:</span> <span class='ocrx_word' id='word_1_303' title='bbox 1526 2669 1619 2704; x_wconf 68' lang='grc' dir='ltr'>ΑΒΖ</span> <span class='ocrx_word' id='word_1_304' title='bbox 1637 2670 1648 2715; x_wconf 90' lang='grc' dir='ltr'>ΙΙ</span> <span class='ocrx_word' id='word_1_305' title='bbox 1667 2680 1769 2709; x_wconf 71' lang='lat' dir='ltr'>onxs</span> <span class='ocrx_word' id='word_1_306' title='bbox 1789 2679 1855 2704; x_wconf 89' lang='lat' dir='ltr'>om.</span> <span class='ocrx_word' id='word_1_307' title='bbox 1870 2666 2032 2703; x_wconf 85' lang='lat' dir='ltr'>ASLF</span> <span class='ocrx_word' id='word_1_308' title='bbox 2047 2666 2060 2714; x_wconf 88' lang='grc' dir='ltr'>ΙΙ</span> 
     </span>
     <span class='ocr_line' id='line_1_40' title="bbox 350 2715 2092 2767; baseline -0.005 -11"><span class='ocrx_word' id='word_1_309' title='bbox 350 2732 470 2767; x_wconf 86' lang='lat' dir='ltr'>aquae</span> <span class='ocrx_word' id='word_1_310' title='bbox 496 2732 563 2756; x_wconf 89' lang='lat' dir='ltr'>om.</span> <span class='ocrx_word' id='word_1_311' title='bbox 581 2720 639 2763; x_wconf 89' lang='lat' dir='ltr'>M,</span> <span class='ocrx_word' id='word_1_312' title='bbox 664 2730 759 2763; x_wconf 91' lang='lat' dir='ltr'>quae</span> <span class='ocrx_word' id='word_1_313' title='bbox 786 2718 826 2753; x_wconf 89' lang='lat' dir='ltr'><em>F</em></span> <span class='ocrx_word' id='word_1_314' title='bbox 842 2720 853 2765; x_wconf 92' lang='grc' dir='ltr'>ΙΙ</span> <span class='ocrx_word' id='word_1_315' title='bbox 872 2717 1102 2762; x_wconf 79' lang='lat' dir='ltr'>aequalitate</span> <span class='ocrx_word' id='word_1_316' title='bbox 1121 2717 1194 2753; x_wconf 84' lang='lat' dir='ltr'>AS</span> <span class='ocrx_word' id='word_1_317' title='bbox 1203 2718 1252 2752; x_wconf 89' lang='lat' dir='ltr'><em>M</em></span> <span class='ocrx_word' id='word_1_318' title='bbox 1269 2719 1281 2763; x_wconf 83' lang='grc' dir='ltr'>ΙΙ</span> <span class='ocrx_word' id='word_1_319' title='bbox 1303 2721 1344 2752; x_wconf 93' lang='grc'>10</span> <span class='ocrx_word' id='word_1_320' title='bbox 1371 2718 1457 2752; x_wconf 79' lang='lat' dir='ltr'>ante</span> <span class='ocrx_word' id='word_1_321' title='bbox 1485 2729 1545 2752; x_wconf 83' lang='lat' dir='ltr'>eos</span> <span class='ocrx_word' id='word_1_322' title='bbox 1566 2716 1606 2751; x_wconf 90' lang='lat' dir='ltr'><em>F</em></span> <span class='ocrx_word' id='word_1_323' title='bbox 1620 2718 1633 2762; x_wconf 80' lang='grc'>11</span> <span class='ocrx_word' id='word_1_324' title='bbox 1651 2716 1790 2751; x_wconf 82' lang='lat' dir='ltr'>famam</span> <span class='ocrx_word' id='word_1_325' title='bbox 1812 2716 1848 2750; x_wconf 89' lang='lat' dir='ltr'><strong><em>L</em></strong></span> <span class='ocrx_word' id='word_1_326' title='bbox 1874 2718 1977 2759; x_wconf 79' lang='lat' dir='ltr'>(corr.</span> <span class='ocrx_word' id='word_1_327' title='bbox 2001 2715 2027 2758; x_wconf 93' lang='lat' dir='ltr'>l)</span> <span class='ocrx_word' id='word_1_328' title='bbox 2088 2737 2092 2746; x_wconf 86' lang='grc'><strong>.</strong></span> 
     </span>
     <span class='ocr_line' id='line_1_41' title="bbox 351 2719 2059 2813; baseline -0.005 -9"><span class='ocrx_word' id='word_1_329' title='bbox 351 2781 431 2804; x_wconf 87' lang='lat' dir='ltr'>esse</span> <span class='ocrx_word' id='word_1_330' title='bbox 455 2769 632 2803; x_wconf 86' lang='lat' dir='ltr'>uenturos</span> <span class='ocrx_word' id='word_1_331' title='bbox 657 2766 778 2801; x_wconf 86' lang='lat' dir='ltr'>ASF</span> <span class='ocrx_word' id='word_1_332' title='bbox 805 2767 817 2813; x_wconf 79' lang='grc' dir='ltr'>ΙΙ</span> <span class='ocrx_word' id='word_1_333' title='bbox 863 2770 905 2800; x_wconf 86' lang='grc'>12</span> <span class='ocrx_word' id='word_1_334' title='bbox 932 2768 989 2800; x_wconf 70' lang='lat' dir='ltr'>est</span> <span class='ocrx_word' id='word_1_335' title='bbox 1014 2777 1079 2801; x_wconf 88' lang='lat' dir='ltr'>om.</span> <span class='ocrx_word' id='word_1_336' title='bbox 1106 2766 1141 2800; x_wconf 90' lang='lat' dir='ltr'><em>L</em></span> <span class='ocrx_word' id='word_1_337' title='bbox 1176 2766 1189 2811; x_wconf 86' lang='grc' dir='ltr'>ΙΙ</span> <span class='ocrx_word' id='word_1_338' title='bbox 1224 2764 1427 2800; x_wconf 87' lang='lat' dir='ltr'>rumenalis</span> <span class='ocrx_word' id='word_1_339' title='bbox 1454 2764 1494 2799; x_wconf 94' lang='lat' dir='ltr'><em>F</em></span> <span class='ocrx_word' id='word_1_340' title='bbox 1527 2766 1539 2811; x_wconf 72' lang='lat' dir='ltr'>ll</span> <span class='ocrx_word' id='word_1_341' title='bbox 1584 2768 1626 2799; x_wconf 85' lang='lat'>13</span> <span class='ocrx_word' id='word_1_342' title='bbox 1654 2763 1767 2809; x_wconf 87' lang='lat' dir='ltr'>quae]</span> <span class='ocrx_word' id='word_1_343' title='bbox 1801 2762 1864 2806; x_wconf 88' lang='lat' dir='ltr'>qui</span> <span class='ocrx_word' id='word_1_344' title='bbox 1889 2719 2059 2809; x_wconf 60' lang='lat' dir='ltr'>ASMl</span> 
     </span>
     <span class='ocr_line' id='line_1_42' title="bbox 353 2809 2058 2860; baseline -0.005 -9"><span class='ocrx_word' id='word_1_345' title='bbox 353 2820 396 2851; x_wconf 87' lang='lat'>14</span> <span class='ocrx_word' id='word_1_346' title='bbox 421 2817 514 2851; x_wconf 89' lang='lat' dir='ltr'>haec</span> <span class='ocrx_word' id='word_1_347' title='bbox 540 2813 847 2860; x_wconf 62' lang='lat' dir='ltr'>Hu‘habebatur</span> <span class='ocrx_word' id='word_1_348' title='bbox 872 2813 947 2858; x_wconf 85' lang='grc' dir='ltr'>ΜΙΙ</span> <span class='ocrx_word' id='word_1_349' title='bbox 972 2815 1170 2848; x_wconf 84' lang='lat' dir='ltr'>uertumno</span> <span class='ocrx_word' id='word_1_350' title='bbox 1195 2812 1343 2848; x_wconf 80' lang='lat' dir='ltr'><strong><em>ASMz</em></strong></span> <span class='ocrx_word' id='word_1_351' title='bbox 1380 2814 1578 2847; x_wconf 90' lang='lat' dir='ltr'>uortumno</span> <span class='ocrx_word' id='word_1_352' title='bbox 1606 2810 1658 2846; x_wconf 79' lang='lat' dir='ltr'>F:</span> <span class='ocrx_word' id='word_1_353' title='bbox 1686 2809 1881 2846; x_wconf 85' lang='lat' dir='ltr'>neciniuno</span> <span class='ocrx_word' id='word_1_354' title='bbox 1908 2809 1943 2843; x_wconf 89' lang='lat' dir='ltr'><strong><em>L</em></strong></span> <span class='ocrx_word' id='word_1_355' title='bbox 1979 2809 2058 2844; x_wconf 88' lang='lat' dir='ltr'>nei-</span> 
     </span>
     <span class='ocr_line' id='line_1_43' title="bbox 349 2855 2057 2907; baseline -0.004 -9"><span class='ocrx_word' id='word_1_356' title='bbox 349 2875 424 2898; x_wconf 89' lang='lat' dir='ltr'>uno</span> <span class='ocrx_word' id='word_1_357' title='bbox 450 2863 495 2898; x_wconf 89' lang='lat' dir='ltr'><em>H</em></span> <span class='ocrx_word' id='word_1_358' title='bbox 527 2863 615 2897; x_wconf 92' lang='lat' dir='ltr'>iuno</span> <span class='ocrx_word' id='word_1_359' title='bbox 636 2862 671 2896; x_wconf 90' lang='lat' dir='ltr'>R</span> <span class='ocrx_word' id='word_1_360' title='bbox 689 2863 702 2907; x_wconf 82' lang='grc' dir='ltr'>ΙΙ</span> <span class='ocrx_word' id='word_1_361' title='bbox 723 2865 766 2896; x_wconf 83' lang='grc'>15</span> <span class='ocrx_word' id='word_1_362' title='bbox 792 2860 868 2896; x_wconf 88' lang='lat' dir='ltr'>alia</span> <span class='ocrx_word' id='word_1_363' title='bbox 892 2860 1075 2895; x_wconf 87' lang='lat' dir='ltr'>romulam</span> <span class='ocrx_word' id='word_1_364' title='bbox 1095 2860 1168 2895; x_wconf 83' lang='lat' dir='ltr'>AS</span> <span class='ocrx_word' id='word_1_365' title='bbox 1185 2861 1198 2906; x_wconf 86' lang='grc' dir='ltr'>ΙΙ</span> <span class='ocrx_word' id='word_1_366' title='bbox 1217 2860 1355 2895; x_wconf 86' lang='lat' dir='ltr'>dictum</span> <span class='ocrx_word' id='word_1_367' title='bbox 1378 2858 1419 2894; x_wconf 90' lang='lat' dir='ltr'><em>F</em></span> <span class='ocrx_word' id='word_1_368' title='bbox 1433 2861 1445 2905; x_wconf 84' lang='grc' dir='ltr'>ΙΙ</span> <span class='ocrx_word' id='word_1_369' title='bbox 1466 2864 1509 2895; x_wconf 87' lang='grc'>16</span> <span class='ocrx_word' id='word_1_370' title='bbox 1536 2859 1604 2895; x_wconf 88' lang='lat' dir='ltr'>alis</span> <span class='ocrx_word' id='word_1_371' title='bbox 1624 2857 1664 2893; x_wconf 88' lang='lat' dir='ltr'><em>F</em></span> <span class='ocrx_word' id='word_1_372' title='bbox 1679 2859 1691 2903; x_wconf 93' lang='grc' dir='ltr'>ΙΙ</span> <span class='ocrx_word' id='word_1_373' title='bbox 1711 2869 1733 2893; x_wconf 88' lang='lat' dir='ltr'>a</span> <span class='ocrx_word' id='word_1_374' title='bbox 1756 2857 1871 2903; x_wconf 86' lang='lat' dir='ltr'>lacte]</span> <span class='ocrx_word' id='word_1_375' title='bbox 1900 2855 2057 2892; x_wconf 83' lang='lat' dir='ltr'>allectae</span> 
     </span>
     <span class='ocr_line' id='line_1_44' title="bbox 350 2903 2063 2957; baseline -0.005 -12"><span class='ocrx_word' id='word_1_376' title='bbox 350 2911 394 2946; x_wconf 88' lang='grc' dir='ltr'>Η</span> <span class='ocrx_word' id='word_1_377' title='bbox 410 2912 422 2957; x_wconf 79' lang='grc' dir='ltr'>ΙΙ</span> <span class='ocrx_word' id='word_1_378' title='bbox 441 2910 600 2956; x_wconf 78' lang='lat' dir='ltr'>guttoris</span> <span class='ocrx_word' id='word_1_379' title='bbox 625 2909 665 2945; x_wconf 91' lang='lat' dir='ltr'><em>F</em></span> <span class='ocrx_word' id='word_1_380' title='bbox 681 2910 693 2956; x_wconf 85' lang='grc' dir='ltr'>ΙΙ</span> <span class='ocrx_word' id='word_1_381' title='bbox 714 2913 756 2944; x_wconf 80' lang='grc'>17</span> <span class='ocrx_word' id='word_1_382' title='bbox 782 2919 936 2944; x_wconf 87' lang='lat' dir='ltr'>romune</span> <span class='ocrx_word' id='word_1_383' title='bbox 961 2907 995 2941; x_wconf 93' lang='lat' dir='ltr'><em>L</em></span> <span class='ocrx_word' id='word_1_384' title='bbox 1020 2909 1128 2951; x_wconf 83' lang='lat' dir='ltr'>(corr.</span> <span class='ocrx_word' id='word_1_385' title='bbox 1149 2908 1175 2951; x_wconf 95' lang='lat' dir='ltr'>l)</span> <span class='ocrx_word' id='word_1_386' title='bbox 1195 2909 1207 2953; x_wconf 88' lang='grc' dir='ltr'>ΙΙ</span> <span class='ocrx_word' id='word_1_387' title='bbox 1226 2907 1385 2943; x_wconf 86' lang='lat' dir='ltr'>flauente</span> <span class='ocrx_word' id='word_1_388' title='bbox 1412 2907 1456 2942; x_wconf 89' lang='lat' dir='ltr'><em>H</em></span> <span class='ocrx_word' id='word_1_389' title='bbox 1470 2909 1482 2953; x_wconf 78' lang='grc' dir='ltr'><strong>Η</strong></span> <span class='ocrx_word' id='word_1_390' title='bbox 1511 2911 1551 2942; x_wconf 84' lang='grc'>19</span> <span class='ocrx_word' id='word_1_391' title='bbox 1578 2918 1704 2942; x_wconf 68' lang='lat' dir='ltr'>1vNc⁷rA</span> <span class='ocrx_word' id='word_1_392' title='bbox 1728 2905 1764 2941; x_wconf 90' lang='lat' dir='ltr'><strong><em>L</em></strong></span> <span class='ocrx_word' id='word_1_393' title='bbox 1782 2906 1795 2951; x_wconf 82' lang='grc' dir='ltr'>ΙΙ</span> <span class='ocrx_word' id='word_1_394' title='bbox 1814 2903 1991 2939; x_wconf 85' lang='lat' dir='ltr'>discentis</span> <span class='ocrx_word' id='word_1_395' title='bbox 2017 2903 2063 2938; x_wconf 90' lang='lat' dir='ltr'><em>H</em></span> 
     </span>
     <span class='ocr_line' id='line_1_45' title="bbox 350 2951 2056 3003; baseline -0.004 -10"><span class='ocrx_word' id='word_1_396' title='bbox 350 2958 624 3003; x_wconf 84' lang='lat' dir='ltr'>(descendentis</span> <span class='ocrx_word' id='word_1_397' title='bbox 649 2958 687 3003; x_wconf 76' lang='lat' dir='ltr'>h)</span> <span class='ocrx_word' id='word_1_398' title='bbox 717 2958 729 3003; x_wconf 83' lang='grc' dir='ltr'>ΙΙ</span> <span class='ocrx_word' id='word_1_399' title='bbox 766 2960 812 2992; x_wconf 90' lang='grc'>20</span> <span class='ocrx_word' id='word_1_400' title='bbox 838 2954 1069 3000; x_wconf 72' lang='lat' dir='ltr'>conscendit]</span> <span class='ocrx_word' id='word_1_401' title='bbox 1103 2955 1298 2989; x_wconf 87' lang='lat' dir='ltr'>aduersum</span> <span class='ocrx_word' id='word_1_402' title='bbox 1325 2955 1407 2990; x_wconf 82' lang='lat' dir='ltr'>add.</span> <span class='ocrx_word' id='word_1_403' title='bbox 1434 2955 1483 2989; x_wconf 86' lang='lat' dir='ltr'><strong><em>M</em></strong></span> <span class='ocrx_word' id='word_1_404' title='bbox 1514 2954 1554 2989; x_wconf 89' lang='lat' dir='ltr'>in</span> <span class='ocrx_word' id='word_1_405' title='bbox 1581 2953 1778 2989; x_wconf 77' lang='lat' dir='ltr'>aduersum</span> <span class='ocrx_word' id='word_1_406' title='bbox 1803 2952 1887 2987; x_wconf 85' lang='lat' dir='ltr'>add.</span> <span class='ocrx_word' id='word_1_407' title='bbox 1913 2952 1927 2987; x_wconf 95' lang='lat' dir='ltr'>l</span> <span class='ocrx_word' id='word_1_408' title='bbox 1955 2952 1968 2995; x_wconf 93' lang='grc' dir='ltr'>ΙΙ</span> <span class='ocrx_word' id='word_1_409' title='bbox 2010 2951 2056 2986; x_wconf 89' lang='lat' dir='ltr'>de</span> 
     </span>
     <span class='ocr_line' id='line_1_46' title="bbox 350 2997 2056 3051; baseline -0.005 -11"><span class='ocrx_word' id='word_1_410' title='bbox 350 3005 468 3051; x_wconf 87' lang='lat' dir='ltr'>disco]</span> <span class='ocrx_word' id='word_1_411' title='bbox 497 3005 643 3039; x_wconf 82' lang='lat' dir='ltr'>dedisse</span> <span class='ocrx_word' id='word_1_412' title='bbox 669 3005 703 3039; x_wconf 92' lang='lat' dir='ltr'><strong><em>L</em></strong></span> <span class='ocrx_word' id='word_1_413' title='bbox 730 3006 742 3050; x_wconf 90' lang='grc' dir='ltr'>ΙΙ</span> <span class='ocrx_word' id='word_1_414' title='bbox 774 3003 986 3047; x_wconf 84' lang='lat' dir='ltr'>similesque</span> <span class='ocrx_word' id='word_1_415' title='bbox 1013 3001 1053 3035; x_wconf 77' lang='lat' dir='ltr'><em>F</em></span> <span class='ocrx_word' id='word_1_416' title='bbox 1074 3003 1086 3046; x_wconf 81' lang='grc' dir='ltr'>ΙΙ</span> <span class='ocrx_word' id='word_1_417' title='bbox 1116 3002 1274 3038; x_wconf 83' lang='lat' dir='ltr'>aduersu</span> <span class='ocrx_word' id='word_1_418' title='bbox 1301 3001 1341 3036; x_wconf 88' lang='lat' dir='ltr'><em>F</em></span> <span class='ocrx_word' id='word_1_419' title='bbox 1364 3003 1376 3047; x_wconf 84' lang='grc' dir='ltr'>ΙΙ</span> <span class='ocrx_word' id='word_1_420' title='bbox 1407 3005 1451 3037; x_wconf 89' lang='grc'>21</span> <span class='ocrx_word' id='word_1_421' title='bbox 1479 3001 1666 3036; x_wconf 63' lang='lat' dir='ltr'>saumsian</span> <span class='ocrx_word' id='word_1_422' title='bbox 1691 3000 1725 3034; x_wconf 91' lang='lat' dir='ltr'><strong><em>L</em></strong></span> <span class='ocrx_word' id='word_1_423' title='bbox 1761 2997 1956 3034; x_wconf 74' lang='lat' dir='ltr'>fectasiam</span> <span class='ocrx_word' id='word_1_424' title='bbox 1980 2998 2020 3032; x_wconf 91' lang='lat' dir='ltr'><em>H</em></span> <span class='ocrx_word' id='word_1_425' title='bbox 2045 2998 2056 3044; x_wconf 77' lang='grc' dir='ltr'>Η</span> 
     </span>
     <span class='ocr_line' id='line_1_47' title="bbox 350 3045 2056 3094; baseline -0.005 -6"><span class='ocrx_word' id='word_1_426' title='bbox 350 3057 395 3088; x_wconf 83' lang='grc'>22</span> <span class='ocrx_word' id='word_1_427' title='bbox 428 3051 689 3088; x_wconf 85' lang='lat' dir='ltr'>ammiratione</span> <span class='ocrx_word' id='word_1_428' title='bbox 715 3052 751 3087; x_wconf 87' lang='lat' dir='ltr'>R</span> <span class='ocrx_word' id='word_1_429' title='bbox 795 3049 1080 3086; x_wconf 82' lang='lat' dir='ltr'>admirationem</span> <span class='ocrx_word' id='word_1_430' title='bbox 1105 3049 1140 3083; x_wconf 83' lang='lat' dir='ltr'><strong><em>L</em></strong></span> <span class='ocrx_word' id='word_1_431' title='bbox 1171 3051 1276 3093; x_wconf 79' lang='lat' dir='ltr'>(corr.</span> <span class='ocrx_word' id='word_1_432' title='bbox 1304 3050 1330 3094; x_wconf 92' lang='lat' dir='ltr'>l)</span> <span class='ocrx_word' id='word_1_433' title='bbox 1367 3052 1379 3094; x_wconf 79' lang='grc' dir='ltr'>ΙΙ</span> <span class='ocrx_word' id='word_1_434' title='bbox 1416 3049 1590 3084; x_wconf 90' lang='lat' dir='ltr'>ueniente</span> <span class='ocrx_word' id='word_1_435' title='bbox 1614 3047 1686 3082; x_wconf 82' lang='lat' dir='ltr'>AS</span> <span class='ocrx_word' id='word_1_436' title='bbox 1729 3046 1879 3081; x_wconf 88' lang='lat' dir='ltr'>veniens</span> <span class='ocrx_word' id='word_1_437' title='bbox 1908 3046 2015 3090; x_wconf 77' lang='lat' dir='ltr'>vulyo</span> <span class='ocrx_word' id='word_1_438' title='bbox 2045 3045 2056 3092; x_wconf 75' lang='grc' dir='ltr'>Η</span> 
     </span>
     <span class='ocr_line' id='line_1_48' title="bbox 349 3092 2053 3142; baseline -0.006 -6"><span class='ocrx_word' id='word_1_439' title='bbox 349 3105 395 3136; x_wconf 90' lang='grc'>23</span> <span class='ocrx_word' id='word_1_440' title='bbox 422 3101 472 3136; x_wconf 85' lang='lat' dir='ltr'>ad</span> <span class='ocrx_word' id='word_1_441' title='bbox 495 3112 703 3139; x_wconf 68' lang='lat' dir='ltr'>noca-nuova</span> <span class='ocrx_word' id='word_1_442' title='bbox 729 3113 764 3134; x_wconf 87' lang='lat' dir='ltr'>D.</span> <span class='ocrx_word' id='word_1_443' title='bbox 790 3112 821 3133; x_wconf 59' lang='grc' dir='ltr'>ι’.</span> <span class='ocrx_word' id='word_1_444' title='bbox 848 3109 948 3142; x_wconf 79' lang='lat' dir='ltr'>supr.</span> <span class='ocrx_word' id='word_1_445' title='bbox 974 3107 1062 3132; x_wconf 78' lang='lat' dir='ltr'>vers.</span> <span class='ocrx_word' id='word_1_446' title='bbox 1089 3097 1156 3130; x_wconf 79' lang='lat' dir='ltr'>aut</span> <span class='ocrx_word' id='word_1_447' title='bbox 1185 3096 1350 3141; x_wconf 82' lang='lat' dir='ltr'>fatigant</span> <span class='ocrx_word' id='word_1_448' title='bbox 1378 3107 1416 3130; x_wconf 84' lang='lat' dir='ltr'>se</span> <span class='ocrx_word' id='word_1_449' title='bbox 1442 3099 1508 3130; x_wconf 79' lang='lat' dir='ltr'>aut</span> <span class='ocrx_word' id='word_1_450' title='bbox 1533 3095 1695 3140; x_wconf 83' lang='lat' dir='ltr'>fatigant</span> <span class='ocrx_word' id='word_1_451' title='bbox 1719 3095 1865 3128; x_wconf 81' lang='lat' dir='ltr'>noctem</span> <span class='ocrx_word' id='word_1_452' title='bbox 1893 3094 1932 3128; x_wconf 88' lang='lat' dir='ltr'>et</span> <span class='ocrx_word' id='word_1_453' title='bbox 1957 3092 2053 3127; x_wconf 87' lang='lat' dir='ltr'>diem</span> 
     </span>
     <span class='ocr_line' id='line_1_49' title="bbox 349 3142 2054 3192; baseline -0.005 -9"><span class='ocrx_word' id='word_1_454' title='bbox 349 3148 389 3183; x_wconf 90' lang='lat' dir='ltr'>id</span> <span class='ocrx_word' id='word_1_455' title='bbox 416 3149 472 3183; x_wconf 82' lang='lat' dir='ltr'>est</span> <span class='ocrx_word' id='word_1_456' title='bbox 497 3147 757 3182; x_wconf 84' lang='lat' dir='ltr'>consummant</span> <span class='ocrx_word' id='word_1_457' title='bbox 783 3146 815 3180; x_wconf 82' lang='lat' dir='ltr'><em>T</em></span> <span class='ocrx_word' id='word_1_458' title='bbox 832 3147 844 3192; x_wconf 85' lang='grc' dir='ltr'>ΙΙ</span> <span class='ocrx_word' id='word_1_459' title='bbox 863 3149 908 3180; x_wconf 82' lang='grc'>25</span> <span class='ocrx_word' id='word_1_460' title='bbox 934 3144 1155 3180; x_wconf 85' lang='lat' dir='ltr'>consumunt</span> <span class='ocrx_word' id='word_1_461' title='bbox 1178 3142 1317 3178; x_wconf 77' lang='lat' dir='ltr'>Daniel</span> <span class='ocrx_word' id='word_1_462' title='bbox 1334 3144 1347 3188; x_wconf 79' lang='grc' dir='ltr'>ΙΙ</span> <span class='ocrx_word' id='word_1_463' title='bbox 1366 3147 1411 3177; x_wconf 81' lang='grc'>28</span> <span class='ocrx_word' id='word_1_464' title='bbox 1438 3144 1487 3177; x_wconf 79' lang='lat' dir='ltr'>ad</span> <span class='ocrx_word' id='word_1_465' title='bbox 1511 3155 1554 3175; x_wconf 76' lang='lat' dir='ltr'>m·</span> <span class='ocrx_word' id='word_1_466' title='bbox 1579 3154 1712 3176; x_wconf 66' lang='lat' dir='ltr'>nomos</span> <span class='ocrx_word' id='word_1_467' title='bbox 1733 3152 1758 3174; x_wconf 80' lang='lat' dir='ltr'>s.</span> <span class='ocrx_word' id='word_1_468' title='bbox 1782 3153 1811 3175; x_wconf 70' lang='lat' dir='ltr'>r.</span> <span class='ocrx_word' id='word_1_469' title='bbox 1839 3151 1939 3185; x_wconf 80' lang='lat' dir='ltr'>supr.</span> <span class='ocrx_word' id='word_1_470' title='bbox 1965 3150 2054 3191; x_wconf 77' lang='lat' dir='ltr'>vers,¹</span> 
     </span>
     <span class='ocr_line' id='line_1_50' title="bbox 350 3187 2054 3238; baseline -0.005 -9"><span class='ocrx_word' id='word_1_471' title='bbox 350 3195 420 3231; x_wconf 87' lang='lat' dir='ltr'>hac</span> <span class='ocrx_word' id='word_1_472' title='bbox 459 3206 572 3230; x_wconf 83' lang='lat' dir='ltr'>causa</span> <span class='ocrx_word' id='word_1_473' title='bbox 608 3193 695 3228; x_wconf 89' lang='lat' dir='ltr'>libri</span> <span class='ocrx_word' id='word_1_474' title='bbox 733 3204 915 3238; x_wconf 88' lang='lat' dir='ltr'>augurum</span> <span class='ocrx_word' id='word_1_475' title='bbox 954 3190 1083 3227; x_wconf 88' lang='lat' dir='ltr'>dicunt</span> <span class='ocrx_word' id='word_1_476' title='bbox 1118 3191 1217 3225; x_wconf 87' lang='lat' dir='ltr'>hunc</span> <span class='ocrx_word' id='word_1_477' title='bbox 1255 3190 1408 3224; x_wconf 89' lang='lat' dir='ltr'>fluuium</span> <span class='ocrx_word' id='word_1_478' title='bbox 1443 3190 1635 3225; x_wconf 85' lang='lat' dir='ltr'>colubrum</span> <span class='ocrx_word' id='word_1_479' title='bbox 1671 3189 1709 3224; x_wconf 85' lang='lat' dir='ltr'>et</span> <span class='ocrx_word' id='word_1_480' title='bbox 1742 3188 1944 3223; x_wconf 85' lang='lat' dir='ltr'>flexuosum</span> <span class='ocrx_word' id='word_1_481' title='bbox 1981 3187 2012 3220; x_wconf 80' lang='lat' dir='ltr'><em>T</em></span> <span class='ocrx_word' id='word_1_482' title='bbox 2043 3187 2054 3232; x_wconf 57' lang='grc' dir='ltr'>ῃ</span> 
     </span>
    </p>
   </div>
   <div class='ocr_carea' id='block_1_11' title="bbox 350 3240 903 3288">
    <p class='ocr_par' dir='ltr' id='par_1_18' title="bbox 350 3240 903 3288">
     <span class='ocr_line' id='line_1_51' title="bbox 350 3240 903 3288; baseline -0.007 -10"><span class='ocrx_word' id='word_1_483' title='bbox 350 3243 547 3288; x_wconf 88' lang='lat' dir='ltr'>augurium</span> <span class='ocrx_word' id='word_1_484' title='bbox 573 3240 613 3277; x_wconf 87' lang='lat' dir='ltr'><em>F</em></span> <span class='ocrx_word' id='word_1_485' title='bbox 629 3242 640 3288; x_wconf 88' lang='grc' dir='ltr'>ΙΙ</span> <span class='ocrx_word' id='word_1_486' title='bbox 665 3241 837 3276; x_wconf 87' lang='lat' dir='ltr'>locuntur</span> <span class='ocrx_word' id='word_1_487' title='bbox 863 3240 903 3275; x_wconf 88' lang='lat' dir='ltr'><em>F</em></span> 
     </span>
    </p>
   </div>
  </div>
 </body>
</html>
