2124 3600
544 263 693 299 COMM.
719 263 772 299 IN
796 263 938 310 VERG.
965 263 1076 300 AEN.
1103 264 1155 300 VI
1180 268 1379 302 286-289.
1761 265 1816 307 51

340 334 360 351 ἢ

110 372 429 426 maynitudinis,
479 386 589 427 quae
633 373 715 415 fuit
758 373 805 414 in
848 372 1000 433 Lerna,
1034 371 1294 428 Argivorum
1338 374 1511 429 palude3
1562 374 1637 416 sed
1685 374 1819 416 latine

111 445 281 485 excetra
313 443 488 497 dicitur,
520 444 633 498 quod
664 458 749 485 uno
782 458 905 486 caeso
937 444 1023 485 tria
1054 444 1538 498 capita-excrescebant.
1587 459 1679 488 cum
1702 460 1821 500 saepe

110 517 327 568 annamtata
353 515 640 568 triplarentur,
673 515 834 557 admoto
859 515 910 557 ab
928 515 1108 557 Hercule
1133 515 1319 557 incendio
1344 520 1582 570 consumpta
1606 521 1819 569 narratur,

110 586 228 628 cuius
255 585 349 638 felle
366 586 566 628 Hercules
596 587 768 640 sayittas
798 599 896 629 suas
922 587 1091 629 tinxisse
1115 587 1276 628 dicitur.
1328 586 1402 628 sed
1432 589 1604 629 constat
1635 588 1820 643 hydram

109 657 253 698 locum
283 657 417 699 fuisse
449 659 717 699 evomentem
743 671 895 713 aquas,
927 660 1147 700 vastantes
1173 657 1359 699 vicinam
1388 657 1627 713 civitatem,
1659 659 1704 700 in
1735 675 1819 714 quo

109 742 195 770 uno
236 731 382 770 meatu
422 728 569 770 clauso
612 728 740 770 multi
785 730 1086 785 erumpebant:
1130 729 1246 784 quod
1282 727 1493 771 Hercules
1534 729 1684 772 videns
1725 732 1821 774 loca

109 789 217 854 ipsa*
237 799 402 841 exussit
434 801 477 840 et
509 800 569 842 sic
601 814 737 855 aquae
770 800 927 842 clausit
957 804 1145 855 meatus3
1175 815 1277 842 nam
1308 799 1448 855 hydra
1481 801 1533 842 ab
1567 815 1679 856 aqua
1706 801 1821 844 dicta
1883 836 1886 839 ,

112 872 187 913 est.
238 870 432 925 potuisse
460 872 604 912 autem
636 870 719 912 1106
750 871 843 913 fieri
875 872 948 913 ille
980 872 1142 914 indicat
1173 872 1311 925 locus,
1342 871 1418 913 ubi
1444 871 1548 913 dicit
1573 886 1708 914 omne
1736 887 1821 926 per

109 942 269 995 iynem
310 941 615 995 excoquitur
654 941 839 983 vitium
880 944 1035 998 atque
1082 943 1270 985 exudat
1315 942 1523 984 inutilis
1569 958 1724 985 umor.
1784 948 1823 986 et

108 1015 249 1054 utrum
291 1012 356 1054 hic
392 1012 599 1054 distinctio
634 1013 764 1066 plena
802 1014 874 1065 sit,
918 1028 976 1056 an
1014 1013 1282 1056 ‘horrendum
1317 1013 1514 1056 stridens'
1555 1015 1820 1067 inferioribus

110 1083 360 1137 iimyendum
390 1083 474 1126 sit?
512 1084 681 1126 stridere
711 1085 820 1126 enim
851 1085 945 1127 bene
977 1084 1224 1128 Chimaerae
1254 1086 1390 1136 datur,
1421 1099 1525 1139 quae
1555 1089 1594 1128 et
1621 1090 1821 1140 serpentes

109 1155 227 1197 habet
256 1158 295 1197 et
322 1155 526 1209 flammas.

228 1227 326 1268 288.
376 1243 557 1269 Hofflzfflvn
566 1240 621 1268 VM
643 1242 833 1269 smmum*
854 1240 936 1280 pro
955 1226 1202 1269 ‘horrende'z
1228 1227 1463 1269 adverbium
1482 1228 1696 1281 qualitatis
1716 1230 1819 1272 deri-

109 1300 250 1339 vatum
292 1298 338 1339 in
383 1311 540 1340 nomen.
668 1308 970 1348 FLAMMISQVE
1010 1310 1201 1341 ARMATA
1245 1310 1486 1341 CHIMAERA
1533 1300 1742 1355 Typhonis
1785 1305 1823 1343 et

110 1368 325 1411 Echidnae
365 1369 475 1423 filia,
521 1383 594 1411 ore
638 1369 728 1423 leo,
771 1371 1002 1424 postremis
1046 1370 1244 1425 partibus
1289 1370 1436 1425 draco,
1479 1371 1621 1413 media
1666 1386 1820 1427 caprea

112 1440 345 1482 secundum
370 1440 541 1482 fabulas
567 1439 662 1481 fuit.
698 1455 744 1482 re
770 1455 874 1483 vera
900 1443 1046 1483 autem
1071 1456 1196 1484 mons
1223 1443 1289 1483 est
1315 1440 1504 1496 Ciliciae,
1530 1442 1650 1484 cuius
1678 1443 1820 1485 hodie-

111 1525 192 1565 que
225 1510 348 1553 ardet
380 1525 600 1566 cacumen,
638 1511 759 1553 iuxta
797 1512 911 1568 quod
951 1515 1054 1554 sunt
1091 1512 1256 1568 leones3
1298 1513 1440 1555 media
1479 1516 1623 1555 autem
1661 1528 1822 1569 pascua

110 1583 228 1634 sunt,
271 1596 375 1636 quae
414 1584 572 1637 capreis
612 1582 846 1634 abundant;
891 1583 980 1625 ima
1022 1598 1122 1626 vero
1161 1584 1322 1626 montis
1365 1585 1639 1639 serpentibus
1680 1586 1821 1640 plena.

110 1652 225 1695 hunc
269 1652 627 1709 Bellerophontes
675 1654 962 1697 habitabilem
1012 1655 1136 1710 fecit,
1185 1655 1297 1697 unde
1342 1654 1617 1707 Chimaeram
1667 1656 1823 1699 dicitur

110 1723 326 1766 occidisse.

229 1795 326 1836 289.
377 1806 625 1839 consonus
656 1796 733 1838 hae
764 1796 988 1852 Gorgones
1021 1796 1174 1839 Phorci
1203 1798 1317 1851 filiae
1347 1800 1435 1841 tres
1468 1799 1644 1841 fuerunt
1674 1801 1719 1841 in
1752 1814 1821 1841 ex-

109 1867 249 1907 trema
281 1864 430 1908 Africa
452 1867 580 1908 ocima
613 1866 836 1910 Atlantem
873 1870 1084 1923 montem,
1128 1883 1237 1923 quae
1281 1884 1428 1912 omnes
1473 1884 1606 1912 unum
1651 1872 1820 1912 oculum

110 1935 350 1991 habebant,
400 1951 483 1991 quo
528 1937 714 1979 invicem
756 1939 1004 1980 utebantur.
1071 1953 1250 1993 quarum
1292 1942 1465 1983 nomina
1507 1942 1605 1984 haec
1650 1942 1823 1994 fuerunt

111 2006 294 2062 Stheno,
326 2007 533 2063 Euryale,
565 2008 757 2051 Medusa.
817 2011 888 2052 sed
915 2010 1113 2062 Medusa,
1150 2015 1279 2053 erecta
1307 2012 1450 2064 favore
1481 2013 1684 2068 Neptuni,
1716 2027 1822 2055 ausa

209 2174 230 2206 8
257 2171 383 2217 omne]
410 2183 536 2218 georg.
563 2172 580 2206 I
606 2177 650 2208 87
677 2174 688 2219 ΙΙ
717 2177 759 2208 15
786 2172 983 2209 Chimaera
1008 2184 1070 2208 ore
1098 2174 1157 2209 leo
1185 2185 1215 2210 6.
1236 2186 1269 2220 q.
1292 2175 1338 2221 s.]
1366 2186 1479 2211 exscr.
1506 2176 1694 2222 mythogr.
1722 2176 1739 2211 Ι
1759 2182 1819 2221 72;

110 2218 144 2252 ΙΙ
179 2222 263 2262 131ς
303 2218 353 2253 ΠΙ
388 2223 448 2264 15,
476 2223 513 2263 53
553 2220 639 2255 isid.
668 2231 719 2255 or.
746 2220 798 2255 XI
824 2225 857 2266 3,
884 2225 928 2256 36
966 2222 977 2267 ΙΙ
1015 2225 1058 2256 21
1087 2220 1278 2268 Gorgones
1311 2234 1340 2258 e.
1368 2235 1403 2268 q.
1430 2223 1474 2269 6.]
1515 2225 1560 2259 cf.
1593 2224 1778 2271 mythogr.
1807 2227 1820 2260 1

116 2267 184 2300 130
199 2277 270 2310 sq.;
297 2266 332 2300 II
358 2270 425 2302 112
440 2279 510 2313 sq.;
536 2267 588 2303 ΙΙΙ
616 2271 671 2313 14,
700 2272 735 2312 1;
763 2268 849 2303 Isid.
877 2280 927 2304 or.
955 2268 1007 2303 XI
1033 2272 1067 2314 3,
1093 2272 1156 2314 293
1187 2281 1319 2306 comm.
1348 2271 1434 2305 Luc.
1462 2271 1512 2305 IX
1539 2275 1607 2307 626

207 2424 228 2455 3
248 2421 411 2456 ammoto
432 2420 473 2455 F
488 2422 500 2467 ΙΙ
519 2425 540 2456 4
560 2421 710 2457 hercule
724 2422 765 2457 F
780 2424 792 2469 ΙΙ
804 2426 832 2458 ’5
852 2423 976 2458 lacum
994 2424 1239 2460 Burmannus
1259 2427 1270 2471 ΙΙ
1289 2426 1504 2469 uomentem
1523 2425 1597 2461 AS
1621 2437 1820 2463 0611011161]-

110 2469 187 2503 tem
213 2468 256 2502 H
280 2468 292 2514 11
323 2478 458 2513 aquam
485 2468 526 2502 F
549 2470 561 2515 Η
591 2469 734 2505 uicinas
761 2470 933 2506 ciuitates
961 2471 1011 2505 M
1040 2473 1050 2517 Η
1083 2471 1276 2507 ciuitatem
1302 2483 1369 2507 om.
1395 2472 1440 2507 Η
1467 2474 1478 2519 ΙΙ
1511 2477 1530 2508 7
1558 2475 1720 2509 excussit
1744 2475 1790 2509 Η
1810 2475 1820 2522 ΙΙ

111 2516 150 2549 et
183 2515 236 2550 sic
264 2543 270 2550 .
294 2543 302 2550 .
323 2542 330 2548 .
356 2516 518 2562 meatus]
555 2515 688 2561 quibus
720 2517 805 2552 sicit
837 2517 947 2553 clasit
971 2520 1116 2554 meatus
1144 2518 1185 2553 F
1219 2519 1353 2565 quibus
1381 2520 1488 2555 siccis
1516 2521 1652 2557 clausit
1676 2523 1820 2558 meatus

110 2561 250 2597 Daniel
267 2563 279 2608 ΙΙ
297 2561 381 2597 idra
405 2562 441 2598 R
477 2563 584 2607 ydria
609 2564 655 2598 H
686 2565 780 2609 ydra
807 2566 856 2599 M
871 2566 883 2611 ΙΙ
912 2566 959 2601 ab
985 2576 1084 2610 aqua
1109 2566 1212 2602 dicta
1238 2567 1312 2613 est]
1339 2563 1415 2602 ἀπὸ
1442 2568 1510 2603 τοῦ
1538 2564 1676 2610 ὕδατος
1701 2569 1740 2605 id
1767 2571 1822 2605 est

112 2609 159 2644 ab
185 2620 284 2653 aqua
309 2609 412 2645 dicta
437 2611 494 2645 est
518 2610 557 2644 D
575 2613 586 2657 ΙΙ
606 2615 627 2647 8
654 2611 717 2647 ubi
744 2611 837 2647 dicit
862 2623 927 2648 om.
952 2613 1001 2647 M
1018 2614 1029 2659 ΙΙ
1049 2617 1069 2648 9
1096 2614 1343 2660 exquoquitur
1362 2614 1463 2649 HM
1479 2616 1490 2661 ΙΙ
1510 2617 1666 2652 exsudat
1690 2617 1825 2652 ΑΒΗ

111 2656 121 2703 1]
146 2657 280 2691 humor
304 2656 468 2691 RASF
492 2658 504 2704 Η
536 2661 580 2693 10
605 2670 653 2694 an
678 2659 833 2695 Daniel:
861 2660 908 2695 ab
934 2660 974 2694 F
999 2661 1010 2707 ss
1044 2664 1086 2695 11
1113 2672 1308 2705 cymaerae
1336 2661 1376 2696 F
1403 2663 1415 2709 ΙΙ
1448 2666 1491 2698 13
1518 2663 1722 2699 diriuatum
1749 2664 1790 2699 F
1814 2666 1822 2710 Η

113 2707 158 2738 14
184 2715 338 2739 onmem
364 2704 401 2739 R
410 2704 460 2739 M
495 2717 658 2741 cymam
684 2705 725 2741 F
740 2708 751 2753 ΙΙ
779 2706 909 2742 tifonis
937 2708 974 2742 et
999 2708 1128 2744 echine
1149 2708 1190 2743 F
1223 2708 1369 2744 Titonis
1396 2711 1434 2745 et
1461 2709 1658 2746 Cheldriae
1683 2712 1823 2747 Daniel

110 2751 122 2797 Η
150 2755 191 2786 15
220 2750 385 2786 chimera
410 2761 472 2786 ore
497 2751 556 2787 leo
582 2752 618 2788 R
642 2755 654 2799 ΙΙ
682 2765 836 2800 craprea
860 2754 906 2788 H
939 2765 1052 2799 capra
1072 2755 1112 2790 F
1133 2757 1145 2802 ΙΙ
1177 2760 1221 2791 16
1247 2756 1335 2802 fuit]
1364 2758 1448 2792 sunt
1468 2757 1504 2792 A
1530 2757 1616 2802 (fuit
1640 2769 1818 2803 superscr.

111 2799 169 2844 a),
206 2799 245 2833 et
269 2799 429 2834 maxime
454 2799 616 2836 Homero
642 2801 790 2837 dicente
818 2802 885 2846 (Il.
912 2801 963 2836 VI
992 2804 1071 2848 181)
1104 2800 1248 2846 πρόσθε
1276 2802 1389 2849 λέων,
1423 2801 1564 2840 ὄπιθεν
1591 2804 1632 2841 δὲ
1660 2804 1823 2851 δράκων,

111 2843 225 2890 μέσση
251 2844 293 2881 δὲ
320 2847 474 2892 χίμαιρα
500 2847 584 2882 add.
610 2848 650 2882 D
675 2849 687 2894 ll
712 2859 841 2884 seuera
867 2848 907 2883 F
929 2850 940 2895 Η
968 2848 1109 2885 siciliae
1136 2850 1177 2885 F
1210 2850 1346 2895 Lyciae
1373 2851 1581 2897 Stephanus
1606 2854 1617 2899 ΙΙ
1650 2857 1693 2888 17
1719 2855 1823 2889 iuxta

111 2903 221 2936 quem
240 2893 281 2928 F
296 2895 307 2940 ΙΙ
326 2893 450 2929 media
469 2922 477 2929 .
494 2921 524 2928 ..
546 2895 647 2941 sunt]
673 2895 798 2931 media
822 2898 946 2932 autem
971 2908 1059 2942 pars
1084 2898 1191 2933 huius
1216 2909 1358 2943 pascua
1384 2900 1500 2935 habet
1519 2899 1559 2934 F
1575 2901 1586 2947 ΙΙ
1608 2904 1650 2935 18
1677 2901 1820 2936 habun-

116 2939 207 2975 dant
232 2940 273 2975 F
294 2941 306 2987 ss
331 2941 468 2976 montis
493 2952 537 2976 eac
561 2942 706 2978 montes
732 2943 760 2978 S
785 2944 797 2990 ss
821 2943 934 2988 plena
959 2946 1045 2979 sunt
1070 2944 1111 2979 F
1126 2947 1138 2991 ΙΙ
1172 2950 1213 2980 19
1239 2945 1463 2982 bellerefons
1488 2947 1525 2981 R
1562 2948 1821 2984 bellerofontis

116 2986 204 3022 ΑΗ
229 2987 437 3024 bellerofon
459 2989 508 3022 M
523 2989 535 3034 ΙΙ
554 2989 818 3036 habitabilem]
845 2991 902 3026 sui
926 2991 1010 3027 add.
1026 2991 1129 3036 RH,
1154 2993 1250 3038 quod
1275 3004 1319 3028 ex
1345 2994 1421 3028 suis
1447 2994 1591 3030 videtur
1611 2999 1821 3041 corruptum

113 3044 184 3069 esse
203 3035 214 3081 ΙΙ
239 3035 476 3079 chymaeram
502 3036 539 3071 R
577 3047 786 3081 cymaeram
814 3037 855 3072 F
870 3039 881 3084 Η
909 3039 979 3074 hae
1004 3050 1190 3085 gorgones
1218 3068 1225 3075 .
1247 3068 1254 3074 .
1277 3067 1285 3074 .
1312 3041 1463 3076 vincula
1489 3042 1617 3077 caudis
1642 3043 1723 3078 hab.
1755 3043 1788 3075 T
1810 3042 1821 3086 Η

113 3082 155 3115 21
185 3081 375 3128 Gorgones
401 3093 466 3118 om.
494 3083 583 3117 AH
588 3084 638 3118 M
666 3085 678 3130 ΙΙ
707 3085 875 3131 fuerunt]
901 3086 1049 3121 fuerant
1074 3090 1122 3121 M
1152 3087 1268 3121 fuisse
1294 3086 1467 3123 dicuntur
1493 3088 1620 3125 FGT
1649 3091 1660 3135 Η
1690 3090 1727 3123 in
1754 3099 1819 3123 om.

114 3126 194 3163 Fa
212 3129 224 3174 ΙΙ
251 3132 295 3164 22
323 3128 458 3165 africae
485 3131 521 3165 R
540 3131 551 3176 ΙΙ
576 3131 785 3167 athlantem
812 3132 942 3167 ΒΑΗ
949 3134 996 3167 Μ
1014 3135 1028 3179 1}
1051 3134 1170 3168 omnis
1197 3133 1276 3168 FG
1301 3135 1312 3179 ΙΙ
1341 3138 1385 3169 23
1412 3134 1619 3182 habebant]
1645 3135 1820 3170 habuisse

115 3174 190 3254 ἐᾶθ’
215 3177 231 3255 l}
263 3180 314 3257 23*-
335 3177 464 3212 stheno
492 3178 589 3213 FG:
616 3178 773 3214 sthenno
799 3180 872 3214 AS
881 3180 922 3214 H
958 3181 1088 3215 stenno
1114 3181 1209 3214 ΒΜ
1220 3181 1252 3214 Τ
1281 3181 1292 3225 ΙΙ
1331 3181 1469 3217 euriale
1495 3183 1575 3217 ΕΤ
1610 3182 1757 3226 edryale
1784 3181 1825 3216 F

159 3232 218 3256 na
233 3232 253 3256 e

1489 3287 1536 3320 4212

1848 1024 1891 1054 10

1848 1381 1890 1412 15

1847 1738 1892 1769 20
