2092 3614
265 1014 308 1045 10

264 1372 307 1403 15

260 1730 306 1761 ‘20

259 2087 305 2119 25

340 249 425 292 170
1111 252 1271 288 SERVH

336 363 481 402 autem
512 360 617 403 dicit
646 361 758 404 hanc
790 362 1145 404 consuetudinem
1177 362 1402 418 antiquam
1438 363 1590 418 fuisse,
1628 363 1786 406 falsum
1818 366 1900 419 est3
1941 379 2043 407 nam

336 447 361 474 a
385 431 531 475 Numa
562 432 780 488 Pompilio
811 433 998 488 primum
1031 434 1236 476 instituta
1268 436 1344 476 est.
1395 434 1467 476 sed
1500 435 1681 477 carmini
1714 450 1810 491 suo,
1841 437 1891 477 ut
1922 435 2043 491 solet,

335 503 491 547 miscet
521 499 761 546 historiam.
821 505 1059 547 notandum
1092 520 1194 548 sane
1227 505 1484 548 inconexum
1523 521 1615 549 esse
1652 506 1767 549 hunc
1803 506 1964 562 locum,
2005 507 2042 549 si

335 575 431 630 quis
462 574 600 617 totius
626 574 729 617 libri
754 575 994 619 consideret
1018 579 1204 632 textum3
1235 591 1336 618 nam
1362 591 1495 632 supra
1523 577 1586 619 ait
1611 578 1726 633 <46>
1750 579 1906 635 longa
1925 578 2043 634 ›pla-

337 646 477 689 cidas
508 646 559 688 in
589 661 712 702 pace
744 647 976 703 regebat,
1008 648 1113 690 item
1146 648 1338 690 dicturus
1371 650 1437 689 est
1463 648 1607 703 <623>
1640 649 1785 691 ardet
1816 649 2044 693 inexcita

335 718 567 761 Ausonia
599 720 751 774 atquc
782 718 1050 761 inmobilis
1078 722 1214 774 ante,
1241 721 1284 761 et
1308 734 1423 762 nunc
1450 719 1555 762 dicit
1581 719 1689 763 ‘mos
1713 722 1806 763 erat
1831 719 2041 776 Hesperio

334 790 380 832 in
404 789 558 845 Latio’,
590 805 721 845 supra
753 790 885 832 etiam
917 789 1026 832 dixit
1052 790 1197 845 <184>
1231 790 1424 846 captivi
1457 790 1679 846 pendent
1709 806 1906 847 currus,
1937 793 2042 835 item

335 861 482 917 <426>
508 861 824 918 TyrrhenaS‚
856 862 889 917 i,
921 865 1096 904 sterne
1129 863 1277 905 acies.
1327 877 1435 919 quae
1467 877 1522 905 ne
1554 863 1641 905 sint
1671 862 1905 918 contraria,
1938 863 2043 906 acci-

333 933 502 989 piamus
534 933 709 976 Italiam
739 933 881 989 primo
913 934 1094 976 caluisse
1132 934 1276 990 bellis,
1318 934 1459 977 medio
1498 936 1692 990 tempore
1729 935 1961 990 quievisse,
2000 937 2044 978 et

334 1006 387 1047 ad
426 1005 653 1061 antiquum
694 1005 885 1047 studium
923 1020 1036 1048 nunc
1073 1006 1247 1061 reverti,
1286 1006 1397 1048 sicut
1430 1005 1617 1048 Romani
1654 1005 1769 1048 bello
1807 1006 2043 1062 flagravere

334 1077 414 1119 sub
439 1076 644 1133 Romulo,
678 1077 877 1132 quievere
903 1077 983 1119 sub
1010 1076 1173 1133 Numa,
1206 1077 1285 1120 sub
1312 1076 1437 1120 Tullo
1464 1075 1657 1120 Hostilio
1688 1077 1874 1132 pristina
1900 1078 2042 1120 studia

333 1149 636 1204 repetiverunt.
698 1147 801 1191 hinc
839 1151 904 1191 est
943 1149 1056 1204 quod
1095 1151 1139 1191 et
1174 1148 1267 1205 ipse
1299 1149 1519 1205 Vergilius
1559 1149 1620 1191 ait
1659 1149 1811 1205 ‘longa
1846 1149 2042 1205 placidas

333 1220 379 1261 in
419 1234 524 1276 pace
564 1219 779 1276 regebat'‚
822 1234 910 1262 non
953 1223 1178 1276 perpetua,
1221 1220 1327 1263 item
1365 1220 1509 1275 <693>
1549 1220 1860 1276 desuetaque
1903 1221 2040 1264 bello

334 1291 542 1348 agmina
585 1291 635 1333 in
680 1306 817 1334 arma
859 1294 1011 1334 vocat
1061 1292 1233 1334 subito
1283 1292 1577 1347 ferrumque
1620 1294 1896 1335 retractat:
1939 1307 2041 1335 nam

332 1366 567 1406 retractare
599 1365 666 1405 est
695 1365 890 1418 repetere
923 1363 1036 1418 quod
1068 1363 1290 1407 omiseras.
1350 1363 1438 1406 tale
1470 1363 1633 1419 aliquid
1666 1363 1771 1405 dicit
1802 1363 1853 1406 de
1885 1378 2041 1419 genere

334 1435 511 1478 Sullano
533 1434 782 1478 Sallustius:
813 1450 915 1477 nam
947 1435 1097 1477 volens
1130 1434 1355 1477 ostendere
1382 1435 1583 1490 antiquos
1610 1434 1796 1477 maiores
1823 1435 1913 1478 eius
1941 1450 2041 1478 con—

333 1508 498 1549 sulares
536 1506 689 1562 fuisse,
726 1506 890 1549 vicinos
928 1520 1030 1548 vero
1063 1506 1387 1562 ignavissimos,
1419 1505 1583 1549 Sullam
1617 1507 1761 1548 autem
1793 1506 2043 1548 florentissi-

331 1594 468 1635 mum,
515 1579 579 1621 ait
620 1578 785 1633 igitur
826 1577 969 1620 Sulla
1013 1577 1268 1632 patriciae
1312 1577 1486 1633 gentis
1531 1577 1651 1632 fuit,
1694 1577 1898 1620 famil-ia
1940 1577 2040 1619 iam

332 1650 564 1693 extincta
600 1650 850 1692 maiorum
889 1649 1114 1705 ignavia.
1237 1661 1364 1700 QVEM
1395 1660 1626 1692 PROTINVS
1657 1648 1833 1704 iugiter,
1871 1649 2040 1691 deinde:

331 1737 432 1764 nam
468 1735 583 1763 nunc
620 1720 830 1777 temporis
869 1722 936 1762 est
974 1719 1242 1776 adverbium,
1284 1720 1390 1762 alibi
1427 1719 1529 1774 loci,
1567 1723 1615 1763 ut
1651 1719 1745 1774 <III
1776 1720 1892 1775 416>
1931 1735 2040 1763 cum

330 1793 570 1849 protinus
602 1788 822 1848 utraque
854 1791 1012 1834 tellus
1045 1806 1143 1833 una
1174 1791 1324 1834 foret.

450 1865 549 1907 602.
598 1875 784 1906 MAXIMA
815 1875 976 1905 RERVM
1007 1874 1137 1905 ROMA
1169 1862 1338 1917 imperii
1369 1862 1522 1917 potita.

451 1936 549 1979 603.
598 1933 792 1979 MoVENT
831 1947 881 1977 m
918 1946 1119 1977 PROELIA
1156 1945 1351 1975 MARTEM
1387 1948 1491 1976 nam
1527 1934 1660 1976 moris
1698 1933 1840 1976 fuerat
1875 1933 2038 1976 indicto

330 2008 445 2050 bello
477 2008 523 2050 in
546 1991 700 2049 Martis
727 2006 916 2049 sacrario
949 2005 1107 2048 ancilia
1139 2020 1427 2061 commovere,
1458 2005 1569 2047 unde
1602 2008 1667 2047 est
1698 2005 1745 2047 in
1777 2007 1928 2048 octavo
1955 2005 2039 2060 <3>

330 2082 485 2135 utque
517 2078 710 2134 inpulit
742 2093 892 2121 arma.
1011 2075 1015 2078 ’

450 2150 549 2193 604.
597 2161 913 2193 LACRIMABIIJE
958 2161 1149 2192 BELLVM
1193 2145 1481 2205 πολύδακρυν
1519 2145 1648 2205 ἄρηα.
1698 2147 1904 2191 Getarum
1946 2148 2040 2190 fera

427 2319 470 2351 15
496 2316 700 2351 retractare
720 2343 728 2350 .
744 2344 752 2351 .
768 2343 776 2351 .
798 2314 992 2361 omiseras]
1019 2326 1131 2350 exscr.
1152 2313 1239 2349 Isid.
1261 2325 1311 2349 or.
1332 2313 1364 2348 X
1385 2317 1453 2348 235
1472 2314 1485 2358 ΙΙ
1506 2317 1548 2348 16
1570 2312 1785 2359 Sallustius]
1807 2313 1886 2358 lug.
1908 2316 1964 2357 95,
1985 2317 2006 2348 3
2026 2312 2038 2359 Η

333 2368 376 2399 19
402 2376 573 2399 ι’ΒοΤῙΝνε
599 2362 752 2409 iugiter]
782 2362 826 2398 cf.
853 2362 950 2398 Non.
975 2374 1010 2408 p.
1040 2366 1120 2407 376,
1141 2366 1186 2398 25
1211 2363 1223 2407 ΙΙ
1251 2366 1295 2397 26
1322 2358 1578 2407 πολύδακρυν]
1608 2361 1713 2396 Hom.
1741 2361 1781 2396 Il.
1807 2360 1860 2401 ΙΙΙ
1888 2365 1954 2395 132

426 2522 446 2553 2
474 2530 496 2554 a
520 2528 634 2553 numa
658 2518 821 2553 radendo
846 2518 961 2553 deleta
984 2518 1027 2552 in
1051 2517 1080 2553 S
1110 2519 1122 2563 ΙΙ
1152 2517 1331 2563 primum]
1358 2515 1477 2561 primo
1503 2516 1600 2557 RH,
1625 2526 1691 2551 om.
1718 2515 1791 2551 AS
1820 2516 1832 2560 ΙΙ
1862 2519 1884 2550 3
1908 2515 2036 2550 incon-

330 2567 475 2601 mctum
500 2566 535 2600 L
554 2567 566 2611 ΙΙ
585 2565 682 2601 sicut
706 2565 741 2600 L
768 2565 814 2610 (si
840 2565 922 2610 quis
948 2566 973 2607 l)
992 2567 1005 2610 ΙΙ
1035 2570 1055 2600 5
1082 2564 1154 2600 iter
1180 2565 1220 2600 F
1235 2566 1247 2610 ΙΙ
1266 2564 1373 2599 ardet
1397 2575 1463 2599 om.
1491 2564 1564 2598 AS
1581 2565 1593 2608 ΙΙ
1618 2562 1760 2598 inexita
1785 2563 1824 2597 F
1840 2563 1852 2607 ΙΙ
1884 2566 1909 2598 6
1931 2562 2035 2608 ante]

331 2614 371 2648 et
395 2614 482 2648 ante
502 2613 530 2648 S
548 2615 560 2659 ΙΙ
577 2613 677 2660 mos]
703 2614 792 2648 dum
818 2624 899 2648 mos
920 2613 969 2647 M
985 2614 997 2658 ΙΙ
1018 2617 1036 2648 7
1064 2612 1159 2647 dixit
1183 2623 1249 2648 om.
1265 2612 1350 2646 LH
1364 2612 1376 2656 ΙΙ
1395 2611 1466 2646 iter
1485 2611 1526 2645 F
1541 2613 1553 2655 ΙΙ
1573 2616 1593 2646 8
1613 2610 1626 2644 i
1645 2622 1711 2645 om.
1725 2610 1814 2644 ΑΗ
1818 2609 1859 2644 F
1878 2609 1976 2653 (add.
1996 2612 2036 2652 a)
2070 2615 2073 2618 “

329 2660 342 2707 ΙΙ
366 2661 574 2696 contrariae
600 2661 672 2695 AS
697 2662 803 2706 (corr.
830 2662 867 2706 a)
886 2661 899 2705 ΙΙ
926 2660 1129 2705 accipimus
1154 2660 1189 2694 L
1216 2659 1458 2705 (accipiamus
1485 2659 1511 2704 Z)
1549 2657 1778 2703 accipiamur
1803 2657 1843 2692 F
1857 2659 1870 2702 ΙΙ
1899 2661 1944 2692 10
1969 2657 2034 2702 ad]

330 2708 428 2743 adad
453 2707 507 2751 A,
533 2719 599 2743 om.
620 2708 654 2742 L
680 2708 779 2751 (add.
806 2708 833 2752 Z)
858 2709 870 2753 ΙΙ
904 2711 945 2742 11
972 2708 1115 2743 romolo
1141 2707 1175 2741 L
1200 2709 1212 2752 ΙΙ
1243 2706 1351 2742 tullio
1378 2706 1515 2741 RLM
1537 2707 1550 2751 ss
1582 2709 1625 2740 12
1651 2704 1867 2750 petiuerunt
1893 2704 1933 2738 F
1954 2705 1965 2750 ΙΙ
1993 2708 2035 2739 13

330 2755 439 2801 pace]
466 2758 491 2800 p*
516 2755 553 2789 R
588 2758 696 2799 parte
723 2754 764 2788 F
784 2755 796 2799 ΙΙ
826 2757 1006 2800 perpetue
1033 2755 1061 2790 S
1090 2757 1102 2799 ΙΙ
1136 2759 1178 2789 14
1205 2755 1391 2789 detractat
1416 2753 1450 2787 L
1477 2754 1582 2797 (corr.
1609 2754 1635 2797 l)
1666 2754 1683 2833 q
1712 2755 1754 2787 15
1781 2751 1957 2787 omiseras
1981 2751 2035 2786 F:

331 2803 509 2838 omiserat
533 2802 676 2846 reliqui.
716 2802 895 2837 omiseras
922 2803 1094 2837 Isidorus
1112 2803 1123 2848 ΙΙ
1145 2806 1188 2836 16
1215 2801 1359 2846 syllano
1380 2801 1452 2836 AS
1459 2801 1544 2836 RH
1552 2801 1602 2835 M
1638 2800 1668 2834 si
1686 2799 1771 2834 lano
1791 2798 1874 2833 LF
1889 2799 1900 2844 ΙΙ
1919 2798 2036 2833 maio-

330 2861 388 2885 res
414 2850 493 2884 eius
519 2849 692 2893 antiquos
717 2848 831 2884 fuisse
851 2845 1064 2884 conefflares
1083 2849 1156 2884 AS
1163 2849 1199 2884 R
1207 2849 1247 2884 F
1263 2851 1274 2894 ΙΙ
1297 2853 1337 2884 17
1359 2847 1638 2893 ingrauissimos
1658 2847 1702 2882 H
1715 2847 1728 2891 ΙΙ
1749 2846 1890 2882 Sullam
1909 2847 2034 2881 autem

330 2896 631 2932 florentissimum
659 2907 726 2931 om.
751 2895 838 2930 LH
843 2896 891 2930 M
921 2897 1020 2940 (add.
1047 2897 1114 2940 lm)
1153 2898 1165 2941 ΙΙ
1202 2896 1336 2940 syllam
1362 2895 1524 2930 ASRF
1558 2895 1682 2930 sillam
1708 2895 1721 2929 Ζ
1757 2893 1932 2928 sillanum
1958 2904 1992 2927 m
2023 2893 2035 2937 Η

332 2945 473 2990 autem]
503 2955 590 2979 uero
616 2955 650 2978 m
668 2945 680 2990 Η
713 2947 757 2979 18
783 2943 880 2988 sylla
905 2942 1123 2978 ASRHM
1158 2943 1243 2978 silla
1268 2943 1378 2988 LFn
1402 2942 1586 2989 familiam
1610 2942 1646 2977 R
1665 2943 1678 2986 ΙΙ
1702 2941 1792 2987 iam]
1820 2951 1935 2985 prope
1962 2939 2003 2974 F
2022 2941 2034 2986 [Ι

334 2997 376 3028 19
402 2992 605 3027 extinctam
625 2991 740 3026 AsR
767 2992 872 3033 (corr.
894 2992 930 3035 a)
950 2991 962 3035 ss
981 2990 1121 3034 argiter
1146 2990 1187 3024 H
1204 2992 1216 3035 ΙΙ
1236 2995 1278 3025 21
1306 2992 1350 3025 ut
1374 3001 1527 3034 samque
1548 2990 1584 3023 A
1611 2990 1781 3033 (utraque
1807 2990 1844 3031 a)
1863 2988 1875 3033 Η
1894 2991 1938 3022 22
1964 2986 2034 3021 im-

330 3039 434 3085 perio
460 3039 496 3073 R
521 3040 532 3085 ΙΙ
562 3037 685 3084 petita
708 3039 753 3073 H
776 3039 789 3083 ΙΙ
820 3042 864 3073 23
890 3050 994 3072 mum
1019 3037 1055 3072 R
1080 3038 1091 3083 ΙΙ
1123 3038 1224 3083 nam]
1252 3037 1341 3082 quia
1365 3037 1484 3071 ASF
1504 3038 1517 3080 ss
1548 3040 1593 3070 24
1618 3035 1771 3070 ancillia
1795 3034 1831 3068 L
1850 3035 1862 3080 ΙΙ
1889 3033 2033 3069 moueri

331 3086 495 3123 ASRF
509 3087 522 3132 11
542 3086 691 3132 octavo]
717 3097 816 3121 nono
841 3085 878 3120 R
914 3097 1007 3121 v1111.
1027 3084 1114 3119 LH
1127 3086 1138 3128 ΙΙ
1158 3087 1202 3119 25
1229 3088 1367 3128 utquae
1391 3095 1437 3126 ue
1462 3082 1615 3127 impulit
1638 3082 1687 3124 A,
1713 3081 1818 3116 euius
1842 3082 2034 3126 quaternio

330 3147 457 3170 xxxm.
483 3134 525 3169 in
548 3134 606 3168 his
629 3134 747 3168 verbis
771 3133 915 3169 desinit.
965 3132 1156 3178 quaternio
1180 3145 1322 3173 xxxxv„
1353 3131 1418 3175 qui
1449 3131 1578 3164 habuit
1602 3129 1897 3164 commentarium
1921 3139 2034 3174 usque

331 3183 380 3217 ad
407 3182 517 3227 ‘quia
535 3181 658 3226 primo
684 3192 817 3225 aquam
842 3180 948 3224 ferit'
977 3179 1077 3225 (V111
1103 3180 1181 3224 23),
1206 3179 1359 3214 interiit.
1398 3178 1410 3223 ΙΙ
1447 3181 1491 3212 26
1522 3187 1784 3211 ηοΛΥΔαΚΥΡΝοι
1808 3187 1871 3211 rea
1895 3176 1944 3219 F,
1969 3176 2034 3221 qui

330 3241 427 3266 unus
452 3230 537 3265 haec
561 3228 668 3264 verba
688 3229 837 3273 praebet
861 3229 874 3273 ΙΙ
901 3227 978 3263 fere
998 3226 1039 3262 ‘R
1362 3235 1364 3237 ·
