2092 3614
294 682 314 713 5

272 1038 315 1069 10

274 1394 316 1425 15

272 1750 318 1781 20

340 280 361 321 1
368 281 425 322 92
440 288 442 290 ’
1109 277 1272 314 SERVII

337 391 487 444 pentes
521 390 740 444 angerent.
792 388 846 430 ab
878 388 947 430 his
979 402 1092 430 nunc
1117 387 1384 429 Vmbronem
1416 386 1584 429 venisse
1617 386 1737 442 dicit,
1769 400 1857 428 non
1888 400 2046 442 regem,

339 459 412 501 sed
445 459 608 502 ducem.
658 462 759 502 sunt
790 460 934 501 autem
969 458 1043 500 isti
1075 457 1318 501 Marsorum
1349 458 1510 516 populi.

460 530 556 572 751.
605 541 793 573 FRONDE
816 541 964 573 SVPER
983 541 1172 572 GALEAM
1191 542 1251 571 ΕΤ
1272 540 1428 571 FELICI
1449 540 1660 572 COMPTvs
1682 540 1824 571 OLIVA
1850 530 2046 583 comptus

341 601 568 644 frondibus
599 601 736 643 festae
771 601 920 643 olivae.

462 672 811 719 753.,v11›1‹:RE0
850 683 1027 714 GENERI
1064 673 1248 714 terrenis
1288 672 1571 727 serpentibus.
1692 682 1929 713 GRAVITER
1961 681 2047 713 SPI-

338 755 571 786 RANTIBVS
596 755 768 786 HYDRIS
801 757 938 798 aquae
971 743 1254 797 serpentibus.
1305 741 1539 798 ‘graviter'
1567 744 1710 785 autem
1739 740 2047 797 ‘spirantibus'

340 817 432 858 solo
465 815 721 859 nocentibus
753 815 877 856 flatu:
908 814 1108 856 Lucanus
1135 813 1225 867 <IX
1253 813 1367 868 725>
1401 815 1516 855 ante
1549 827 1745 856 venena
1775 827 1979 855 nocens.

336 897 578 929 SPARGERE
612 886 837 940 conficere,
870 887 919 927 ut
950 887 1000 926 et
1031 899 1273 941 spargere
1307 899 1501 927 venena
1533 884 1837 926 didicerunt.

460 957 558 999 755.
602 968 725 998 ARTE
744 968 958 999 LEVABAT
978 955 1161 998 leviores
1182 970 1275 998 esse
1295 955 1493 1010 faciebat,
1518 957 1568 996 ut
1588 954 1637 1010 <I
1658 954 1773 1009 330>
1794 955 2052 996 nostrum-

342 1043 435 1084 que
467 1029 606 1070 leves
638 1041 985 1082 quaecumque
1017 1027 1256 1068 laborem.

462 1099 558 1141 756.
608 1110 833 1141 MEDIGARI
875 1109 1086 1141 ovsmms
1127 1108 1275 1139 Ic'rviu
1319 1096 1530 1139 ‘medicor
1567 1097 1686 1138 illam
1723 1096 1836 1138 rem'
1879 1098 1922 1138 et
1963 1095 2048 1138 ‘illi

340 1170 438 1222 rei',
471 1170 584 1212 sicut
615 1169 823 1228 modulor.

465 1242 562 1284 760.
612 1253 796 1292 movnn
827 1252 1041 1283 FLEVERE
1074 1251 1218 1283 Lons
1252 1240 1385 1282 etiam
1417 1239 1504 1300 alii.

463 1313 561 1355 761.
609 1325 716 1355 IBAT
748 1325 806 1355 ET
838 1323 1095 1355 HIPPOLYTI
1127 1323 1303 1354 PROLEs
1330 1318 1664 1354 PVLCHERRIMA
1689 1321 1839 1352 BELLo
1866 1321 2049 1352 vmssivs

344 1384 538 1427 Theseus
577 1386 749 1427 mortua
786 1382 1022 1438 Hippolyte
1054 1382 1315 1438 Phaedram,
1352 1381 1510 1424 Minois
1550 1383 1593 1423 et
1622 1380 1865 1436 Pasiphaae
1902 1381 2051 1436 filiam,

344 1454 595 1510 superduxit
620 1454 874 1509 Hippolyto.
922 1453 995 1509 qui
1021 1468 1118 1495 cum
1149 1453 1273 1495 illam
1306 1453 1357 1494 de
1390 1455 1541 1508 stupro
1572 1452 1918 1507 interpellantem
1952 1466 2051 1494 con-

342 1526 612 1582 tempsisset,
651 1525 761 1567 falso
801 1524 968 1566 delatus
1009 1524 1062 1566 ad
1094 1526 1262 1579 patrem
1295 1526 1377 1578 est,
1416 1523 1530 1579 quod
1563 1523 1599 1565 ei
1633 1523 1722 1565 vim
1754 1523 1961 1565 voluisset
1990 1523 2051 1564 in-

343 1597 466 1640 ferre.
523 1597 602 1639 -ille
633 1595 828 1652 Aegeum
860 1598 1028 1650 patrem
1059 1595 1233 1651 rogavit
1264 1597 1312 1637 ut
1344 1609 1388 1637 se
1420 1594 1713 1637 ulcisceretur.
1760 1593 1834 1649 qui
1865 1593 2052 1649 agitanti

344 1683 492 1711 currus
534 1667 779 1723 Hippolyto
820 1667 988 1708 inmisit
1027 1665 1189 1722 focam,
1230 1681 1315 1722 qua
1356 1666 1455 1721 equi
1496 1665 1638 1707 territi
1679 1680 1775 1707 eum
1816 1666 2052 1706 traxerunt.

343 1742 447 1782 tunc
485 1739 626 1781 Diana
671 1738 761 1780 eius
806 1738 1006 1780 castitate
1051 1727 1269 1780 commota
1311 1738 1530 1780 revocavit
1573 1751 1671 1778 eum
1713 1736 1757 1778 in
1801 1736 1935 1778 vitam
1976 1749 2059 1790 per-

344 1810 669 1866 Aesculapium,
706 1810 843 1851 filium
875 1808 1094 1864 Apollinis
1128 1811 1171 1851 et
1202 1807 1448 1863 Coronidis,
1486 1808 1559 1863 qui
1596 1810 1725 1849 natus
1759 1808 1851 1849 erat
1882 1808 2051 1848 exsecto

345 1882 498 1925 matris
524 1884 692 1936 ventre,
718 1880 814 1922 ideo
842 1879 974 1935 quod,
1000 1894 1095 1922 cum
1119 1880 1279 1935 Apollo
1307 1880 1498 1922 audisset
1524 1894 1549 1921 a
1575 1893 1722 1933 corvo,
1749 1878 1838 1919 eius
1865 1877 2053 1931 custode,

345 1969 439 1996 eam
481 1952 741 1995 adulterium
782 1952 1070 2007 committere,
1113 1952 1250 1994 iratus
1289 1950 1547 1994 Coronidem
1589 1952 1758 1992 maturo
1799 1949 1884 1991 iam
1924 1951 2052 2003 partu

345 2025 522 2068 confixit
554 2023 728 2079 sagittis
759 2047 808 2052 —
838 2037 1014 2065 corvum
1047 2037 1147 2066 vero
1179 2024 1351 2086 nigpum
1381 2022 1487 2064 fecit
1518 2037 1569 2063 ex
1600 2021 1699 2063 albo
1729 2044 1778 2049 —
1810 2022 1853 2061 et
1881 2021 2051 2061 exsecto

276 2109 307 2138 ιε’
347 2098 496 2138 ventre
523 2093 751 2137 Coronidis
777 2094 981 2149 produxit
1005 2093 1069 2136 ita
1091 2093 1416 2149 Aesculapium,
1448 2093 1521 2148 qui
1552 2092 1693 2134 factus
1726 2092 1792 2132 est
1817 2090 2052 2132 medicinae

347 2167 524 2222 peritus.
573 2165 688 2208 hunc
720 2168 873 2221 postea
897 2165 1092 2220 Iuppiter
1122 2166 1299 2219 propter
1330 2165 1578 2206 revocatum
1604 2162 1890 2217 Hippolytum
1922 2161 2052 2203 inter-

347 2238 469 2280 emit:
513 2237 623 2278 unde
662 2236 822 2291 Apollo
860 2235 997 2278 iratus
1036 2234 1246 2290 Cyclopas
1284 2234 1568 2276 fabricatores
1613 2233 1840 2274 fulminum
1878 2231 2054 2274 confixit

348 2308 539 2364 sagittis:
572 2308 627 2350 ob
660 2322 788 2362 quam
819 2321 910 2349 rem
937 2321 962 2348 a
986 2306 1088 2349 Iove
1119 2306 1260 2348 iussus
1293 2308 1359 2347 est
1384 2304 1560 2346 Admeti
1591 2304 1706 2359 regis
1739 2318 1894 2345 novem
1927 2302 2051 2345 annis

443 2451 465 2483 8
492 2448 531 2483 et
555 2445 746 2492 spargere]
773 2446 847 2482 Cic.
873 2447 912 2482 in
938 2443 1020 2482 Cats
1043 2447 1076 2481 II
1104 2450 1158 2490 10,
1179 2447 1255 2493 2311
1285 2449 1327 2480 15
1355 2446 1519 2480 Theseus
1545 2455 1575 2480 e.
1597 2456 1631 2489 q.
1653 2443 1697 2490 s.]
1726 2454 1839 2480 exscr.
1867 2442 2052 2488 mythogr.

348 2496 365 2530 I
390 2500 447 2540 46,
474 2495 509 2530 II
536 2498 614 2531 128.
653 2495 699 2531 cf.
724 2493 828 2530 Luct.
854 2493 1031 2545 Flac-ad
1058 2488 1151 2530 Stat.
1180 2493 1294 2529 Theb.
1321 2492 1373 2528 111
1399 2496 1467 2528 506
1494 2493 1533 2528 et
1557 2492 1588 2527 V
1615 2495 1685 2526 444

802 2600 817 2617 B

447 2630 465 2660 1
491 2624 664 2671 ingerent
689 2624 730 2660 F
764 2625 988 2670 angerentur
1011 2623 1295 2670 mythoqraphus
1313 2624 1325 2669 [l
1343 2626 1366 2657 4
1390 2621 1526 2667 festae]
1554 2621 1674 2656 sertae
1698 2619 1744 2654 H
1758 2620 1769 2666 ΙΙ
1789 2624 1809 2655 6
1835 2631 1963 2654 uvnms
1983 2648 1990 2655 .
2014 2647 2021 2654 .
2042 2646 2050 2654 .

350 2673 574 2720 spirantibus
600 2683 667 2708 om.
686 2672 721 2706 L
746 2673 844 2718 (add.
868 2673 893 2717 l)
913 2673 925 2718 ss
942 2683 1061 2706 nmms
1087 2671 1124 2706 R
1159 2683 1264 2705 rmus
1291 2671 1333 2716 ll]
1352 2669 1587 2714 sperantibus
1607 2668 1648 2702 Η
1683 2666 1948 2711 inspirantibus
1970 2667 2018 2701 M
2049 2667 2052 2711 Ι

351 2726 370 2757 7
397 2731 532 2756 nocens
558 2719 647 2755 SR:
674 2721 811 2754 nocent
835 2720 967 2764 reliqui
986 2720 997 2765 ΙΙ
1026 2723 1046 2754 8
1073 2720 1111 2754 et
1135 2729 1201 2754 om.
1229 2717 1298 2753 SR
1317 2721 1328 2762 ΙΙ
1362 2721 1405 2751 10
1431 2717 1655 2761 quicumque
1681 2714 1709 2749 S
1718 2715 1765 2749 M
1772 2715 1784 2749 l
1822 2713 1957 2758 quique
1983 2714 2017 2748 L
2050 2714 2053 2760 Ι

352 2772 393 2803 11
421 2767 542 2813 illam]
567 2766 636 2801 illa
659 2766 695 2800 L
714 2767 726 2812 ΙΙ
759 2770 801 2801 12
827 2766 997 2801 modulor
1023 2766 1120 2802 libri.
1161 2767 1199 2800 et
1222 2765 1395 2800 moderor
1420 2770 1458 2798 et
1483 2762 1641 2798 comitor
1667 2762 1752 2797 add.
1778 2761 1816 2795 D
1835 2762 1847 2807 ΙΙ
1878 2765 1919 2796 13
1945 2761 2051 2796 schol.

350 2816 399 2851 ad
423 2826 455 2850 v.
484 2818 552 2850 760
578 2825 644 2849 om.
664 2813 699 2848 L
718 2815 729 2860 ΙΙ
748 2813 866 2848 atiam
892 2813 935 2847 H
949 2814 962 2858 ΙΙ
981 2812 1064 2859 alii]
1091 2814 1226 2848 scilieet
1247 2815 1393 2857 praeter
1418 2811 1638 2855 Fucinum]
1668 2812 1709 2843 15
1736 2808 1900 2854 mortua]
1929 2808 2053 2853 priore

348 2873 461 2898 uxore
487 2862 572 2897 add.
591 2861 630 2896 D
648 2862 660 2908 11
679 2861 804 2906 ippole
829 2860 866 2894 R
902 2860 1040 2905 yppole
1066 2860 1159 2894 LM
1193 2859 1303 2905 ypole
1328 2859 1370 2893 H
1388 2860 1399 2905 ΙΙ
1417 2858 1591 2904 passiphe
1618 2856 1655 2891 R
1692 2856 1890 2901 passiphae
1915 2856 1950 2890 L
1985 2866 2050 2900 pa-

349 2910 442 2945 sifae
469 2908 567 2943 HM
597 2908 726 2954 pasipe
753 2907 792 2942 F
807 2908 819 2954 ΙΙ
846 2911 889 2942 1·6
916 2906 1151 2953 superduxit]
1177 2918 1377 2942 nouercam
1403 2907 1488 2942 add.
1507 2906 1547 2940 D
1565 2906 1577 2951 ll
1596 2904 1642 2938 de
1668 2906 1796 2948 stupro
1821 2903 1927 2937 illam
1952 2901 2022 2938 SR
2040 2902 2051 2948 ΙΙ

349 2956 650 3001 contempsisset]
682 2954 882 3001 spreuisset
906 2954 941 2988 L
978 2953 1109 2989 siesset
1134 2954 1179 2988 H
1193 2955 1204 3000 ΙΙ
1237 2958 1277 2989 17
1306 2953 1452 2988 delatus
1479 2954 1536 2988 est
1561 2952 1608 2987 ad
1633 2953 1778 2996 patrem
1804 2950 1840 2984 R
1859 2951 1870 2996 ΙΙ
1900 2953 1943 2985 18
1968 2949 2050 2995 ille]

349 3006 421 3039 hoc
446 3004 503 3039 est
527 3004 678 3038 theseus
704 3003 789 3038 add.
805 3001 885 3045 SR,
911 3000 977 3036 sed
1000 3002 1150 3036 theseus
1176 3002 1261 3037 add.
1279 3001 1319 3035 F
1335 3002 1347 3045 ΙΙ
1365 2999 1548 3046 Aegeum]
1577 2998 1791 3043 Neptunum
1815 2997 2022 3031 Masvicius
2041 2997 2050 3042 Η

350 3051 519 3097 agitante
544 3050 589 3085 H
611 3051 624 3097 ΙΙ
657 3054 698 3085 19
726 3061 872 3085 currum
901 3049 949 3083 M
974 3049 985 3094 ΙΙ
1015 3047 1239 3094 Hippolyto]
1265 3048 1303 3082 in
1329 3048 1438 3082 litore
1464 3047 1548 3082 add.
1575 3045 1632 3080 Fl
1657 3046 1671 3089 11
1700 3044 1838 3090 focam]
1865 3043 1988 3078 focam
2013 3043 2051 3078 in

350 3099 460 3134 litore
486 3097 557 3133 SR
582 3102 615 3133 et
638 3097 893 3143 mythoqraphi
916 3096 955 3131 in
980 3095 1088 3130 litore
1112 3095 1234 3130 focam
1259 3106 1294 3128 m
1330 3095 1342 3138 ΙΙ
1378 3094 1630 3129 distraxerunt
1655 3091 1695 3126 F
1723 3095 1755 3127 et
1779 3091 1954 3135 mythoqr.
1982 3091 2010 3126 I
2039 3090 2051 3137 Η

351 3150 396 3182 20
421 3145 577 3182 caritate
603 3144 643 3179 F
659 3146 671 3191 ΙΙ
689 3144 727 3179 in
751 3144 887 3190 vitam]
914 3154 978 3179 om.
999 3142 1054 3186 R,
1079 3142 1126 3177 ab
1150 3141 1280 3176 inferis
1299 3141 1338 3175 D
1357 3142 1368 3186 ΙΙ
1388 3145 1430 3175 21
1458 3141 1559 3175 secto
1579 3138 1615 3173 R
1653 3139 1781 3173 exocto
1803 3137 1843 3172 F
1859 3139 1870 3185 ΙΙ
1889 3141 1934 3172 25
1960 3136 2051 3173 artis

350 3192 558 3229 medicinae
583 3192 667 3227 RH
686 3193 698 3238 ΙΙ
726 3195 771 3227 26
796 3190 1003 3235 interemit]
1028 3190 1076 3225 ab
1100 3188 1227 3224 inferis
1253 3188 1407 3223 fulmine
1434 3184 1594 3232 peremit
1619 3185 1685 3231 Fu
1716 3190 1759 3221 27
1785 3184 1952 3220 fulminis
1977 3184 2018 3219 F
2038 3183 2051 3231 ΙΙ

351 3241 518 3287 confixit]
545 3239 695 3275 amrixit
720 3239 760 3273 F
774 3241 786 3284 u
811 3242 856 3274 28
882 3251 948 3274 v111
974 3236 1014 3272 F
