2092 3614
254 0 636 29 'WY’WRF‘YEV'quss
698 12 701 13 ν
979 0 986 2 “

508 280 659 316 COMM.
685 281 739 316 IN
762 280 905 317 VERG.
933 280 1045 316 AEN.
1073 281 1158 316 vm
1185 285 1383 318 349—363.
1702 282 1789 325 253

78 388 173 430 exul
201 389 328 445 venit,
365 389 412 431 in
442 390 621 442 pecunia
657 390 761 432 eius.
774 404 825 432 ex
854 404 940 432 una
963 394 1087 444 parte
1117 391 1221 433 Iani
1250 395 1390 444 caput,
1430 405 1478 433 ecc
1509 392 1640 434 altera
1670 393 1791 434 navis

76 459 242 513 siynata
273 463 340 502 est.

197 529 295 573 359.
344 547 471 574 morzs
501 531 670 573 dubium
700 536 773 587 est,
804 546 950 575 nomen
981 533 1038 575 sit
1068 532 1240 585 edictis'‚
1271 547 1328 575 an
1354 535 1636 587 participium.

149 604 154 607 '
196 602 295 643 360.
345 613 606 652 PASSIMQVE
643 615 868 645 ARMENTA
905 616 1144 647 VIDEBANT
1184 619 1293 660 quae
1331 607 1432 660 post
1468 608 1651 647 mortem
1687 604 1790 648 Caci

77 673 241 728 passim
271 673 393 715 nullo
426 674 581 715 timore
613 675 897 730 vagabantur.

196 745 294 786 361.
345 756 636 796 ROMANOQVE
667 758 792 789 FORO
824 746 1068 789 Romanum
1101 748 1242 790 forum
1282 750 1346 789 est
1386 748 1459 789 ubi
1498 762 1610 789 nunc
1648 750 1790 790 rostra

77 818 188 858 sunt.
229 817 310 858 vsed
337 819 375 858 et
403 815 469 857 hic
491 817 708 870 prolepsin
735 818 854 870 fecit:
885 832 986 860 nam
1008 822 1152 873 postea
1183 819 1242 861 sie
1272 819 1425 860 dictum
1455 823 1524 861 est.
1621 830 1788 861 LAVTIS

76 898 256 930 MVGIRE
290 897 475 929 CARINIS
517 887 689 930 carinae
727 892 828 930 sunt
865 890 1059 932 aedificia
1096 890 1212 932 facta
1249 891 1291 931 in
1327 891 1570 932 carinarum
1602 890 1789 942 modum,

78 973 187 1014 quae
220 961 344 1001 erant
375 959 488 1000 circa
519 960 727 1014 templum
758 960 960 1004 Telluris.
1010 963 1154 1004 lautas
1188 965 1334 1004 autem
1366 961 1475 1003 dixit
1507 964 1583 1003 aut
1613 964 1790 1016 propter

21 1039 28 1045 “
78 1030 340 1085 elegantiam
378 1030 687 1087 aedificiorum,
732 1035 808 1074 aut
844 1036 1022 1088 propter
1059 1034 1326 1089 Augustum,
1364 1034 1437 1088 qui
1475 1035 1603 1075 natus
1642 1036 1708 1075 est
1744 1034 1789 1075 in

76 1101 205 1143 curiis
237 1102 456 1144 veteribus
489 1104 533 1143 et
558 1103 748 1144 nutritus
774 1104 818 1145 in
844 1104 972 1146 lautis
999 1105 1170 1146 carinis.
1213 1105 1292 1146 alii
1316 1106 1459 1146 dicunt
1481 1105 1649 1146 carinas
1674 1118 1787 1146 mon-

78 1176 156 1214 tem
191 1174 469 1227 nominatum,
532 1178 612 1215 uod
648 1188 746 1228 ayer
781 1175 1041 1218 suburbanus
1078 1179 1173 1217 ante
1207 1179 1354 1229 portas
1393 1190 1515 1218 carus
1551 1179 1651 1218 erat.
1712 1177 1790 1218 alii

79 1244 195 1286 lauta
227 1245 313 1286 loca
344 1245 585 1299 leyatorurn„
616 1260 720 1299 quae
750 1247 798 1288 in
827 1261 875 1288 ea
905 1249 1065 1301 reyione
1095 1249 1296 1290 instructa
1327 1249 1505 1302 accipere
1535 1251 1788 1290 consuerant.

75 1317 154 1358 alii
178 1317 287 1370 quod
309 1317 368 1358 ibi
392 1316 542 1359 Sabini
565 1318 718 1360 nobiles
743 1319 1034 1374 habitaverint,
1065 1333 1240 1373 quorum
1260 1333 1389 1374 yenus
1412 1320 1594 1361 invidere
1618 1322 1655 1360 et
1685 1320 1789 1360 cari-

74 1401 178 1429 nare
206 1387 366 1430 solebat.
416 1390 607 1430 carinare
631 1393 773 1447 autem
792 1393 849 1432 est
874 1391 1113 1432 obtrectare:
1145 1390 1317 1433 Ennius
1348 1394 1519 1432 contra
1550 1391 1692 1431 carin
1700 1404 1787 1432 an-

76 1462 144 1500 tes
179 1459 325 1500 verba
362 1463 510 1513 atque
546 1460 748 1503 obscena
777 1462 1032 1515 profatus,
1069 1463 1171 1504 alibi
1207 1476 1357 1516 neque
1393 1476 1462 1504 me
1497 1462 1630 1503 decet
1665 1461 1789 1503 hanc

74 1530 428 1573 carinantibus
459 1532 594 1573 edere
624 1532 824 1575 chartis.
879 1534 958 1575 alii
987 1533 1094 1587 quod
1124 1534 1308 1575 Romani
1338 1533 1508 1576 Sabinis
1538 1533 1789 1575 instantibus

72 1602 284 1658 fugientes,
309 1603 518 1656 eruptione
543 1617 674 1657 aquae
696 1604 892 1657 ferventis
916 1609 955 1646 et
971 1606 1053 1659 ipsi
1072 1605 1234 1647 liberati
1258 1609 1296 1647 et
1318 1605 1448 1647 hostes
1473 1605 1524 1646 ab
1542 1605 1787 1657 insequendo

73 1674 247 1726 repressi
285 1671 399 1730 (sint.
454 1674 547 1732 aut)
588 1677 688 1729 quia
727 1676 864 1718 calida
903 1690 1013 1730 aqua
1055 1677 1245 1719 lavandis
1284 1678 1519 1719 vulneribus
1555 1680 1656 1730 apta
1693 1677 1787 1730 fuit,

76 1744 185 1786 locus
216 1744 400 1787 lautulus
430 1747 662 1800 cancellatus
692 1751 759 1790 est.

193 1816 293 1858 363.
350 1833 479 1860 meroe
509 1835 674 1861 acmes
704 1832 838 1862 serv
871 1820 937 1862 liic
972 1820 1038 1862 ius
1074 1821 1312 1875 pontificale
1348 1821 1593 1874 quibusdam
1629 1821 1788 1862 videtur

74 1887 276 1929 subtiliter
307 1891 492 1942 tanyere:
532 1890 676 1932 domus
706 1891 832 1943 enim,
865 1891 911 1932 in
941 1905 1024 1944 qua
1047 1893 1238 1945 pontifex·
1268 1892 1442 1947 habitat,
1479 1892 1592 1946 reyia
1623 1892 1785 1942 dicitur,

73 1960 182 2011 quod
211 1960 258 2000 in
288 1973 336 2001 ea
366 1973 440 2001 rex
469 1961 727 2014 sacrificulus
762 1961 949 2004 habitare
984 1967 1223 2018 consuesset,
1263 1955 1368 2005 sicut
1401 1963 1597 2016 flaminia
1632 1964 1786 2017 domus,

1815 686 1836 718 5

1817 1044 1860 1075 10

1815 1401 1858 1432 15

1812 1759 1857 1790 20

73 2030 121 2071 in
150 2044 233 2084 qua
257 2030 410 2084 flamen
434 2031 610 2086 habitat,
636 2033 866 2075 dicebatur:
896 2035 1005 2087 quod
1027 2034 1092 2076 hic
1117 2035 1290 2077 ostendit
1313 2048 1362 2076 eso
1378 2048 1559 2087 persona
1577 2034 1786 2086 Euandri,
1851 2050 1857 2054 ·

76 2115 195 2154 quem
231 2102 336 2154 facit
365 2106 549 2145 orantem
579 2108 627 2145 ut
654 2094 829 2147 Aeneas
847 2118 968 2147 suam
1004 2107 1281 2160 inm-ederetur
1316 2107 1498 2160 domum,
1535 2119 1620 2147 non
1649 2106 1788 2159 utique

70 2173 314 2229 profanam,
351 2174 422 2216 sed
449 2178 676 2230 sacratam,
713 2176 864 2218 scilicet
898 2190 1002 2230 quae
1036 2178 1165 2230 fuerit
1194 2177 1417 2231 hospitium
1448 2177 1660 2228 Herculis,
1701 2177 1787 2218 illis

73 2244 255 2286 versibus
293 2244 426 2298 ebezec,
462 2247 614 2302 inquit⁷
651 2242 803 2289 limind
839 2249 966 2290 victor
1003 2249 1168 2291 Alcides
1204 2249 1347 2303 subiit,
1384 2248 1481 2290 haec
1517 2249 1638 2290 illum
1673 2248 1786 2302 reaia

75 2314 210 2369 cepit'.
270 2330 388 2370 quem
427 2318 551 2359 etiam
590 2317 740 2361 honore
774 2319 940 2361 divinae
978 2321 1232 2374 diynationis
1273 2321 1401 2362 sociat
1440 2321 1621 2362 adiciens
1661 2318 1787 2362 eaude

74 2386 215 2440 hospes
245 2390 494 2430 contemnere
523 2403 616 2443 opes
645 2393 684 2431 et
713 2394 748 2431 te
777 2404 932 2444 quoque
961 2392 1134 2446 diynum
1164 2393 1272 2446 finye
1301 2390 1415 2433 deo':
1456 2391 1552 2433 haec
1582 2392 1692 2433 enim
1722 2391 1782 2432 di-

171 2543 215 2575 15
240 2539 398 2587 Ennius]
426 2553 509 2577 anu.
539 2545 605 2577 181
633 2543 672 2578 et
698 2546 765 2578 229
792 2543 900 2579 Vahl.

172 2688 187 2717 1
216 2683 339 2718 ultera
363 2683 404 2717 F
427 2683 560 2729 (altera
585 2685 632 2730 G)
651 2686 664 2732 ΙΙ
691 2690 712 2720 2
737 2685 871 2730 ignata
895 2686 935 2720 F
958 2686 1121 2732 (signata
1146 2688 1194 2733 G)
1213 2689 1226 2733 ΙΙ
1254 2690 1310 2723 est
1334 2699 1400 2724 om.
1428 2688 1461 2723 G
1480 2690 1492 2735 ΙΙ
1523 2693 1544 2723 3
1571 2688 1634 2735 an]
1662 2699 1684 2722 a
1712 2688 1745 2722 G
1771 2691 1773 2720 J

75 2734 97 2765 4
121 2731 229 2766 schol.
255 2732 305 2766 ad
329 2742 359 2766 v.
387 2734 457 2766 360
482 2742 547 2767 om.
574 2732 615 2767 F
647 2734 660 2779 ΙΙ
698 2737 717 2768 ’1
750 2733 979 2779 prolempsin
1004 2734 1045 2768 F
1078 2735 1091 2781 ΙΙ
1128 2739 1148 2769 9
1180 2747 1275 2780 quae
1301 2736 1401 2771 eirca
1426 2736 1608 2781 templum
1634 2735 1780 2771 telluris

74 2779 180 2814 erant
204 2778 278 2814 AS
293 2779 305 2825 ΙΙ
330 2778 444 2824 circa]
471 2778 570 2814 intra
595 2780 694 2815 HM
727 2781 852 2816 inotra
876 2781 911 2815 L
937 2780 1050 2826 (circa
1075 2783 1134 2827 1)ss
1159 2781 1272 2818 lautis
1297 2783 1333 2817 R
1358 2785 1370 2830 ΙΙ
1400 2788 1443 2818 10
1469 2786 1525 2818 est
1549 2795 1615 2819 om.
1642 2783 1687 2818 H
1701 2785 1714 2829 ΙΙ
1741 2782 1781 2817 in

74 2825 185 2860 curiis
210 2825 416 2872 veteribus]
442 2827 482 2860 in
508 2827 611 2862 cunis
635 2827 826 2863 ueteribus
853 2828 925 2862 AS
934 2829 983 2863 M
1017 2828 1056 2864 in
1081 2830 1414 2866 cuniisueteribus
1439 2831 1476 2866 R
1514 2831 1616 2866 cuni·
1642 2830 1778 2866 ueteri-

72 2873 141 2908 bus
166 2873 255 2908 LH
287 2873 325 2908 in
351 2872 464 2909 lautis
488 2873 527 2909 in
554 2874 658 2910 cunis
683 2875 874 2911 ueteribus
900 2875 941 2910 F
962 2877 976 2923 ΙΙ
1006 2881 1048 2911 11
1075 2876 1188 2912 lautis
1212 2879 1417 2914 secluserim
1435 2879 1447 2925 ΙΙ
1473 2878 1538 2913 alii
1564 2907 1571 2914 .
1594 2908 1601 2915 .
1624 2906 1631 2913 .
1658 2880 1779 2914 obtre-

75 2921 177 2956 ctare
202 2922 244 2956 in
267 2932 382 2966 mary.
402 2922 483 2956 hab.
507 2921 541 2956 Τ
557 2923 569 2968 ΙΙ
588 2922 671 2969 alii]
698 2922 851 2967 quidam
875 2923 908 2957 T
925 2924 936 2970 ss
957 2927 1000 2959 12
1028 2925 1259 2961 subarbanus
1279 2926 1320 2960 F
1335 2927 1347 2972 u
1367 2937 1472 2961 carus
1500 2926 1547 2961 T:
1574 2926 1683 2961 cariis
1708 2925 1748 2960 F
1768 2926 1780 2971 ΙΙ

73 2966 139 3003 alii
165 2997 172 3004 .
196 2997 203 3004 .
226 2996 233 3003 .
260 2970 483 3004 consuerant
507 2970 632 3005 om.-T
645 2971 658 3017 ΙΙ
685 2974 727 3004 13
754 2970 980 3015 legatorium
1005 2971 1047 3006 F
1061 2973 1074 3018 ΙΙ
1099 2976 1144 3007 14
1169 2973 1234 3008 alii
1262 2973 1393 3008 dicunt
1417 2973 1518 3018 quod
1547 2973 1581 3008 T
1594 2975 1606 3020 ΙΙ
1631 2974 1778 3008 sabino—

74 3027 156 3049 rum
181 3015 214 3050 T
227 3017 240 3063 ΙΙ
259 3027 414 3060 quorum
440 3017 576 3063 genus]
602 3018 666 3062 qui
690 3017 853 3053 inuicem
876 3017 910 3052 T
923 3019 936 3063 ss
954 3018 1107 3055 irridere
1129 3021 1337 3055 Masvicius
1356 3022 1368 3067 ΙΙ
1390 3025 1431 3055 15
1459 3020 1619 3067 solebat]
1647 3032 1712 3055 om.
1738 3021 1779 3067 T,

74 3062 244 3098 solebant
268 3062 303 3098 G
332 3064 344 3110 ΙΙ
375 3065 499 3100 carine
524 3065 565 3099 F
592 3066 604 3111 ΙΙ
636 3065 692 3099 est
723 3066 847 3100 autem
879 3066 1089 3103 obtrectare
1115 3067 1339 3103 maledicere
1368 3068 1402 3102 T
1427 3069 1439 3114 ΙΙ
1470 3067 1678 3103 obtrectere
1704 3067 1736 3101 G
1767 3068 1779 3113 Η

1812 2119 1857 2150 25

76 3112 119 3143 16
145 3110 273 3157 atque]
301 3113 427 3156 atq3ue
453 3112 487 3146 G
505 3112 518 3158 ΙΙ
536 3123 654 3158 neque
681 3113 757 3159 me]
784 3124 852 3148 nec
875 3125 935 3149 me
961 3125 1039 3149 rem
1067 3115 1093 3149 I
1096 3116 1253 3161 lberyius
1272 3116 1283 3160 ΙΙ
1305 3117 1346 3150 17
1373 3116 1486 3150 cartis
1506 3115 1540 3150 G
1558 3117 1570 3162 ΙΙ
1592 3119 1633 3150 18
1659 3125 1777 3158 aquae
1835 3128 1837 3130 ·

75 3155 227 3192 Daniel:
253 3159 367 3203 atque
395 3158 436 3193 F
450 3160 462 3206 ΙΙ
492 3163 535 3194 19
561 3160 636 3195 sint
660 3161 793 3196 addidi
811 3162 822 3207 ΙΙ
850 3162 915 3196 aut
939 3162 1086 3197 addidit
1113 3163 1320 3197 Masvicius
1337 3163 1350 3208 ΙΙ
1370 3161 1507 3198 callida
1532 3163 1572 3196 F
1588 3164 1600 3208 ΙΙ
1628 3166 1670 3196 21
1698 3160 1776 3206 hic]

74 3201 150 3237 ihic
175 3203 216 3238 F
248 3204 350 3251 Virg.
376 3205 439 3241 hic
464 3206 604 3243 Daniel
633 3209 646 3254 ss
676 3212 721 3243 22
747 3218 884 3254 angere
909 3209 950 3243 F
970 3210 982 3256 ss
1013 3210 1165 3244 domum
1190 3209 1329 3244 Daniel
1358 3211 1370 3255 ΙΙ
1401 3214 1445 3245 23
1473 3210 1680 3244 consuisset
1704 3207 1744 3242 F
1765 3211 1777 3253 Η

75 3253 120 3284 25
146 3249 392 3295 ingrediretur
417 3253 458 3287 F
478 3255 491 3300 ΙΙ
517 3258 563 3290 28
589 3255 718 3301 quem]
743 3256 767 3292 i.
793 3267 822 3291 e.
848 3258 1000 3292 Aenean
1024 3258 1036 3302 ΙΙ
1067 3260 1110 3291 29
1137 3258 1396 3302 contempnere
1424 3257 1463 3291 F
