2092 3614
542 279 693 316 COMM.
718 278 773 315 IN
798 278 943 315 VERG.
970 277 1081 314 AEN.
1107 278 1160 314 XI
1186 281 1337 314 39—59.
1712 274 1801 317 483

89 404 199 446 quae
237 389 385 432 omnia
422 389 605 446 singulis
643 389 822 433 reddere
854 388 1057 432 videntur
1089 386 1280 430 extincti.
1340 387 1562 430 secundum
1587 384 1802 440 physicam

41 519 43 521 ³
88 461 353 516 disciplinam
390 462 511 504 dicit:
553 462 727 504 tradunt
761 461 871 503 enim
902 459 1064 515 physici
1099 460 1241 502 omnia
1277 472 1353 501 nos
1389 459 1538 501 mereri
1574 471 1602 500 a
1631 457 1802 513 superis,

89 547 192 588 quae
221 547 369 576 rursus
399 533 568 576 extincti
594 533 803 575 reddimus
828 533 930 587 ipsis
952 531 1221 587 potestatibus
1245 531 1444 585 supernis.
1488 531 1598 584 quod
1621 532 1659 572 et
1677 528 1803 572 Plato

88 606 248 648 videtur
277 608 462 648 astruere
491 605 564 659 qui
592 605 707 661 dicit,
745 605 854 659 quod
889 617 981 647 cum
1017 604 1065 646 de
1095 603 1318 657 effluxione
1351 602 1533 656 fontium
1575 615 1660 644 non
1696 601 1802 644 alia-

88 691 185 720 rum
214 677 488 731 quarumlibet
516 690 674 728 rerum,
705 677 776 719 sed
803 677 991 730 ipsarum
1021 675 1254 730 stellarum,
1283 674 1443 727 fuerint
1470 674 1637 716 animae
1667 687 1803 728 corpo-

89 749 206 791 ribus
242 749 576 804 commodandae,
617 749 812 802 quicquid
846 749 894 791 de
931 748 1033 802 ipsis
1066 747 1252 800 fontibus
1286 746 1500 789 stellarum
1536 746 1693 801 ebullit,
1733 744 1806 787 hoc

89 821 269 875 intelleyi
298 820 435 863 debere
464 821 614 863 stellas.
658 834 749 875 erqo
777 820 1025 874 priusquam
1055 819 1103 861 in
1127 832 1301 873 corpora
1324 819 1615 873 inyrediantur
1639 817 1807 859 animae

82 906 161 947 per
189 891 286 935 haec
315 893 436 948 siyna
466 893 645 935 erratica
677 895 949 946 transeuntes,
987 891 1153 946 sinyula
1183 900 1312 945 supra
1342 891 1453 934 dicta
1483 890 1671 945 sinyulae
1701 889 1804 931 acei-

87 964 226 1019 piunt,
270 965 367 1006 item
409 967 596 1007 exeuntes
639 964 804 1019 sinyula
846 964 1023 1019 sinyulis
1059 962 1266 1006 redhibere
1302 964 1402 1006 dicit
1436 976 1541 1017 quae
1577 962 1625 1004 in
1661 974 1807 1016 corpus

90 1036 290 1079 venientes
313 1039 589 1090 perceperunt.

211 1107 281 1151 52.
330 1119 457 1150 VANO
483 1119 653 1151 MAEsT1
680 1119 956 1151 COMITAMVR
980 1119 1174 1151 nouom:
1201 1107 1339 1163 inani,
1370 1108 1419 1149 ut
1444 1121 1575 1162 supra
1602 1105 1670 1161 <X
1690 1104 1806 1160 828>

92 1179 296 1235 diximus,
329 1182 538 1235 quantum
572 1180 624 1222 ad
657 1179 777 1222 vivos
810 1179 1010 1235 pertinet.

212 1253 281 1296 53.
330 1270 497 1297 INFELIX
518 1270 616 1296 NATI
639 1268 773 1296 szvvs
801 1251 873 1294 hoc
903 1253 1075 1306 quidam
1100 1247 1419 1294 ἀνακόλουθον
1450 1254 1489 1293 et
1512 1250 1680 1305 mclyare
1704 1250 1807 1292 acci-

86 1325 233 1379 piunt;
270 1326 341 1368 sed
375 1325 576 1379 eleyanter
606 1325 664 1367 ad
692 1324 1004 1379 exprimendum
1032 1324 1173 1378 patris
1203 1324 1410 1377 adfectum
1440 1323 1498 1366 ad
1518 1325 1684 1377 patrem
1715 1335 1806 1364 ora-

93 1397 242 1439 tionem
271 1397 474 1440 convertit.
1139 1441 1142 1443 .

213 1468 282 1511 54.
331 1480 384 1511 HI
422 1479 596 1511 NOSTRI
634 1479 836 1511 REDITVS
874 1467 919 1510 id
955 1470 1022 1510 est
1059 1468 1189 1523 tales,
1226 1469 1276 1509 ut
1313 1466 1429 1522 <16>
1468 1466 1807 1521 manibusque

94 1540 217 1582 meis
238 1539 524 1582 Mezentius
550 1539 632 1582 hic
659 1542 748 1582 est.
830 1556 1067 1588 EXPECTATIQ
1076 1557 1124 1582 VE
1144 1556 1338 1583 TRIVMPHI
1352 1539 1471 1581 modo
1490 1539 1538 1581 de
1555 1551 1596 1581 se
1616 1538 1807 1592 loquitur.

213 1611 282 1654 55.
331 1623 456 1655 HAEC
488 1623 584 1654 MEA
620 1622 786 1654 MAGNA
826 1623 962 1655 F1DEs
999 1608 1109 1654 κατὰ
1147 1607 1197 1654 τὸ
1237 1607 1549 1666 σιωπώμενονε
1589 1624 1718 1666 quam
1757 1609 1808 1652 de

94 1683 310 1726 Pallantis
342 1683 483 1726 reditu
514 1683 777 1739 promiserat
807 1683 933 1739 patri.
1038 1700 1091 1726 AT
1113 1700 1194 1726 Νοιν·
1215 1700 1405 1727 EVANDRE
1432 1685 1509 1725 aut
1537 1682 1716 1725 mutavit
1744 1683 1807 1724 de-

94 1755 378 1798 clinationem:
409 1769 509 1798 nam
532 1754 764 1798 ‘Euander'
788 1755 909 1809 facit,
940 1759 988 1798 ut
1010 1756 1096 1810 ipse
1120 1773 1150 1798 Χ
1179 1754 1326 1810 <515>
1352 1754 1547 1811 Pallas,
1571 1754 1810 1797 Euander

94 1828 146 1869 in
188 1828 335 1881 ipsis:
379 1830 455 1869 aut
490 1826 697 1870 Graecum
738 1828 965 1870 vocativum
1007 1827 1105 1880 fecit
1144 1818 1179 1869 ὦ
1219 1823 1442 1883 Εὕανδρε.
1570 1837 1808 1869 PVDENDIS

94 1911 388 1943 VVLNERIBVS
429 1900 476 1942 id
510 1902 569 1942 est
606 1914 631 1941 a
667 1900 792 1955 tergo
832 1899 997 1941 inlatis:
1037 1900 1081 1940 et
1119 1900 1185 1941 est
1223 1899 1475 1941 consolatio.
1536 1899 1639 1952 quid
1672 1901 1810 1941 autem

96 1970 327 2024 ‘pudendis'
360 1972 430 2023 sit,
465 1972 550 2025 ipse
580 1971 766 2025 eaposuit
793 1971 959 2012 dicendo
992 1969 1173 2025 ‘pulsum
1203 1968 1404 2023 aspicies'.

215 2043 284 2086 56.
334 2054 424 2085 NEC
458 2054 647 2086 SOSPITE
682 2041 914 2097 antiptosis
947 2044 1012 2084 est
1042 2055 1121 2097 pro
1155 2040 1366 2097 ‘sospiti'.
1424 2043 1468 2083 et
1498 2041 1581 2084 hoc
1613 2041 1736 2083 dicit:
1772 2040 1809 2083 si

95 2114 282 2171 fugisset
319 2114 568 2157 vulneratus
612 2129 637 2156 a
673 2115 817 2170 tergo,
858 2114 951 2169 ipse
994 2114 1031 2156 ei
1073 2115 1245 2169 optares
1287 2113 1524 2156 interitum.
1586 2113 1686 2156 alii:
1725 2126 1809 2155 non

97 2186 220 2229 talem
249 2186 387 2238 habes,
419 2186 573 2241 inquit,
602 2185 758 2241 filium,
790 2199 868 2239 quo
899 2185 1047 2239 sospite
1073 2185 1147 2227 tibi
1171 2185 1310 2227 dirum
1339 2185 1469 2238 funus
1494 2187 1672 2239 optares,
1702 2185 1812 2238 quod

90 2261 283 2312 parentes
312 2258 392 2301 sibi
414 2257 581 2312 precari
611 2257 740 2300 solent
769 2256 816 2299 ob
847 2257 1074 2311 nequitiam
1107 2256 1338 2299 liberorum.
1393 2257 1494 2299 alii:
1524 2270 1610 2299 non
1641 2256 1809 2312 optabis,

96 2330 248 2385 inquit,
278 2330 424 2384 sospiti
453 2330 540 2383 filio
571 2332 753 2371 mortem.
797 2330 907 2383 quod
935 2329 1068 2384 mayis
1097 2328 1281 2372 heroicae
1302 2343 1506 2384 personae
1536 2329 1729 2372 convenit.
1773 2331 1812 2371 et

98 2402 256 2455 [quero]
291 2400 466 2456 ‘sospite'
497 2414 572 2455 pro
604 2399 796 2455 ‘sospiti'.

218 2473 288 2516 59.
336 2484 461 2515 HAEC
493 2485 573 2516 VBI
605 2484 843 2515 DEFLEVIT
873 2472 957 2515 hoc
989 2474 1056 2515 est
1087 2474 1320 2528 postquam
1351 2472 1458 2515 haec
1489 2487 1587 2514 cum
1618 2472 1810 2515 lacrimis

98 2544 223 2599 dixit3
264 2543 395 2586 ‘flere'
428 2545 544 2587 enim
576 2547 643 2587 est
675 2559 772 2587 cum
804 2559 909 2587 voce
941 2544 1186 2587 lacrimare:
1223 2544 1335 2586 unde
1367 2544 1577 2587 habemus
1610 2544 1656 2586 in
1687 2546 1809 2587 sexto

197 2653 216 2684 1
243 2648 461 2685 uiderentur
485 2649 559 2686 AS
574 2650 587 2695 ΙΙ
606 2650 807 2685 secundum
833 2649 1030 2695 physicam
1056 2651 1400 2695 ..perceperunt
1425 2661 1442 2685 e
1464 2650 1672 2685 Turonensi
1696 2650 1811 2685 edidit

99 2697 239 2733 Daniel
257 2698 269 2744 ss
288 2698 327 2732 et
349 2697 421 2733 hoe
447 2696 650 2732 secundum
676 2697 815 2734 Daniel
832 2698 845 2744 ΙΙ
876 2701 896 2732 2
924 2697 1016 2732 dicit
1041 2677 1106 2733 om.
1134 2698 1303 2742 Danielss
1330 2700 1373 2732 12
1400 2697 1507 2733 diuos
1533 2697 1574 2732 F
1590 2698 1602 2743 ΙΙ
1632 2697 1809 2742 pertinet]

99 2756 186 2780 nam
218 2743 313 2780 talia
338 2743 383 2780 de
409 2744 565 2780 mortuis
589 2744 685 2780 fiunt
709 2745 757 2780 ad
783 2744 959 2780 solatium
986 2744 1226 2790 superstitum
1252 2746 1295 2780 ut
1319 2748 1377 2780 est
1402 2743 1504 2790 apud
1531 2743 1746 2780 Ciceronem
1771 2744 1810 2780 in

100 2791 240 2828 Catone
272 2791 413 2828 maiore
445 2791 528 2837 (XX
554 2792 613 2837 73)
642 2791 806 2827 ‘Solonis
837 2792 987 2838 quidem
1021 2792 1200 2838 sapientis
1232 2793 1397 2838 elogium
1430 2793 1488 2827 est
1518 2804 1591 2837 quo
1624 2802 1664 2827 se
1695 2793 1812 2838 negat

99 2840 197 2876 velle
229 2851 333 2876 suam
364 2841 523 2876 mortem
550 2839 677 2875 dolore
702 2839 908 2875 amicorum
934 2842 972 2875 et
996 2839 1170 2876 lamentis
1196 2851 1347 2876 vacare:
1383 2839 1483 2885 vult,
1510 2840 1636 2883 credo,
1664 2851 1703 2875 se
1729 2851 1810 2875 esse

102 2898 226 2923 carum
259 2887 350 2924 suis’
386 2889 471 2924 add.
498 2887 700 2923 Fabricius
735 2887 748 2932 ΙΙ
787 2891 830 2922 13
861 2887 967 2922 schol.
1001 2888 1050 2923 ad
1075 2899 1106 2924 v.
1133 2891 1178 2923 53
1204 2899 1222 2924 e
1250 2888 1455 2924 Turonensi
1485 2888 1600 2924 edidit
1629 2887 1770 2923 Daniel
1799 2887 1811 2934 Η

100 2935 351 2971 anacoluthon
381 2936 414 2970 T
449 2931 658 2971 ἀνέκδοτον
677 2934 816 2969 Daniel
834 2935 846 2981 ΙΙ
867 2938 912 2969 14
937 2933 1119 2981 eliganter
1139 2935 1173 2970 T
1207 2935 1381 2971 decenter
1399 2935 1540 2971 Daniel
1558 2936 1570 2983 ΙΙ
1588 2934 1638 2971 ad
1662 2936 1811 2981 patrem

101 2993 133 3017 ο.
161 2983 209 3029 c.]
235 2995 333 3019 nunc
358 2983 406 3019 ad.
430 2984 574 3029 patrem
600 2982 700 3018 redit
724 2982 864 3017 Daniel
886 2983 899 3027 ΙΙ
931 2985 975 3017 16
1000 2982 1040 3018 id
1065 2983 1123 3019 est
1147 2994 1213 3019 om.
1239 2983 1325 3019 RH
1334 2984 1381 3018 M
1399 2985 1411 3028 ΙΙ
1442 2984 1492 3019 ad
1515 2995 1641 3018 nom-1³1
1665 2996 1698 3017 n.
1723 2994 1750 3018 s.
1777 2994 1809 3018 v.

99 3030 223 3064 totum
249 3031 410 3067 dolendo
437 3030 544 3074 dicit,
572 3031 622 3066 ad
645 3040 909 3070 EXPECTATIQVE
933 3039 961 3066 s
987 3041 1018 3066 v,
1045 3031 1084 3066 et
1108 3031 1154 3066 de
1181 3042 1218 3066 se
1245 3030 1300 3066 ait
1324 3034 1357 3066 et
1382 3042 1405 3065 a
1430 3032 1467 3066 te
1498 3030 1532 3065 T
1545 3032 1556 3077 ss
1579 3034 1621 3066 19
1647 3043 1717 3067 Avr
1742 3043 1810 3065 non

101 3088 265 3112 Evmnun
290 3078 330 3114 F
345 3080 357 3125 11
384 3081 429 3114 21
456 3088 611 3114 erumpe
636 3077 677 3112 F
692 3078 704 3124 ΙΙ
732 3080 778 3112 24
804 3078 862 3112 est
886 3087 952 3113 om.
978 3077 1068 3113 RH
1080 3079 1093 3124 ΙΙ
1121 3082 1166 3114 25
1192 3078 1326 3113 fuisset
1352 3078 1401 3112 M
1418 3077 1458 3124 ΙΙ·
1448 3090 1486 3123 1p
1489 3078 1519 3114 si
1545 3078 1753 3123 Stephanus
1777 3080 1811 3113 et

101 3124 241 3160 Daniel
276 3127 288 3172 ΙΙ
325 3126 375 3162 ad
398 3137 430 3162 v.
458 3129 504 3161 55
529 3126 570 3161 in
595 3135 709 3170 mary.
743 3124 895 3169 quidam
926 3124 979 3160 sic
1011 3125 1201 3172 accipiunt
1236 3136 1307 3160 non
1340 3090 1508 3161 habuispti
1539 3125 1663 3170 inquit
1692 3124 1809 3160 talem

103 3171 220 3207 filium
253 3173 312 3208 cui
338 3173 471 3219 sospiti
495 3172 617 3208 dirum
647 3173 757 3208 funus
790 3173 940 3217 optares
966 3173 1066 3217 quod
1091 3174 1265 3219 parentes
1292 3172 1414 3209 solent
1437 3173 1583 3219 precari
1609 3172 1656 3207 ob
1681 3170 1810 3216 nequi*

102 3218 196 3255 tiam
225 3219 437 3256 liberorum.
488 3220 555 3256 alii
579 3221 634 3256 ita
658 3231 732 3256 non
758 3219 906 3266 optabis
933 3219 1057 3266 inquit
1082 3220 1216 3266 sospiti
1239 3219 1318 3256 filio
1344 3222 1504 3256 mortem
1530 3222 1569 3256 et
1593 3220 1664 3256 hoc
1691 3219 1810 3266 magis

101 3266 272 3303 heroicae
296 3278 478 3314 personae
504 3267 680 3304 conuenit
709 3266 743 3302 T
768 3269 780 3314 ΙΙ
811 3271 855 3303 29
882 3277 996 3313 quero
1023 3267 1064 3303 F
1098 3279 1212 3314 quare
1238 3267 1378 3304 Daniel

175 3333 230 3360 Ser
215 3333 263 3360 riv
264 3334 275 3360 i
293 3340 399 3361 comm.
417 3334 486 3362 Vol.
504 3334 546 3361 Π.
566 3335 654 3361 Fasc.
673 3334 715 3359 Π.
1480 3330 1524 3361 32

1835 1039 1878 1071 10

1836 1399 1879 1432 15

1834 1761 1880 1793 20

1835 2119 1881 2151 25

1836 2466 1882 2510 so
