2092 3614
240 1046 281 1077 10

240 1402 282 1433 15

240 1760 286 1790 20

243 2116 289 2147 25

305 285 393 327 440
1081 285 1136 320 SE
1142 285 1241 321 RVH

306 394 496 437 deorum.
548 393 669 437 ‘stat'
701 397 838 437 autem
868 394 955 436 fixa
986 397 1064 436 est.
1115 393 1237 436 ‘dies'
1268 408 1359 437 vero
1390 397 1560 450 tempus
1594 395 1729 451 vitae;
1761 410 1860 436 nam
1892 395 2012 436 femi-

306 466 407 508 nino
446 480 548 507 usus
587 467 653 507 est
691 479 864 521 genere:
903 480 1000 508 cum
1038 466 1153 507 enim
1192 465 1433 507 masculino
1471 466 1652 518 utimur,
1688 481 1734 508 re
1765 481 1867 508 Vera
1898 466 2011 508 diem

307 537 612 592 significamus.
662 550 761 579 sane
783 537 1010 590 prudenter
1035 540 1257 590 neyaturus
1281 550 1309 578 a
1333 550 1460 579 causa
1490 537 1632 592 coepit,
1662 537 1762 591 quia
1791 538 1863 591 qui
1887 540 2014 591 royat,

305 609 404 650 dum
435 621 654 662 suspensus
684 608 955 661 expectatione
991 611 1065 663 est,
1094 611 1228 661 potest
1263 608 1409 650 audire
1445 622 1630 663 causam,
1668 622 1741 651 cur
1770 608 1849 650 sibi
1872 611 2014 662 postea

306 682 497 733 nepotum
528 680 603 730 sit;
642 682 816 721 ceterum
845 679 885 722 si
914 680 1055 722 statim
1085 693 1219 735 neyes,
1250 693 1334 722 non
1364 680 1548 722 admittit
1577 680 1896 722 excusationem:
1926 679 2014 722 ideo

305 753 528 805 necaturus
558 750 748 805 Iuppiter
778 751 837 793 sic
867 751 1002 805 coepit.
1122 763 1276 794 BREVE
1308 763 1490 794 TEMPVS
1522 762 1662 793 VITAE
1697 751 1797 806 quia
1829 750 2015 806 quando-

307 837 387 878 que
423 822 589 864 finitur:
629 822 722 877 ipse
754 822 884 877 paulo
915 824 1016 877 post
1048 822 1192 876 <861>
1227 822 1431 865 Rhaebe
1470 822 1572 878 diu,
1611 837 1690 864 res
1725 822 1769 864 si
1801 837 1897 877 qua
1928 822 2015 864 diu

307 893 617 936 mortalibus
649 893 756 935 ulla
787 895 883 945 est,
915 893 1151 948 viximus,
1183 894 1287 935 item
1313 893 1462 936 Cicero
1490 893 1610 949 quid
1643 896 1720 936 est
1753 893 1884 935 enim
1917 893 2015 935 hoc

307 966 475 1020 ipsum
508 965 610 1016 diu,
642 965 692 1006 in
725 979 820 1020 quo
854 966 932 1006 est
964 964 1164 1020 aliquid
1197 966 1507 1007 extremum?

427 1037 526 1079 468.
577 1047 781 1078 OMNIBVS
813 1047 896 1079 EST
935 1050 1094 1091 magna
1132 1036 1392 1091 consolatio,
1431 1052 1538 1092 quae
1578 1037 1766 1079 ostendit
1803 1051 1891 1079 non
1923 1051 2015 1079 esse

308 1107 490 1149 dolenda
516 1107 772 1150 communia.
815 1108 909 1161 quis
933 1108 1043 1149 enim
1069 1108 1321 1162 indignetur,
1346 1109 1573 1163 contin-cere
1597 1122 1687 1150 eum
1708 1109 1816 1162 quod
1833 1108 2017 1150 omnium

308 1179 396 1221 est?
490 1190 577 1221 SED
603 1190 764 1221 FAMAM
790 1190 1071 1220 EXTENDERE
1100 1190 1264 1222 EA0T1s
1297 1181 1446 1221 eontra
1477 1179 1586 1221 illud
1613 1179 1727 1235 quod
1753 1179 2017 1234 occurrebat,

309 1249 490 1292 vitanda
531 1264 623 1292 esse
667 1249 818 1305 ardua,
862 1250 898 1291 si
936 1251 1164 1292 commannis
1201 1250 1388 1293 omnibus
1425 1265 1536 1293 mors
1572 1254 1688 1306 esset,
1735 1251 1821 1292 vita
1862 1250 2017 1305 brevis,

309 1321 414 1363 dicit
444 1321 541 1364 ideo
574 1321 782 1363 amandas
815 1335 908 1363 esse
940 1321 1141 1374 virtutes,
1180 1323 1228 1364 ut
1259 1322 1375 1364 vitae
1408 1322 1598 1364 brevitas
1630 1322 1749 1365 fama
1779 1324 1822 1364 et
1853 1321 2017 1378 gloriae

309 1392 475 1435 meritis
507 1393 647 1447 possit
678 1392 839 1449 augeri.

427 1464 527 1506 469.
579 1476 696 1507 OPVS
729 1463 930 1506 officium.

427 1533 725 1578 470.GNAT1
775 1547 907 1577 DEVM
959 1536 1006 1577 ut
1056 1534 1247 1578 Achilles
1298 1534 1515 1590 Thetidis,
1564 1535 1769 1578 Memnon
1815 1536 2020 1591 Aurorae,

311 1607 581 1661 Ascalaphus
613 1606 780 1648 Martis.

428 1678 527 1720 471.
578 1689 826 1721 SARPEDON
860 1645 1091 1720 secundum
1117 1677 1300 1733 Vergilii
1333 1677 1686 1734 declinationem,
1716 1680 1764 1720 ut
1796 1678 1884 1733 <IX
1907 1679 2020 1734 694>

313 1749 525 1791 nothum
553 1747 868 1804 Sarpedonis
902 1736 1014 1802 alti,
1045 1749 1315 1804 paenultima
1346 1749 1527 1791 habebit
1551 1752 1775 1792 accentum
1809 1750 1852 1791 in
1884 1751 2020 1792 nomi-

311 1820 479 1876 nativo3
511 1819 743 1864 secundum
768 1819 1026 1875 Homerum,
1052 1820 1125 1875 qui
1152 1822 1194 1862 et
1219 1818 1511 1875 Sarpedontos
1539 1823 1583 1863 et
1609 1819 1879 1875 Sarpedonos
1905 1821 2022 1876 facit,

312 1894 356 1934 et
388 1891 542 1934 ultima
574 1893 618 1934 et
648 1892 915 1947 paenultima
945 1891 1108 1946 syllaba
1138 1891 1257 1934 habet
1285 1895 1504 1934 accentum.
1619 1903 1762 1933 ETIAM
1794 1903 1880 1935 st
1912 1904 2022 1934 TVR-

311 1975 410 2006 NVM
442 1963 570 2005 multi
602 1962 660 2005 ‘et
690 1961 792 2005 iam'
825 1963 996 2019 legunt,
1027 1965 1075 2006 ut
1108 1963 1164 2005 sit
1197 1962 1334 2006 ‘ecce'.
1385 1965 1428 2005 et
1460 1963 1650 2018 pertinet
1681 1962 1734 2005 ad
1767 1964 2021 2006 consolatio-

313 2047 412 2077 nem
445 2034 482 2076 si
514 2034 600 2076 cito
632 2034 850 2089 periturus
882 2036 948 2076 est
978 2033 1053 2076 ille
1085 2034 1157 2090 qui
1189 2034 1333 2077 vincit.

433 2106 533 2148 472.
583 2116 737 2148 METAS
763 2106 889 2161 fines,
914 2108 962 2147 ut
987 2105 1170 2160 (1278)
1196 2105 1277 2148 his
1311 2119 1402 2162 ego
1434 2119 1526 2147 nec
1552 2107 1714 2148 metas
1742 2120 1907 2147 rerum
1933 2120 2023 2148 nec

314 2180 550 2232 tempora
579 2191 726 2233 pono.
847 2188 1082 2219 PERVENIT
1114 2178 1221 2220 bene
1254 2178 1307 2219 ad
1339 2177 1665 2233 exprimendum
1698 2177 1879 2220 celerem
1911 2192 2023 2220 mor-

314 2249 372 2290 tis
405 2248 638 2291 adventum
668 2248 903 2304 praeterito
937 2263 1038 2291 usus
1071 2251 1138 2291 est
1167 2251 1377 2304 tempore.

434 2320 535 2363 473.
584 2331 874 2363 RVTVLORVM
899 2331 1054 2363 REICIT
1080 2332 1215 2363 ARVIS
1247 2320 1513 2375 respiciendo
1540 2320 1642 2362 fecit
1666 2322 1834 2376 partem
1859 2320 2023 2363 felicio-

317 2405 428 2446 rem,
460 2393 509 2432 ut
540 2390 610 2445 <II
637 2391 754 2447 690>
786 2392 960 2447 aspice
991 2406 1083 2434 nos
1115 2391 1210 2434 hoc
1240 2393 1459 2434 tantum:
1502 2391 1702 2447 quicquid
1734 2392 1847 2433 enim
1878 2390 2022 2447 Iuppi-

414 2524 432 2554 1
459 2521 536 2555 stat
560 2520 633 2555 fixa
659 2520 731 2566 est]
760 2519 805 2555 cf.
832 2519 927 2555 Non.
954 2532 989 2566 p.
1017 2523 1097 2564 391,
1124 2523 1168 2555 32
1194 2518 1242 2554 M.
1269 2521 1281 2565 ΙΙ
1312 2523 1333 2555 8
1360 2518 1501 2565 Cicero]
1529 2531 1594 2565 pro
1620 2519 1797 2555 Marcello
1823 2523 1856 2565 9,
1883 2524 1926 2556 27

412 2642 433 2673 2
458 2649 544 2673 nam
572 2649 656 2674 cum
681 2636 886 2673 masculino
912 2637 1069 2673 dicimus
1095 2637 1135 2672 F
1150 2638 1164 2683 ΙΙ
1181 2641 1202 2672 3
1228 2637 1431 2683 prudenter
1459 2666 1466 2674 .
1488 2666 1495 2674 .
1517 2667 1524 2674 .
1551 2625 1829 2674 excusationem
1853 2639 1934 2675 hab.
1957 2638 1992 2674 T
2012 2639 2024 2686 Η

318 2685 419 2732 cepit
445 2685 527 2721 FT
555 2687 567 2733 ΙΙ
604 2685 692 2730 quia
719 2714 726 2720 .
748 2713 755 2720 .
778 2713 785 2720 .
813 2685 884 2731 est]
920 2685 1009 2719 dum
1041 2685 1139 2720 enim
1164 2686 1274 2730 rogat
1299 2686 1337 2721 et
1362 2697 1562 2731 suspensus
1590 2686 1846 2731 expectatione
1872 2687 1930 2722 est
1957 2687 1991 2721 Τ
2013 2687 2023 2732 Ι(

317 2735 498 2779 4p0stea
522 2732 593 2769 sibi
621 2733 655 2768 Τ
683 2734 695 2779 ΙΙ
726 2735 746 2767 5
772 2743 848 2768 11011
876 2733 926 2767 Τ.
953 2743 1021 2767 nec
1047 2732 1089 2768 F
1115 2734 1127 2780 ΙΙ
1166 2736 1185 2767 7
1210 2731 1364 2787 finitur]
1381 2734 1527 2769 finitum
1554 2733 1604 2778 F,
1616 2733 1713 2769 ideo
1738 2734 1852 2769 breue
1876 2734 2023 2778 tempus

317 2780 413 2817 dixit
437 2781 522 2816 add.
551 2781 601 2816 M
606 2781 619 2815 l
641 2781 654 2826 u
685 2783 707 2816 8
734 2779 969 2826 mortalibus]
997 2781 1095 2826 egi-is
1121 2781 1206 2816 add.
1231 2780 1269 2815 R
1287 2782 1300 2826 ΙΙ
1329 2780 1490 2816 viximus
1515 2792 1581 2817 om.
1608 2781 1649 2816 F
1664 2782 1676 2827 ΙΙ
1706 2779 1850 2827 Cicero]
1877 2784 1924 2816 1ιὸ
1950 2780 1992 2816 F
2012 2780 2023 2827 ΙΙ

318 2829 416 2873 quod
441 2828 482 2863 F
508 2828 521 2873 ΙΙ
555 2828 654 2863 enim
680 2839 745 2864 om.
771 2827 808 2862 R
837 2828 850 2873 ΙΙ
888 2831 908 2862 9
933 2827 1057 2872 ipsum
1083 2828 1202 2863 cicero
1230 2827 1293 2862 diu
1320 2829 1370 2863 M
1397 2830 1410 2874 ΙΙ
1446 2829 1501 2875 111]
1528 2828 1575 2863 iri
1599 2828 1673 2864 AS
1702 2829 1714 2874 ΙΙ
1754 2831 1795 2862 11
1822 2828 1923 2874 eum]
1952 2826 2024 2863 sibi

321 2876 528 2911 Masvictus
545 2876 558 2920 ss
586 2875 685 2920 quod
711 2874 878 2910 omnium
901 2874 1057 2910 Daniel·
1084 2875 1374 2920 quodemonium
1399 2876 1439 2910 F
1474 2875 1721 2920 quodemonio
1747 2875 1782 2910 G
1818 2875 1918 2920 quod
1943 2876 2023 2910 δαι-

319 2920 452 2969 μόνιον
478 2922 678 2959 Schoelzius
696 2923 708 2968 ΙΙ
736 2926 779 2957 12
806 2934 1008 2957 OSTENDERE
1028 2923 1072 2957 H
1086 2924 1098 2968 ΙΙ
1119 2926 1162 2958 13
1189 2923 1220 2958 si
1244 2922 1368 2958 breuis
1394 2924 1451 2959 est
1475 2923 1556 2958 uita
1574 2922 1746 2958 Serviani
1764 2923 1852 2957 libri
1868 2923 1881 2968 ΙΙ
1902 2926 1946 2957 14
1970 2922 2028 2958 fa-'

318 2981 402 3006 mae
427 2969 501 3005 AS
518 2972 530 3015 ΙΙ
558 2973 601 3005 15
626 2969 808 3006 inmeritis
835 2969 876 3005 F
890 2970 902 3016 11
928 2973 971 3004 19
997 2981 1089 3015 uerg
1091 2970 1149 3005 ilii
1167 2970 1206 3005 F
1223 2972 1234 3017 ΙΙ
1260 2974 1305 3006 20
1330 2970 1561 3016 paenultima
1584 2969 1631 3005 F.
1659 2969 1857 3005 Schoellius
1881 2970 1925 3005 de
1949 2981 2021 3006 aec.

319 3019 408 3064 liny.
435 3018 497 3052 lat.
518 3029 558 3062 10-
580 3021 666 3052 213:
692 3017 827 3053 ultima
852 3018 940 3053 libri
957 3017 970 3062 ΙΙ
987 3017 1143 3053 habebit
1167 3019 1377 3071 accentum]
1403 3018 1623 3053 heccentum
1648 3017 1690 3051 F
1704 3017 1716 3063 ΙΙ
1735 3020 1778 3051 21
1807 3017 2023 3062 sarpedonis

319 3067 358 3101 et
377 3065 621 3110 Sarpedontos
642 3064 683 3099 F
698 3066 709 3111 ΙΙ
729 3069 773 3100 23
799 3064 910 3100 multi
934 3066 972 3099 et
995 3064 1071 3099 iam
1096 3065 1109 3099 1
1161 3065 1244 3112 unt]
1270 3064 1362 3101 licet
1385 3064 1505 3110 possit
1529 3063 1643 3100 etiam
1666 3064 1742 3109 legi
1762 3029 1892 3100 multip
1891 3064 1958 3100 et'
1946 3076 2023 3100 1am

319 3113 451 3158 legunt
477 3113 525 3147 M
531 3113 543 3147 Z
570 3114 582 3156 ΙΙ
614 3114 652 3147 et
675 3113 766 3159 iam]
795 3124 841 3148 en
866 3112 943 3148 iam
966 3113 1059 3147 coni.
1128 3113 1257 3159 eynius
1284 3113 1296 3159 ΙΙ
1327 3116 1373 3148 24
1398 3113 1429 3147 si
1454 3111 1528 3147 cito
1553 3110 1662 3147 ASZ:
1689 3111 1781 3147 scito
1807 3111 1938 3147 RLH
1970 3112 2023 3147 sic

321 3161 396 3196 cito
423 3160 473 3195 M
509 3159 583 3195 cito
610 3159 651 3195 F
683 3161 695 3206 ΙΙ
732 3164 777 3196 26
804 3160 851 3195 ad
883 3158 1161 3205 exprimendam
1194 3160 1352 3196 celerem
1385 3161 1543 3194 mortem
1569 3159 1772 3194 aduentum
1797 3159 1843 3194 Η
1876 3159 1923 3194 ad
1947 3159 2022 3204 pri-

321 3206 498 3243 mendum
524 3206 754 3243 celeritatem
778 3206 910 3243 mortis
935 3206 1137 3243 aduentum
1164 3207 1295 3254 F1129
1322 3206 1497 3253 quicquid
1516 3205 1726 3242 ASMFz=
1753 3206 1890 3253 quippe
1917 3205 2022 3252 quid-

322 3255 411 3300 quid
436 3254 473 3290 R
510 3255 649 3301 quippe
676 3255 775 3300 quod
801 3255 835 3290 L
872 3253 1011 3300 quippe
1038 3253 1130 3300 quid
1155 3255 1196 3290 H
