2092 3614
236 1003 279 1034 10

236 1359 278 1392 15

234 1716 281 1749 20

243 2073 288 2105 25

298 240 384 283 296
1068 242 1227 278 suavn
1253 290 1256 292 ,

299 365 396 392 cum
426 365 504 406 per
535 353 678 392 aestus
710 349 822 393 ferre
852 366 940 395 non
973 354 1169 407 possent,
1208 352 1281 394 filo
1320 354 1490 395 tantum
1522 354 1664 409 capita
1695 354 1879 410 religare
1910 369 2001 397 coe-

299 424 474 477 perunt,
506 436 607 464 nam
634 422 760 464 nudis
786 423 959 478 penitus
986 438 1059 466 eos
1086 424 1303 479 capitibus
1331 414 1525 467 incedere
1549 425 1670 480 nefas
1702 425 1861 468 fuerat:
1893 425 2004 468 unde

302 507 327 534 a
358 492 431 535 filo
465 507 549 548 quo
587 493 840 550 utebantur,
876 495 1073 537 flamines
1113 494 1216 537 dicti
1255 497 1372 549 sunt,
1411 495 1533 550 quasi
1573 497 1794 540 filamines.
1855 511 2005 539 verum

301 564 425 605 festis
458 564 607 606 diebus
638 565 712 607 filo
745 565 942 620 deposito
975 565 1104 620 pillea
1135 580 1308 608 necesse
1342 569 1434 608 erat
1465 566 1674 623 accipere,
1716 582 1825 623 quae
1858 582 2006 610 secun-

302 635 403 677 dum
435 636 542 678 alios
569 636 621 678 ad
649 636 957 679 ostendendam
984 636 1214 679 sacerdotii
1241 637 1518 680 eminentiam
1546 640 1646 679 sunt
1675 642 1864 695 reperta,
1896 639 2007 681 sicut

302 707 526 749 columnae
563 709 746 750 mortuis
784 709 1002 750 nobilibus
1041 712 1391 763 superponuntur
1429 708 1482 750 ad
1515 709 1827 752 ostendendum
1861 725 2008 753 eorum

303 779 511 821 columen.
561 779 636 821 alii
669 779 817 822 dicunt
846 794 936 822 non
967 782 1144 835 propter
1171 780 1447 822 eminentiam
1473 780 1701 836 dignitatis
1727 781 1808 824 hoc
1833 782 2008 837 factum,

304 850 378 892 sed
410 851 510 905 quia
540 865 637 893 cum
670 851 961 893 sacrificarent
992 851 1104 907 apud
1132 851 1483 894 Laurolavinium
1515 854 1558 894 et
1590 852 1651 894 eis
1684 855 1782 895 exta
1809 852 2006 907 frequen-

303 924 370 963 ter
402 936 501 963 aves
534 921 586 963 de
619 922 770 964 vicinis
809 923 1029 964 venientes
1066 922 1174 965 lucis
1214 923 1479 977 abriperent,
1519 923 1753 966 eminentia
1790 924 2009 980 virgarum

305 1007 378 1035 eas
410 995 570 1034 terrere
602 993 842 1035 voluerunt.
893 993 1045 1035 exinde
1077 994 1207 1035 etiam
1241 995 1506 1036 consuetudo
1538 995 1792 1050 permansit,
1825 998 1873 1037 ut
1899 995 2010 1050 apud

305 1063 655 1107 Laurolavinium
688 1065 886 1119 ingentes
916 1064 1177 1108 haberentur
1202 1065 1368 1121 virgae,
1401 1080 1489 1107 non
1514 1066 1666 1109 breves
1692 1069 1741 1108 ut
1764 1067 1810 1108 in
1836 1067 1950 1109 urbe.

304 1147 452 1178 LAPSA
496 1147 686 1178 ANGILIA
730 1147 879 1190 GAELQ
923 1139 1130 1191 regnante
1168 1135 1314 1178 Numa
1344 1136 1560 1192 Pompilio
1600 1139 1769 1179 scutum
1805 1138 1932 1180 breve
1971 1140 2014 1179 et

305 1206 537 1249 rotundum
579 1207 698 1249 caelo
739 1207 909 1262 lapsum
952 1210 1029 1249 est.
1094 1211 1137 1249 et
1174 1222 1270 1250 cum
1309 1208 1526 1264 aruspices
1563 1208 1888 1264 respondissent
1924 1209 2014 1251 illic

304 1278 397 1320 fore
424 1278 541 1320 orbis
567 1278 814 1333 imperium,
846 1279 920 1321 ubi
944 1278 1051 1320 illud
1078 1278 1251 1333 fuisset,
1283 1278 1508 1335 diligentia
1532 1279 1719 1335 Numae,
1749 1295 1802 1322 ne
1829 1279 2014 1335 quando-

307 1365 388 1405 que
415 1349 469 1391 ab
498 1349 697 1392 hostibus
724 1352 872 1405 posset
898 1350 1074 1405 auferri,
1106 1350 1300 1393 adhibito
1326 1349 1539 1393 Mamurio
1571 1351 1695 1394 fabro
1729 1352 1866 1393 multa
1898 1350 2014 1393 simi-

303 1422 363 1464 lia
394 1421 510 1464 facta
542 1424 644 1464 sunt
670 1424 713 1463 et
738 1421 784 1463 in
808 1421 973 1476 templo
999 1420 1154 1463 Martis
1186 1422 1340 1464 locata.
1391 1422 1505 1477 quod
1538 1425 1682 1464 autem
1714 1422 1818 1465 dicit
1849 1422 2015 1478 ancilia,

305 1493 465 1548 plurali
497 1493 635 1535 utitur
665 1507 842 1534 numero
874 1507 953 1549 pro
987 1492 1214 1548 singulari:
1246 1507 1348 1535 nam
1379 1508 1512 1535 unum
1544 1494 1711 1548 lapsum
1744 1496 1822 1536 est.
1878 1494 2015 1536 ancile

305 1567 449 1606 autem
482 1563 638 1606 dicitur
669 1566 744 1607 aut
774 1564 897 1619 quasi
922 1563 1110 1619 undique
1137 1564 1452 1619 circumcisum,
1485 1567 1560 1606 aut
1587 1564 1709 1620 quasi
1735 1560 2014 1621 ἀμφίχειλον,

306 1637 348 1678 id
382 1639 452 1683 est,
478 1636 667 1691 undique
698 1637 871 1679 labrum
901 1636 1080 1678 habens.

428 1707 527 1750 665.
576 1719 861 1750 EXTVDERAT
907 1707 1097 1750 studiose
1140 1706 1312 1750 fecerat.
1434 1719 1684 1750 DVCEBANT
1731 1707 2015 1751 deducebant:

306 1780 415 1822 haec
446 1780 562 1822 enim
593 1779 737 1822 fuerat
768 1779 1044 1822 consuetudo.

429 1851 527 1893 666.
578 1862 793 1894 PILENTIS
819 1862 1003 1894 MATREs
1027 1863 1078 1893 IN
1097 1862 1333 1894 Monmssvs
1358 1851 1523 1906 pilenta
1549 1854 1650 1893 sunt
1674 1851 1883 1906 vehicula,
1909 1851 2020 1894 sicut

309 1937 422 1964 nunc
459 1922 687 1965 basternas
726 1922 936 1965 videmus.
997 1924 1120 1965 erant
1159 1925 1303 1964 autem
1336 1925 1436 1965 tunc
1469 1923 1608 1964 veneti
1642 1923 1815 1979 coloris,
1851 1937 1939 1965 non
1971 1925 2020 1964 ut

308 2008 424 2036 nunc
461 1996 575 2049 siant,
615 1994 797 2050 russati,
841 1994 998 2049 quibus
1037 1994 1121 2036 nisi
1161 1996 1306 2036 castae
1343 2009 1430 2036 non
1466 1994 1709 2036 utebantur.
1773 1993 2018 2036 ‘mollibus'

316 2067 462 2107 autem
500 2065 759 2121 pensilibus,
795 2068 844 2107 ut
874 2064 964 2120 <XI
996 2065 1082 2120 64>
1113 2065 1257 2107 molle
1284 2065 1523 2118 feretrum
1553 2069 1591 2107 et
1620 2065 1796 2108 oscilla
1826 2065 2020 2108 mollia:

311 2139 360 2179 ut
401 2138 552 2178 contra
593 2134 784 2191 ‘plumas
824 2134 1034 2191 pensiles'
1076 2135 1257 2178 dicimus
1300 2138 1343 2177 et
1383 2129 1534 2178 molles
1578 2136 1886 2193 significamus.
1948 2140 2023 2179 aut

313 2205 543 2251 ‘mollibus'
587 2207 763 2250 molliter
805 2208 969 2250 stratis:
1014 2208 1183 2261 quidam
1219 2207 1380 2261 pilenta
1420 2208 1447 2261 †
1462 2207 1568 2249 laeta
1608 2209 1755 2250 occisia
1793 2209 1865 2250 sed
1900 2209 2019 2262 vulyo

411 2341 454 2372 17
493 2336 613 2372 ancile
647 2364 654 2372 .
683 2364 689 2371 .
717 2362 725 2370 .
758 2335 922 2383 labrum]
963 2336 1008 2372 cf.
1035 2335 1153 2372 Varro
1187 2336 1221 2372 d.
1252 2336 1277 2372 1.
1304 2336 1328 2373 l.
1354 2337 1423 2371 VII
1448 2340 1511 2379 433
1547 2336 1633 2372 Isid.
1666 2348 1716 2372 or.
1743 2336 1866 2371 XVIII
1891 2340 1954 2380 27,
1980 2341 2020 2381 33

315 2396 447 2421 comm.
473 2385 561 2419 Luc.
588 2382 640 2418 IX
664 2387 732 2419 477
752 2386 765 2428 ss
783 2387 828 2419 22
854 2384 998 2430 pilenta
1023 2395 1052 2420 e.
1075 2396 1110 2429 q.
1131 2384 1177 2430 8.]
1205 2384 1250 2419 cf.
1278 2383 1365 2420 Isid.
1391 2395 1442 2420 or.
1468 2383 1537 2419 XX
1557 2387 1613 2428 12,
1631 2385 1684 2430 411
1705 2387 1748 2419 25
1776 2384 1906 2420 oscilla
1931 2384 2021 2421 mol-

314 2431 383 2478 lia]
411 2442 537 2477 georg.
565 2432 598 2466 11
624 2434 693 2466 389

413 2554 430 2585 1
458 2549 570 2593 ferre]
596 2550 746 2594 portare
773 2549 814 2584 F
840 2550 854 2594 ΙΙ
884 2554 905 2584 2
932 2560 996 2585 eos
1021 2549 1171 2595 penitus
1196 2549 1271 2586 AS
1295 2551 1307 2596 ΙΙ
1345 2554 1365 2585 3
1391 2550 1478 2585 sunt
1503 2549 1594 2584 dicti
1619 2549 1660 2584 F
1687 2551 1699 2595 ΙΙ
1729 2549 1926 2585 filiamines
1951 2550 2026 2586 AS

317 2599 422 2641 (corr.
450 2600 510 2636 as)
547 2596 716 2632 flamines
741 2597 778 2632 R
797 2598 809 2643 ΙΙ
838 2601 858 2632 5
887 2599 973 2632 sunt
997 2598 1146 2642 reperta
1171 2627 1179 2634 .
1201 2622 1210 2632 .
1232 2624 1239 2632 .
1267 2599 1419 2643 propter
1444 2597 1682 2632 eminentiam
1708 2608 1773 2633 om.
1796 2598 1840 2641 L,
1866 2598 1950 2634 add.
1977 2599 1990 2633 l
2013 2598 2026 2645 ΙΙ

319 2651 338 2681 7
365 2643 534 2691 propter]
562 2644 700 2689 populo
726 2644 799 2680 AS
822 2646 990 2689 (propter
1014 2645 1063 2689 a),
1089 2656 1155 2681 om.
1183 2646 1196 2680 l
1219 2646 1231 2690 ΙΙ
1262 2645 1465 2680 eminentia
1490 2646 1502 2680 l
1530 2646 1542 2690 ΙΙ
1580 2649 1600 2680 8
1627 2645 1660 2680 ei
1686 2645 1810 2679 ASH
1835 2646 1847 2690 ΙΙ
1884 2650 1904 2680 9
1931 2645 2024 2681 lucis

317 2693 509 2728 uenientes
527 2691 563 2726 R
581 2692 594 2736 ΙΙ
616 2694 658 2726 10
679 2692 804 2727 etinde
824 2691 864 2725 F
879 2693 892 2737 ΙΙ
912 2695 954 2726 11
982 2692 1165 2727 haberent
1186 2693 1313 2737 uirgas
1334 2693 1367 2727 L
1375 2692 1415 2727 F
1430 2693 1442 2737 ΙΙ
1462 2692 1566 2738 urbe]
1595 2693 1681 2727 sunt
1706 2694 1744 2728 et
1769 2692 1832 2737 qui
1857 2692 2024 2728 flamines

318 2741 366 2775 ab
391 2738 597 2785 gestamine
624 2738 715 2781 pilei
734 2738 826 2773 dicti
846 2738 919 2774 sint
945 2739 1078 2782 (dictos
1099 2740 1205 2774 aiunt
1223 2741 1438 2784 Fabricius)
1464 2752 1571 2784 quam
1596 2739 1786 2785 pilaminis
1812 2739 2025 2785 (pilamines

320 2786 534 2832 Fabricius)
562 2786 646 2820 add.
662 2785 702 2820 D
720 2786 732 2831 11
753 2789 796 2820 14
823 2786 922 2820 orbis
946 2786 1013 2821 SI
1023 2786 1074 2821 F:
1102 2788 1203 2822 urbis
1227 2788 1361 2833 reliqui
1379 2789 1391 2833 ss
1410 2787 1503 2822 illud
1529 2787 1603 2821 suis
1630 2787 1760 2822 fuisset
1783 2787 1829 2821 H
1842 2788 1855 2832 ΙΙ
1873 2787 2023 2833 numae]

318 2833 511 2870 inuniaeF
527 2834 539 2880 ΙΙ
560 2836 603 2868 15
629 2832 799 2868 manurio
819 2833 852 2867 L
889 2833 1008 2868 mario
1029 2833 1069 2867 F
1085 2835 1096 2880 ΙΙ
1117 2838 1160 2870 17
1189 2847 1273 2870 nam
1301 2864 1308 2871 .
1330 2865 1337 2872 .
1361 2864 1367 2870 .
1396 2835 1652 2870 circumcisum
1678 2845 1744 2869 om.
1760 2833 1801 2868 F
1815 2836 1828 2880 ΙΙ
1849 2839 1892 2869 18
1917 2843 2024 2878 ὼκφι-

319 2895 427 2918 ΧιΛοΝ
452 2880 662 2916 ASRLH
693 2888 869 2924 amcp1x1au
896 2881 946 2915 M
980 2889 1182 2925 amcp1x1aon
1208 2883 1246 2917 F
1263 2884 1275 2929 ΙΙ
1305 2887 1349 2918 20
1375 2881 1610 2917 deducebant
1633 2892 1698 2916 om.
1725 2881 1846 2916 ASF
1860 2881 1872 2927 ΙΙ
1900 2885 1945 2916 23
1971 2882 2026 2916 ui-

321 2930 474 2965 deamus
496 2927 536 2963 F
551 2929 562 2974 [Ι
582 2931 628 2963 24
646 2927 764 2962 rusati
783 2927 858 2962 AS
866 2927 900 2962 L
937 2928 1076 2963 russaci
1098 2930 1143 2963 M
1162 2932 1174 2974 ΙΙ
1194 2930 1327 2974 quibus
1347 2930 1418 2966 nisi
1437 2930 1561 2965 castae
1581 2939 1654 2963 non
1673 2927 1875 2963 utebantm·
1892 2928 2024 2964 ASL:

322 2976 457 3022 quibus
487 2975 560 3010 nisi
593 2976 716 3010 castae
743 2975 841 3010 HM
869 2978 956 3019 (non
987 2975 1189 3010 utebantur
1221 2977 1316 3012 sicut
1342 2988 1411 3012 nec
1435 2975 1541 3012 uittis
1566 2975 1663 3010 unde
1689 2974 1810 3010 adidit
1835 2977 1959 3011 castae
1984 2977 2027 3011 iu

320 3035 435 3069 mary.
457 3023 540 3058 add.
561 3023 610 3068 m)
636 3023 798 3067 spatium
822 3023 986 3058 relictum
1010 3026 1062 3057 est
1086 3024 1128 3057 iri
1152 3023 1351 3069 Reyi‘nerisi
1375 3025 1417 3059 irc
1441 3034 1511 3069 quo
1536 3023 1669 3067 quibus
1695 3022 1767 3057 nisi
1793 3025 1919 3058 castae
1944 3024 2026 3059 ute—

321 3071 459 3107 bantur
483 3071 630 3114 scripsit
648 3070 787 3105 Daniel
819 3070 952 3115 quibus
977 3069 1051 3104 nisi
1076 3070 1200 3105 castae
1219 3072 1412 3107 matronae
1432 3070 1513 3106 utin
1538 3071 1713 3114 poterant
1731 3069 1772 3103 F
1800 3069 1931 3113 quibus
1953 3071 2026 3106 nisi

324 3120 451 3154 castae
475 3119 669 3154 matronae
695 3117 750 3152 uti
775 3129 848 3153 non
874 3119 1050 3163 poterant
1074 3116 1170 3152 sicut
1194 3130 1262 3153 nec
1288 3118 1393 3153 uittis
1420 3118 1592 3153 Isidorus
1610 3118 1621 3163 ss
1652 3120 1695 3151 26
1709 3117 1764 3151 ut
1789 3120 1873 3152 ante
1898 3118 2027 3154 contra

324 3167 445 3202 omisit
468 3165 607 3202 Dwniel
626 3166 637 3211 ΙΙ
663 3166 713 3200 ad
736 3177 910 3200 uonnmvs
936 3175 1035 3210 supr.
1062 3175 1150 3200 vers.
1178 3165 1383 3209 pensilibus
1410 3164 1487 3199 siue
1508 3164 1678 3199 molliter
1703 3163 1830 3199 stratis
1859 3164 1892 3198 Τ
1907 3166 1919 3211 ΙΙ
1944 3166 2025 3212 aut]

324 3217 366 3249 ut
390 3214 529 3249 Daniel
554 3214 592 3248 et
613 3213 819 3248 Masvicius
837 3214 849 3259 ΙΙ
877 3212 1029 3257 quidam
1053 3212 1197 3258 pilenta
1221 3214 1323 3248 tecta
1349 3212 1437 3247 cisia
1461 3211 1575 3257 vulgo
1603 3210 1703 3246 dicta
1728 3211 1882 3247 tradunt
1906 3211 2027 3257 Schef-
