2124 3600
262 995 303 1027 10

261 1352 304 1383 15

260 1710 306 1742 20

263 2067 307 2099 25

325 235 412 278 120
508 295 510 297 Ι
1090 234 1262 272 ⁴samm

323 345 502 401 propria
533 344 756 387 interemit
787 345 831 386 et
862 343 1007 400 opima
1037 344 1186 387 retulit
1219 344 1378 400 spolia,
1410 358 1518 400 quae
1544 344 1630 387 dux
1655 344 1902 387 detraxerat
1931 344 2040 400 duci,

325 417 438 459 sicut
470 414 632 459 Cossus
664 415 784 459 Larti
815 416 1054 459 Tolumnio.

445 487 543 530 856.
595 499 922 531 SVPEREMINET
957 499 1114 531 OMNES
1146 487 1321 530 virtutis
1355 487 1518 530 scilicet
1549 501 1716 544 genere.

424 558 543 602 857.
591 571 689 601 REM
713 571 944 603 ROMANAM
976 561 1138 601 statum
1169 558 1448 614 reipublicae.
1545 569 1791 601 TVRBANTE
1817 569 2040 602 TVMVLTV

325 630 423 674 ideo
457 630 693 684 ‘tumultu',
727 631 829 687 quia
858 645 926 672 res
959 630 1005 672 in
1036 630 1166 672 Italia
1196 631 1390 673 adversus
1423 629 1570 673 Gallos
1603 630 1779 687 geritur.

447 701 546 745 858.
597 713 758 745 sls'rET
792 701 1085 757 confirmabit,
1116 701 1428 746 corroborabit.

446 772 544 816 859.
595 785 863 825 TERTIAQVE
905 785 1036 815 ARMA
1073 784 1214 815 PATRI
1251 784 1522 816 SVSPENDET
1562 784 1716 815 CAPTA
1757 785 1953 825 QVIRINO
1998 775 2041 815 et

326 844 457 888 tertia
494 844 641 900 opima
680 844 820 900 spolia
857 835 1091 900 suspendet
1133 844 1269 900 patri,
1312 844 1355 886 id
1394 847 1459 886 es't
1490 843 1605 898 Iovi,
1644 843 1793 901 ‘capta
1825 843 2040 900 Quirino',

327 916 473 972 qualia
505 918 548 957 et
581 915 788 966 Quirinus
821 918 1012 971 ceperat,
1054 915 1098 957 id
1130 917 1196 957 est
1226 914 1458 970 Romulus,
1497 915 1548 958 de
1579 914 1768 970 Acrone,
1805 929 1907 972 rege
1940 914 2043 958 Cae-

327 987 591 1043 ninensium,
624 990 667 1029 et
699 1002 750 1030 ea
780 986 876 1030 Iovi
907 987 1093 1029 Feretrio
1126 985 1418 1041 suspenderat.
1475 995 1707 1041 possumus
1739 988 1799 1041 et,
1832 986 1945 1042 quod
1979 988 2045 1029 est

328 1059 502 1114 melius,
533 1059 766 1102 secundum
790 1059 934 1114 legem
958 1057 1128 1100 Numae
1160 1057 1275 1100 hunc
1307 1058 1450 1100 locum
1477 1058 1686 1113 accipere,
1718 1057 1792 1113 qui
1823 1058 2044 1113 praecepit

328 1132 470 1187 prima
507 1131 653 1186 opima
691 1129 832 1186 spolia
868 1129 962 1173 Iovi
992 1128 1190 1171 Feretrio
1230 1128 1383 1171 debere
1424 1129 1645 1185 suspendi,
1688 1128 1803 1184 quod
1840 1129 1927 1171 iam
1959 1128 2043 1171 Ro-

328 1203 470 1245 mulus
515 1201 695 1257 fecerat3
740 1201 926 1244 secunda
965 1200 1115 1256 Marti,
1159 1200 1274 1256 quod
1312 1199 1474 1243 Cossus
1519 1200 1639 1258 fecit3
1682 1200 1812 1242 tertia
1850 1200 2044 1255 Quirino,

330 1274 445 1330 quod
482 1273 585 1316 fecit
617 1273 860 1315 Marcellus
923 1271 1128 1322 Quirinus
1168 1273 1312 1314 autem
1352 1274 1419 1314 est
1448 1271 1585 1327 Mars,
1627 1271 1701 1327 qui
1738 1274 1911 1327 praeest
1947 1271 2044 1327 paci

331 1347 374 1387 et
404 1345 520 1388 intra
553 1344 774 1387 civitatem
807 1343 983 1386 colitur:
1014 1358 1117 1385 nam
1147 1342 1253 1385 belli
1277 1342 1396 1386 Mars
1428 1345 1549 1385 extra
1581 1343 1803 1385 civitatem
1833 1342 2043 1398 templum

328 1415 497 1475 habuit.
547 1429 650 1472 ergo
678 1417 752 1458 aut
784 1414 1033 1471 ‘suspendet
1063 1413 1207 1470 patri',
1239 1414 1284 1456 id
1314 1417 1379 1457 est
1403 1413 1516 1457 Iovi:
1550 1415 1625 1456 aut
1657 1413 1907 1470 ‘suspendet
1931 1414 2045 1471 patri

332 1486 545 1538 Quirino'.
606 1487 725 1530 varie
758 1487 809 1530 de
840 1487 922 1529 hoc
952 1487 1048 1529 loco
1080 1487 1273 1529 tractant
1304 1487 1689 1538 commentatores,
1726 1484 1894 1528 Numae
1932 1486 2041 1542 legis

331 1560 610 1615 inmemores,
643 1560 762 1601 cuius
794 1558 901 1600 facit
931 1557 1195 1600 mentionem
1227 1560 1271 1599 et
1303 1557 1463 1600 Livius.

452 1632 550 1674 861.
600 1642 843 1674 EGREGIVM
880 1641 1041 1673 FORMA
1078 1640 1292 1672 IVVENEM
1323 1641 1382 1671 Er
1415 1640 1740 1672 FVLGENTIBVS
1779 1640 1919 1672 ARMIS
1961 1629 2047 1671 tria

333 1706 434 1746 sunt
477 1703 712 1746 secundum
757 1701 1044 1745 Carminium:
1095 1700 1388 1756 pulchritudo,
1433 1702 1571 1756 aetas,
1615 1701 1765 1743 virtus.
1828 1700 2046 1757 significat

333 1777 479 1818 autem
504 1774 777 1829 Marcellum,
801 1773 939 1815 filium
966 1773 1192 1828 Octaviae,
1225 1772 1385 1815 sororis
1406 1771 1611 1828 Augusti,
1639 1786 1765 1828 quem
1792 1771 1877 1814 sibi
1899 1772 2044 1828 Augu-

334 1849 427 1890 stus
466 1845 701 1901 adoptavit.
762 1845 834 1887 hic
872 1846 992 1888 sexto
1037 1845 1202 1887 decimo
1248 1858 1359 1886 anno
1403 1843 1553 1887 incidit
1589 1844 1635 1886 in
1672 1843 1965 1887 valetudinem
2003 1845 2047 1885 et

332 1918 463 1975 periit
504 1919 659 1960 octavo
705 1917 869 1959 decimo
913 1916 960 1958 in
997 1915 1182 1971 Baiano,
1226 1931 1323 1958 cum
1367 1915 1632 1958 aedilitatem
1676 1917 1855 1972 gereret.
1919 1914 2046 1956 huius

334 1992 518 2033 mortem
550 1988 827 2031 vehementer
858 1988 1013 2030 civitas
1045 1987 1200 2030 doluit:
1230 2001 1333 2029 nam
1365 1988 1419 2035 et
1440 1987 1641 2030 adfabilis
1672 1986 1756 2029 fuit
1787 1989 1830 2029 et
1858 1985 2047 2042 Augusti

333 2061 460 2103 filius.
523 2059 578 2102 ad
613 2059 778 2101 funeris
818 2059 945 2102 huius
983 2059 1192 2102 honorem
1233 2057 1455 2114 Augustus
1497 2060 1717 2101 sescentos
1739 2058 1893 2100 lectos
1930 2057 2047 2099 intra

432 2193 474 2224 19
502 2188 576 2224 tria
601 2190 688 2224 sunt
714 2217 722 2225 .
743 2218 750 2225 .
772 2216 780 2223 .
807 2188 843 2224 ei
869 2188 976 2235 dicit]
1011 2199 1126 2223 exscr.
1152 2186 1338 2232 mythogr.
1364 2186 1382 2220 I
1407 2190 1476 2222 226

433 2302 451 2332 1
478 2296 661 2332 interimit
686 2296 731 2331 H
745 2297 757 2343 ΙΙ
777 2296 852 2331 dux
877 2307 943 2331 om.
964 2295 1010 2330 H
1024 2296 1036 2342 ΙΙ
1056 2294 1284 2330 distraxerat
1309 2293 1350 2328 F
1365 2294 1376 2340 ΙΙ
1402 2293 1477 2329 dici
1503 2294 1547 2328 H
1562 2295 1572 2340 ΙΙ
1599 2298 1619 2328 2
1647 2292 1743 2329 sicut
1768 2303 1834 2328 om.
1855 2291 1896 2327 F
1911 2293 1923 2339 Η
1943 2292 2047 2328 Larti

335 2357 401 2382 om.
428 2345 501 2380 AS
509 2344 549 2379 F
565 2346 577 2391 ΙΙ
603 2344 790 2379 columnio
817 2343 845 2379 S
852 2344 895 2378 H
929 2342 1127 2379 toluminio
1154 2342 1191 2377 R
1210 2343 1221 2389 ΙΙ
1252 2346 1272 2377 3
1300 2354 1402 2376 ornus
1430 2342 1477 2376 M
1486 2341 1525 2376 F
1542 2342 1552 2388 ΙΙ
1579 2341 1737 2387 scilicet]
1765 2339 1910 2376 scilicet
1936 2342 1975 2375 et
1998 2339 2047 2383 R,

336 2404 403 2429 om.
423 2392 546 2427 ASH
560 2393 572 2438 ΙΙ
599 2396 619 2427 5
644 2391 745 2437 ideo]
774 2391 836 2427 uel
860 2391 956 2426 bene
981 2390 1067 2426 ideo
1093 2390 1139 2425 H
1171 2390 1264 2425 bene
1292 2389 1339 2424 M
1356 2390 1369 2436 ss
1387 2389 1426 2424 in
1451 2388 1559 2424 italia
1583 2399 1641 2424 res
1669 2389 1718 2423 M
1735 2390 1746 2435 ΙΙ
1766 2392 1786 2424 6
1813 2387 2049 2423 confirmauit

336 2439 423 2476 AF
444 2440 551 2485 (corr.
572 2440 610 2484 a)
630 2440 641 2485 ΙΙ
661 2438 925 2474 conroborauit
950 2438 1034 2474 AF
1057 2439 1163 2483 (corr.
1190 2439 1227 2481 a)
1267 2435 1524 2472 corroborauit
1548 2436 1583 2470 L
1602 2437 1613 2483 Η
1635 2440 1654 2471 7
1680 2437 1733 2483 et]
1761 2435 1821 2471 hic
1845 2435 1881 2470 R
1919 2436 1987 2470 hec
2011 2433 2048 2469 L

335 2488 348 2535 Η
373 2490 394 2523 8
422 2486 547 2532 opima
571 2487 686 2522 tertia
709 2486 758 2521 M
772 2487 784 2533 {l
803 2487 916 2531 capta
936 2485 1106 2532 Quirino]
1137 2487 1247 2529 capta
1273 2484 1395 2519 autem
1424 2482 1570 2528 quirino
1592 2484 1643 2519 M
1678 2485 1789 2529 capta
1814 2482 1951 2518 autem>
1966 2481 2048 2527 qui-

336 2535 419 2571 rino
444 2533 484 2568 id
509 2536 565 2570 est
591 2534 631 2569 F
646 2535 658 2581 ss
678 2538 698 2568 9
726 2534 902 2579 coeperat
926 2533 1006 2568 AR
1033 2534 1137 2578 (corr.
1159 2533 1196 2577 a)
1214 2533 1226 2579 ΙΙ
1246 2530 1474 2568 ceniensium
1499 2531 1572 2566 AS
1580 2531 1659 2566 RL
1698 2529 1947 2567 cecinensium
1971 2529 2017 2564 H
2037 2528 2049 2576 ΙΙ

339 2587 381 2618 11
409 2582 532 2627 legem
557 2593 623 2618 om.
650 2581 722 2616 AS
755 2583 868 2627 (supr.
895 2592 983 2616 vers.
1011 2581 1095 2616 add.
1123 2581 1161 2626 a)
1193 2581 1204 2626 Η
1241 2589 1374 2614 munae
1401 2578 1436 2613 L
1473 2590 1625 2614 numare
1652 2579 1697 2613 H
1730 2579 1775 2622 cf.
1803 2577 1937 2613 Festus
1960 2587 1987 2613 s.
2013 2588 2045 2612 v.

341 2630 472 2675 Opima
496 2630 616 2674 spolia
634 2630 646 2676 ΙΙ
665 2629 830 2674 recipere
851 2628 891 2664 F
907 2630 918 2675 ΙΙ
940 2632 982 2663 12
1003 2629 1138 2664 feretro
1158 2628 1199 2662 Η
1217 2629 1229 2673 ΙΙ
1251 2631 1293 2662 13
1321 2625 1412 2662 fecit
1437 2637 1562 2662 cossus
1584 2626 1624 2661 F
1640 2628 1651 2673 ΙΙ
1672 2630 1716 2661 14
1741 2624 1939 2661 marcellus
1959 2624 2050 2659 fecit

339 2677 380 2713 F
395 2677 407 2723 ΙΙ
432 2676 471 2711 id
497 2677 555 2712 est
578 2688 678 2712 mars
705 2676 745 2711 F
760 2678 772 2722 ΙΙ
798 2676 862 2721 qui
887 2677 1035 2721 praeest
1061 2705 1069 2712 .
1093 2703 1100 2711 .
1123 2703 1129 2710 .
1156 2686 1243 2710 nam
1269 2673 1359 2709 belli
1383 2684 1450 2709 om.
1476 2674 1550 2708 AS
1557 2675 1602 2708 H
1623 2674 1703 2719 (qui
1726 2673 1876 2719 praeest
1900 2671 1986 2717 paci
2011 2674 2050 2706 et

338 2725 439 2760 intra
463 2735 578 2769 supra
602 2736 691 2760 vers.
713 2725 797 2759 add.
819 2735 843 2759 a
868 2725 923 2759 ita
948 2727 989 2758 ut
1015 2724 1119 2758 extra
1143 2723 1285 2767 deleret)
1305 2722 1316 2768 1}
1344 2725 1387 2756 16
1414 2732 1501 2766 ergo
1527 2723 1570 2757 ut
1594 2721 1630 2756 R
1649 2724 1661 2766 ΙΙ
1685 2723 1750 2756 aut
1775 2748 1784 2757 .
1807 2747 1814 2754 .
1838 2747 1845 2754 .
1875 2717 2047 2764 Quirino]

338 2774 405 2808 aut
429 2770 530 2817 patri
554 2771 594 2806 id
621 2773 678 2807 est
701 2771 814 2806 marti
839 2771 986 2815 quirino
1011 2773 1059 2805 M
1072 2772 1084 2817 ΙΙ
1112 2770 1211 2815 patri
1236 2780 1302 2805 om.
1331 2769 1359 2804 S
1382 2769 1394 2814 Η
1426 2772 1469 2803 17
1496 2768 1615 2815 varie]
1643 2770 1681 2804 ct
1705 2767 1807 2804 varie
1833 2766 1874 2802 F
1894 2767 1907 2811 11
1940 2769 1984 2801 18
2011 2767 2049 2801 et

339 2818 467 2855 Livius
488 2830 554 2855 om.
571 2820 622 2854 M
645 2820 701 2865 (in
718 2829 833 2863 marq.
853 2819 972 2863 suppl.
993 2818 1042 2863 m)
1062 2819 1073 2864 ΙΙ
1091 2817 1203 2852 liuias
1223 2817 1269 2852 H
1300 2815 1412 2851 libius
1434 2815 1480 2851 F.
1507 2817 1550 2851 in
1576 2817 1680 2852 libris
1704 2816 1769 2861 qui
1792 2815 1897 2851 hodie
1922 2816 2049 2848 emtam

340 2878 418 2902 eam
444 2867 551 2910 leyem
576 2877 651 2902 non
672 2869 921 2902 commemorat
939 2865 1072 2900 Livius
1091 2866 1102 2911 ΙΙ
1122 2869 1167 2900 20
1193 2863 1411 2899 corminium
1431 2863 1474 2898 H
1490 2865 1501 2910 ΙΙ
1520 2863 1732 2909 pulcritudo
1752 2862 1793 2898 F
1807 2864 1820 2907 ΙΙ
1839 2866 1883 2897 21
1910 2860 2046 2896 macel-

339 2913 418 2949 lum
444 2913 486 2948 F
508 2915 520 2959 ΙΙ
551 2917 595 2948 22
621 2913 821 2949 adobtauit
845 2913 886 2947 F
901 2915 913 2958 ΙΙ
940 2912 1076 2957 incipit
1100 2912 1180 2947 FG
1204 2913 1215 2958 l}
1246 2910 1461 2947 ualetudine
1488 2913 1522 2946 A
1561 2909 1770 2946 ualitudine
1797 2910 1826 2945 S
1833 2909 1879 2945 H
1911 2907 2047 2943 ualitu-

341 2961 466 2997 dinem
485 2961 522 2995 R
530 2961 564 2996 G
594 2959 850 2997 ualetudinem
872 2961 921 2995 Μ
926 2960 996 2995 Fa
1032 2959 1073 2994 in
1097 2959 1351 2994 valetudinem
1378 2959 1484 3004 vulyo
1504 2959 1515 3004 ΙΙ
1542 2963 1586 2994 23
1606 2958 1735 3005 periit]
1761 2957 1859 3002 perit
1877 2956 1916 2991 in
1936 2954 1977 2989 F
1984 2954 2018 2989 G
2037 2955 2046 3001 Η

340 3009 375 3044 Χ
400 3010 440 3044 et
462 3008 550 3044 VIII
575 3009 620 3042 H
646 3010 657 3054 ΙΙ
689 3008 847 3055 Baiano]
873 3007 1011 3043 baiona
1035 3006 1103 3042 Ra
1129 3008 1233 3050 (corr.
1259 3007 1293 3051 r)
1331 3005 1470 3041 baionu
1495 3006 1540 3040 H
1572 3005 1731 3040 libriano
1759 3005 1809 3039 M
1837 3005 1849 3050 ΙΙ
1881 3002 1982 3048 cum]
2010 3006 2048 3038 et

342 3068 427 3092 cum
452 3055 526 3091 AS
533 3055 578 3090 H
600 3056 653 3100 (et
677 3057 743 3091 del.
765 3058 801 3100 a)
821 3057 832 3102 ΙΙ
851 3055 1043 3101 gereretur
1061 3054 1106 3088 H
1119 3054 1132 3098 ΙΙ
1150 3056 1196 3088 24
1223 3052 1388 3088 ciuitatis
1413 3053 1459 3087 H
1473 3053 1485 3098 ΙΙ
1504 3056 1550 3087 25
1574 3052 1688 3098 filius]
1714 3062 1781 3096 per
1807 3049 2047 3096 adoptionem

343 3116 428 3151 add.
456 3114 497 3150 F
520 3115 533 3161 ΙΙ
565 3114 749 3149 sescentos
774 3114 909 3160 lectos]
942 3117 983 3149 oc
1007 3113 1126 3149 lectos
1151 3112 1188 3146 A
1217 3112 1291 3155 (sed
1317 3122 1336 3146 c
1361 3111 1402 3146 in
1427 3122 1499 3146 ras.
1526 3113 1562 3155 α)
1590 3110 1754 3146 delectos
1779 3109 1816 3144 R
1853 3103 1981 3145 dalea}
2006 3110 2052 3145 H

343 3163 567 3208 quingentos
593 3160 731 3196 electos
750 3161 1034 3207 mythoyraphus
1052 3161 1064 3207 ΙΙ
1081 3159 1178 3194 intra
1197 3157 1390 3194 ciuitatem
1410 3156 1464 3192 ire
1484 3158 1574 3192 RH
1576 3170 1616 3193 a:
1643 3156 1743 3192 intra
1762 3157 1954 3192 ciuitatem
1974 3156 2049 3192 AS

343 3210 396 3245 ire
421 3210 521 3245 intra
545 3208 738 3244 ciuitatem
764 3208 815 3242 M
845 3209 984 3244 intrare
1011 3207 1203 3244 ciuitatem
1229 3205 1307 3240 FG
