2124 3600
330 675 351 706 &¹

310 1032 353 1064 10

310 1390 353 1422 15

309 1748 354 1780 20

381 270 468 313 160
504 241 519 255 ’
1159 270 1320 306 SERVH

495 379 595 422 464.
645 390 785 421 var
825 390 962 422 mrvs
1001 390 1142 430 AQVAI
1178 390 1389 422 trvnmvs
1434 379 1478 421 id
1517 381 1583 421 est
1628 394 1765 435 aquae
1811 380 1969 422 amnis:
2012 395 2090 422 nec

378 451 599 507 inmerit03
629 465 730 492 nam
763 452 910 505 potest
941 464 1033 492 esse
1067 453 1110 492 et
1142 451 1320 493 alterius
1353 451 1415 493 rei
1448 451 1607 504 amnis,
1640 453 1689 493 ut
1723 451 1917 494 fluvios
1949 451 2091 494 videt

377 523 468 564 ille
501 522 712 565 cruoris.
762 521 872 564 hanc
905 524 1052 564 autem
1084 521 1298 565 diaeresin
1323 522 1463 565 Tucca
1489 525 1531 565 et
1555 522 1714 566 Varius
1746 522 1958 566 fecerunt:
1989 538 2090 566 nam

376 593 597 650 Vergilius
639 593 700 635 sic
731 593 967 648 reliquerat
1004 592 1136 635 furit
1174 594 1313 636 intus
1353 608 1511 649 aquae
1554 595 1717 637 amnis
1760 598 1804 636 et
1845 595 2092 637 exuberat

378 665 559 708 amnis:
602 665 714 720 quod
756 665 863 707 satis
907 679 1107 720 asperum
1147 664 1242 707 fuit.
1304 665 1531 707 notandum
1568 666 1677 719 quod
1712 666 1759 708 in
1798 669 1876 708 toto
1915 666 2091 721 Veryilio

377 750 463 778 non
492 737 754 791 reperiuntur
791 736 876 778 nisi
905 739 1100 790 quattuor
1130 737 1344 792 diaereses,
1383 736 1457 779 hoc
1494 737 1594 791 loco,
1632 739 1670 779 et
1706 737 1752 779 in
1790 738 1904 779 tertio
1936 736 2092 794 <354>‚

376 811 424 850 ut
465 808 610 850 aulai
654 808 809 850 medio
855 808 1081 850 libabant
1114 807 1298 862 pocula
1334 807 1539 863 Bacchi,
1582 810 1621 849 et
1661 808 1709 850 in
1754 808 1826 851 VI.
1865 807 2008 863 <747>
2046 811 2095 850 ut

377 881 528 922 aurai
563 880 812 934 simplicis
848 880 1025 935 iynem,
1066 882 1103 921 et
1140 880 1186 921 in
1217 878 1300 921 IX.
1335 879 1450 934 <26>
1488 879 1623 922 dives
1658 879 1819 933 pictai
1859 880 2009 922 vestis
2050 882 2093 922 et

377 952 508 994 auri

497 1023 598 1065 466.
648 1035 741 1066 NEC
768 1035 852 1065 IAM
880 1035 932 1066 SE
961 1034 1094 1065 CAPIT
1120 1034 1249 1065 VNDA
1283 1022 1436 1064 melius
1468 1036 1597 1077 quam
1624 1022 1660 1064 si
1686 1022 1848 1064 diceret
1879 1022 1979 1064 ‘nec
2005 1022 2091 1064 iam

379 1109 457 1136 vas
491 1094 649 1137 undam
683 1094 834 1150 capit'.

497 1166 597 1209 467.
647 1177 772 1209 ERGO
803 1165 848 1208 id
881 1167 946 1209 est
979 1165 1081 1220 quia
1113 1165 1173 1207 sic
1204 1165 1406 1207 incensus
1439 1167 1515 1207 est.
1625 1175 1841 1208 POLLVTA
1874 1177 1989 1208 PACE
2023 1165 2092 1208 vel

382 1252 477 1292 sua,
510 1238 577 1280 vel
609 1236 907 1280 Troianorum.

497 1310 597 1351 468.
647 1321 826 1352 INDICIT
859 1309 1029 1364 signate
1060 1309 1238 1354 venbum
1271 1308 1474 1351 bellicum
1506 1308 1663 1363 posuit.

498 1381 597 1423 471.
647 1393 696 1423 IN
729 1393 854 1424 VOTA
886 1393 1089 1425 VOGAVIT
1130 1381 1232 1436 quia
1266 1379 1524 1435 nuncupatis
1558 1379 1669 1421 votis
1703 1379 1819 1422 bella
1851 1380 2091 1423 sumebant.

499 1453 598 1495 473.
647 1454 775 1496 H'vnc
819 1464 970 1496 Dncvs
1014 1463 1256 1495 EGREGIVM
1301 1462 1490 1494 FORMAE
1536 1462 1698 1493 MOVET
1749 1450 1883 1492 Turni
1929 1451 2092 1493 scilicet

381 1523 526 1579 deeus3
559 1539 661 1566 nam
691 1524 775 1567 hoc
807 1524 927 1566 dicit:
963 1524 1069 1566 alios
1103 1522 1375 1579 pulchritudo
1402 1521 1554 1575 Turni,
1587 1521 1697 1563 alios
1724 1522 1948 1577 nobilitas,
1981 1522 2090 1565 alios

379 1595 517 1637 virtus
550 1596 754 1639 movebat
785 1595 838 1638 ad
870 1596 1043 1638 bellum.
1097 1609 1196 1637 nam
1229 1594 1310 1636 hoc
1343 1595 1409 1635 est
1441 1591 1614 1634 ‘animis
1647 1592 1880 1635 audacibus
1913 1593 2092 1650 implet',

379 1667 426 1708 id
454 1670 512 1709 est
538 1667 732 1720 fortibus,
773 1667 1014 1710 adfectione
1048 1666 1113 1709 sui
1146 1665 1269 1707 inicit
1302 1664 1500 1706 omnibus
1533 1664 1951 1719 magnanimitatem.
2000 1666 2091 1719 qui-

381 1739 479 1780 dam
509 1738 605 1780 haec
635 1740 693 1781 ad
720 1739 920 1794 sinquloss,
950 1739 1023 1792 qui
1052 1751 1094 1780 se
1123 1738 1170 1779 in
1201 1750 1322 1778 arma
1352 1735 1641 1787 hortabantur,
1672 1736 1820 1789 referri
1849 1737 2000 1779 volunt.

499 1810 600 1853 477.
649 1822 769 1852 ARTE
796 1822 923 1853 NOVA
956 1810 1066 1852 dolo.
1168 1820 1435 1852 SPECVLATA
1467 1819 1627 1851 Locvm
1661 1819 1755 1859 Qvo
1787 1820 1960 1852 mronn
1991 1824 2090 1864 pro-

443 1967 511 2047 26213
535 1963 684 2048 ἓιόνέε]
720 1964 808 2000 Luc.
843 1963 894 1999 1V
921 1967 989 2000 785
1033 1964 1045 2010 ΙΙ
1089 1966 1109 1998 5
1141 1962 1347 1998 notandum
1379 1974 1410 1998 e.
1437 1973 1472 2006 q.
1499 1962 1559 2008 s.].
1584 1961 1630 1997 cf.
1659 1960 1802 2008 [Probi]
1836 1961 1881 1996 de
1913 1962 1979 1999 ult.
2007 1962 2089 2008 syll.

380 2023 417 2057 p.
491 2036 523 2057 ·‚
646 2040 654 2047 .

382 2154 588 2190 adibebant
612 2155 646 2190 L
683 2154 866 2191 adhibant
890 2154 939 2189 F.
978 2154 1090 2189 costis
1116 2154 1154 2189 id
1181 2154 1237 2188 est
1262 2151 1443 2188 lateribus
1469 2154 1511 2187 ut
1536 2153 1666 2198 (yeory.
1691 2152 1708 2186 I
1735 2153 1818 2198 273)
1844 2151 1941 2188 tardi
1967 2153 2090 2188 costas

381 2202 548 2248 agitator
573 2202 680 2238 aselli
707 2201 828 2247 (oselli
853 2202 908 2247 F)
933 2203 1018 2237 add.
1044 2200 1263 2237 ASRMF
1277 2203 1290 2246 ΙΙ
1323 2204 1340 2235 1
1368 2213 1471 2236 rvm‘r
1497 2213 1597 2236 mrvs
1623 2211 1689 2235 om.
1710 2201 1783 2235 AS
1799 2201 1812 2245 ss
1840 2211 1948 2240 AQvu
1973 2200 2087 2235 HM:

381 2262 499 2289 Avan
524 2250 598 2285 AS
632 2261 730 2289 AQvA
754 2250 790 2284 L
825 2261 944 2288 AQVAE
975 2263 1031 2285 V1s
1057 2250 1070 2284 l
1100 2260 1118 2284 e
1141 2248 1341 2293 Reyinensi
1365 2252 1398 2282 et
1424 2247 1660 2283 Floriacensi
1683 2258 1771 2292 quos
1795 2258 1876 2283 cum
1900 2247 2088 2282 Idoniano

381 2298 580 2342 exemplari
604 2309 714 2338 Avar
739 2297 924 2332 eoehz'bente
949 2297 1087 2332 contuli
1110 2297 1205 2332 nihil
1230 2296 1373 2330 enotavi
1391 2296 1404 2340 ΙΙ
1422 2295 1461 2330 id
1487 2295 1561 2341 est]
1587 2306 1652 2330 om.
1673 2295 1760 2329 LH
1781 2295 1881 2339 (add.
1901 2294 1939 2338 l),
1965 2295 2004 2329 id
2029 2294 2089 2329 est

381 2344 546 2379 fumidus
571 2345 610 2379 D
629 2345 641 2390 ΙΙ
666 2348 687 2379 2
714 2344 869 2379 altar-ius
894 2343 932 2378 R
951 2345 962 2390 ΙΙ
980 2344 1114 2379 fluuius
1140 2347 1172 2378 et
1198 2353 1346 2378 cruores
1372 2342 1418 2377 F.
1457 2342 1589 2378 fluvios
1614 2353 1689 2378 non
1714 2342 1779 2377 ille
1806 2341 1946 2378 cruoris
1973 2353 2086 2377 mem-

382 2392 607 2436 brorumque
633 2391 737 2427 videt
761 2391 908 2437 lapsum
934 2392 1111 2427 Lucanus
1130 2392 1141 2437 ΙΙ
1173 2395 1193 2425 3
1219 2389 1379 2426 dieresin
1405 2390 1522 2435 librifl
1548 2390 1672 2424 uarius
1699 2390 1755 2425 H:
1781 2401 1893 2425 uatus
1918 2390 2051 2435 reliqui
2077 2389 2086 2436 Η

382 2443 405 2473 4
431 2439 521 2474 furit
544 2439 584 2474 in
609 2439 724 2484 (intus
750 2440 775 2484 l)
791 2447 903 2484 'aque
935 2439 1055 2474 amnis
1088 2440 1125 2474 et
1156 2438 1333 2474 exuberat
1358 2437 1477 2472 amnis
1502 2437 1537 2472 L
1579 2435 1696 2484 fulsi-it
1719 2438 1820 2472 intus
1846 2447 1943 2482 aque
1969 2436 2088 2472 amnis

383 2487 422 2522 et
452 2486 632 2521 exuberat
662 2487 706 2521 ut
736 2497 857 2532 aquae
890 2485 1008 2522 omnis
1040 2486 1085 2521 H
1123 2485 1214 2521 furit
1243 2485 1344 2521 intus
1377 2496 1496 2530 aquae
1529 2485 1648 2520 amnis
1684 2485 1721 2520 et
1756 2484 1935 2520 exuberat
1970 2495 2087 2529 aquae

383 2533 502 2569 amnis
535 2534 586 2568 M
626 2546 729 2570 rvm'r
758 2547 858 2570 mrvs
889 2545 1006 2574 Aqun
1038 2546 1145 2569 smus
1176 2546 1218 2567 m
1250 2544 1433 2569 nxvnmwr
1463 2544 1581 2572 AQvAn
1613 2544 1719 2568 AMNIS
1753 2532 1826 2568 AS
1867 2531 1958 2567 furit
1987 2532 2087 2567 intus

383 2592 503 2626 aquae
529 2581 649 2617 amnis
674 2581 714 2617 id
740 2582 797 2617 est
820 2581 911 2617 furit
935 2581 1035 2617 intus
1063 2593 1160 2627 aqua
1185 2583 1224 2617 et
1247 2580 1367 2616 amnis
1392 2579 1571 2615 exuberat
1589 2580 1625 2615 R
1663 2579 1754 2615 furit
1778 2579 1879 2615 intus
1906 2589 2024 2624 aquae
2050 2578 2088 2613 id

384 2630 442 2664 est
466 2627 557 2663 furit
581 2629 683 2664 intus
718 2640 837 2674 aquae
869 2629 988 2664 amnis
1018 2630 1195 2664 exuberat
1226 2629 1269 2664 ut
1293 2639 1390 2673 aque
1416 2627 1533 2662 amnis
1560 2627 1601 2662 F
1635 2627 1726 2662 furit
1749 2626 1848 2662 intus
1875 2637 1994 2671 aquae
2019 2626 2088 2671 vis,

383 2675 560 2711 Fumidus
593 2676 707 2721 atque
738 2677 815 2712 alte
848 2676 988 2721 spumis
1014 2677 1194 2712 exuberat
1219 2675 1339 2711 amnis
1367 2676 1593 2719 Masvicius,
1628 2676 1782 2719 fortasse
1806 2686 1850 2710 ea·
1876 2674 1997 2710 Pierii
2020 2674 2088 2709 ad-

382 2724 585 2767 notatione,
617 2724 681 2769 qui
705 2724 747 2759 in
771 2734 884 2759 manu
908 2724 1056 2769 scriptis
1081 2724 1203 2760 Servii
1228 2723 1495 2759 commentariis
1522 2722 1655 2768 ‘aquae
1679 2722 1747 2758 vis’
1775 2733 1811 2758 se
1836 2722 1958 2768 leyisse
1983 2724 2088 2757 testa-

383 2775 454 2807 tur.
502 2771 592 2806 furit
615 2771 715 2806 intus
741 2782 860 2816 aquae
888 2770 961 2823 [vis
988 2770 1150 2807 fumidus
1176 2771 1291 2816 atque
1316 2771 1392 2806 alte
1418 2769 1560 2815 spumis
1586 2769 1781 2816 exuberat]
1808 2768 1939 2814 amnis,
1965 2767 2005 2803 id
2029 2769 2088 2803 est

382 2818 473 2854 furit
495 2818 596 2854 intus
622 2829 721 2862 aqua
745 2819 784 2854 et
808 2818 928 2854 amnis
954 2819 1131 2854 exuberat
1156 2820 1248 2855 coni.
1274 2817 1495 2854 Ribbeck-ius
1514 2818 1651 2863 prolege.
1673 2828 1713 2862 p.
1740 2820 1786 2852 94
1804 2818 1816 2862 ΙΙ
1835 2820 1856 2852 ὅ
1882 2815 2086 2852 notandum

385 2894 392 2901 .
421 2895 428 2903 .
457 2894 464 2901 .
497 2865 578 2901 auri
608 2876 625 2901 e
653 2866 860 2902 Turonensi
890 2865 1029 2901 Daniel
1062 2866 1186 2902 edidit.
1231 2866 1277 2909 cf.
1305 2866 1446 2902 Probus
1478 2865 1521 2901 de
1551 2866 1615 2900 ult.
1642 2865 1721 2910 syll.
1749 2875 1789 2909 p.
1816 2867 1905 2907 263,
1929 2867 1974 2899 21
2001 2863 2049 2898 K.
2076 2862 2088 2910 ΙΙ

384 2917 405 2949 6
430 2912 607 2949 diaeresis
635 2913 669 2947 Τ
684 2914 697 2959 ΙΙ
719 2916 761 2949 10
786 2913 894 2949 schol.
922 2913 972 2949 ad
995 2924 1027 2948 v.
1054 2917 1123 2949 466
1149 2924 1215 2949 om.
1242 2913 1279 2948 R
1298 2914 1309 2959 ΙΙ
1337 2917 1377 2948 11
1407 2912 1524 2958 capit]
1550 2911 1749 2948 Homerica
1775 2912 1832 2947 est
1858 2910 2086 2957 comparatio

383 2961 450 3007 (Il.
477 2960 564 2996 XXI
584 2964 652 2996 362
672 2962 759 3007 sqq.)
786 2958 835 3002 ὡς
861 2958 903 2996 δὲ
928 2958 1039 3007 λέβης
1065 2987 1073 2995 .
1094 2988 1102 2995 .
1124 2988 1131 2995 .
1159 2957 1333 3005 κάγκανα
1358 2964 1480 2996 κεῖται
1506 2960 1590 2995 add.
1611 2959 1822 2995 Fabricius.
1849 2959 1894 3002 cf.
1918 2958 2085 3006 Maerob.

383 3009 463 3045 Sat.
490 3009 522 3044 V
551 3011 605 3052 11,
626 3011 671 3043 23
690 3010 702 3055 ΙΙ
724 3012 765 3044 12
791 3009 983 3044 incensum
1008 3007 1044 3042 L
1070 3008 1174 3053 (corr.
1197 3008 1222 3052 l)
1243 3009 1255 3053 ΙΙ
1276 3011 1320 3042 14
1346 3007 1507 3053 signate]
1535 3006 1692 3052 figurate
1719 3006 1926 3050 Stephanus
1950 3008 1982 3040 et
2009 3005 2087 3040 Da-

382 3057 457 3092 niel
474 3057 488 3102 ΙΙ
510 3055 603 3091 belli
628 3056 837 3101 composuit
861 3056 896 3091 L
919 3057 931 3103 ΙΙ
964 3058 1006 3090 15
1032 3055 1135 3101 quia]
1163 3055 1228 3100 qui
1254 3054 1294 3089 F
1309 3056 1322 3100 ΙΙ
1349 3053 1577 3099 nuncupaeis
1603 3053 1639 3088 A
1676 3052 1906 3098 nunciipacis
1931 3051 1961 3087 S
1996 3064 2087 3087 nun-

384 3105 540 3150 cupatus
565 3103 606 3138 F
639 3108 726 3148 post
756 3102 978 3149 nuncupatis
1008 3113 1122 3148 supra
1152 3101 1294 3138 versum
1324 3102 1366 3137 in
1397 3101 1587 3148 Lipsiensi
1612 3099 1645 3135 .s.
1670 3101 1816 3145 siqnum
1844 3100 2004 3144 positum
2036 3101 2089 3135 est

383 3162 454 3197 quo
478 3152 520 3187 in
543 3161 659 3197 rna-ry.
684 3151 814 3187 iterato
838 3152 925 3187 haec
950 3150 1137 3196 adscripta
1160 3152 1246 3185 sunt
1276 3147 1315 3184 id
1347 3149 1404 3184 est
1436 3147 1599 3192 acceptis
1631 3147 1793 3182 militum
1826 3146 2086 3192 sponsionibus

384 3199 517 3244 quibus
541 3198 780 3234 deuonebant
803 3198 843 3234 in
866 3198 968 3234 bella
985 3199 998 3246 ΙΙ
1015 3198 1117 3234 bello
1142 3197 1210 3252 FJ!
1239 3200 1282 3232 16
1308 3209 1422 3231 noum·
1446 3196 1482 3230 A
1501 3196 1513 3240 ll
1540 3198 1582 3230 17
1609 3194 1784 3230 nobiliter
1809 3194 1844 3229 R
1863 3196 1874 3240 11
1897 3198 1939 3229 19
1965 3194 2003 3229 id
2029 3195 2086 3228 est

383 3257 484 3292 supr.
510 3257 598 3282 vers,
625 3246 668 3292 ΖΗ
688 3245 897 3282 adfectione
924 3275 931 3282 .
954 3274 960 3281 .
984 3274 990 3281 .
1017 3244 1364 3290 magnanimitatem
1391 3254 1446 3278 om
1486 3242 1525 3277 F
1541 3243 1552 3287 ΙΙ
1581 3245 1621 3276 21
1652 3253 1719 3286 pro
1745 3242 1831 3277 dolo
1858 3241 1899 3276 F
1914 3243 1925 3288 ΙΙ
1950 3254 2020 3281 QVA
2046 3240 2090 3275 II
