2124 3600
536 274 687 311 GOMM.
714 275 767 310 IN
792 274 935 310 VERG.
962 275 1074 309 AEN.
1101 274 1151 309 VI
1177 279 1374 310 247—264.
1758 272 1817 313 45

224 381 322 425 253.
374 394 544 426 SOLIDA
581 395 773 426 INPONIT
811 394 1068 426 TAVRORVM
1106 394 1306 426 VISCERA
1343 395 1550 426 FLAMMIS
1594 397 1682 425 non
1723 384 1820 424 exta

106 453 228 510 dicit,
267 454 341 496 sed
381 469 549 511 carnes,
587 469 689 497 nam
722 453 928 497 ‘viscera'
962 456 1064 496 sunt
1094 454 1297 510 quicquid
1328 454 1442 496 inter
1473 469 1573 497 ossa
1604 456 1647 496 et
1678 455 1820 496 cutem

109 528 191 568 est:
223 525 334 568 unde
366 526 498 569 etiam
529 526 758 569 visceratio
792 526 966 582 dicitur,
998 528 1047 568 ut
1078 525 1265 568 diximus
1298 541 1427 582 supra
1455 525 1506 581 <I
1532 525 1660 580 211).
1717 538 1819 580 ergo

105 612 182 653 per
214 596 371 639 ‘solida
396 597 579 640 viscera'
610 597 916 640 holocaustum
944 597 1182 653 significat,
1215 596 1330 653 quod
1356 596 1558 638 detractis
1585 597 1693 638 extis
1720 610 1820 638 arae

106 668 534 724 superinponebatur.
581 683 690 724 quae
715 684 1043 725 nonnumquam
1074 669 1222 711 abluta
1242 671 1286 711 et
1308 668 1420 710 elixa
1446 668 1579 710 etiam
1605 668 1702 723 ipsa
1726 667 1819 709 red-

105 740 336 782 debantur:
367 740 479 782 unde
504 740 637 782 infert
663 739 862 782 efundens
889 740 1140 783 ardentibus
1167 739 1305 782 extis'.
1351 753 1613 795 quamquam
1641 739 1716 780 alii
1741 753 1819 794 pro

105 814 230 868 parte
261 810 405 854 totum
437 812 592 868 velint,
624 813 674 854 ut
705 826 783 866 per
815 814 914 854 exta
945 814 1087 854 totum
1120 812 1283 854 animal
1314 811 1606 867 intellegatur.

223 882 322 926 255.
371 895 503 925 PRIMI
535 895 620 926 SVB
650 895 832 925 LVMINA
864 895 993 926 SOLIS
1027 896 1086 925 ET
1120 895 1270 927 ORTVS
1310 883 1432 938 atqui
1462 883 1570 925 haec
1602 897 1742 938 sacra,
1773 885 1821 924 ut

104 954 270 1010 (11011111,
313 968 392 1010 per
434 957 606 998 noctem
644 955 817 997 fiebant.
881 955 954 997 sed
992 956 1162 998 locutus
1201 958 1267 998 est
1306 954 1539 997 secundum
1576 953 1821 996 Romanum

104 1026 255 1082 ritum,
293 1040 377 1082 quo
416 1026 506 1068 dies
538 1026 726 1069 ereditur
758 1042 783 1068 0
814 1026 956 1069 medio
988 1027 1129 1069 noctis
1162 1027 1371 1081 incipere:
1411 1026 1488 1068 illo
1530 1028 1676 1068 autem
1713 1026 1821 1081 loco,

105 1112 189 1152 quo
223 1097 329 1140 dicit
361 1097 506 1153 <539>
540 1098 646 1141 ‘nox
677 1097 767 1140 ruit
798 1097 982 1153 Αο1100’,
1018 1112 1107 1140 non
1137 1098 1275 1154 venit,
1307 1098 1382 1140 sed
1412 1098 1562 1140 finitur
1593 1097 1820 1153 significat.

105 1183 366 1225 quamquam
408 1169 483 1212 alii
523 1169 669 1212 dicant
708 1183 831 1211 sacra
868 1169 975 1211 haec
1009 1184 1034 1211 a
1066 1169 1207 1212 medio
1247 1169 1314 1211 die
1351 1169 1552 1224 incipere
1574 1170 1616 1210 et
1646 1168 1821 1224 perduci

104 1255 239 1296 usque
284 1240 337 1283 ad
376 1240 563 1283 mediam
606 1242 797 1283 noctem:
848 1240 962 1297 quod
1006 1240 1063 1282 si·
1086 1243 1170 1296 est,
1216 1239 1322 1283 ‘nox
1365 1239 1475 1282 ruit'
1519 1241 1666 1295 potest
1702 1240 1822 1282 venit

108 1311 364 1368 significare.

223 1383 321 1426 257.
371 1388 603 1434 VISAEQVE
637 1394 786 1426 CANES
819 1395 1040 1427 VLVLARE
1085 1383 1147 1426 ita
1182 1383 1372 1426 numinis
1405 1383 1716 1426 ostendebatur
1748 1383 1819 1425 ad-

104 1457 269 1498 ventus.
321 1454 481 1498 ‘canes'
516 1457 660 1497 autem
686 1455 839 1497 Furias
873 1455 978 1498 dicit
1002 1455 1202 1498 Lucanus
1236 1454 1330 1511 <VI
1358 1455 1472 1510 733>
1506 1454 1819 1514 Stygiasque

103 1541 256 1578 canes
298 1527 351 1568 in
391 1527 504 1569 luce
543 1541 766 1582 superna
803 1527 1106 1583 destituam,
1145 1527 1257 1569 sicut
1294 1527 1426 1569 etiam
1466 1526 1652 1569 diximus
1691 1541 1820 1582 supra

104 1597 199 1652 <III
231 1598 358 1652 209).
423 1597 617 1640 ‘ululare'
651 1600 795 1641 autem
827 1602 871 1641 et
902 1613 1057 1641 canum
1089 1601 1133 1640 et
1163 1596 1391 1640 Furiarum
1425 1600 1503 1640 est.

222 1670 320 1713 258.
370 1682 692 1713 ADVENTANTE
730 1682 827 1713 DEA
865 1670 962 1726 ipsa
1006 1670 1172 1713 scilieet
1208 1669 1479 1726 Proserpina.
1610 1681 1818 1712 PROFANI

105 1741 178 1796 qui
211 1756 298 1784 non
331 1741 436 1783 estis
469 1741 650 1798 initiati,
684 1738 899 1797 ἀμύητοι,
931 1741 1127 1797 βέβηλοι.

224 1812 322 1855 259.
373 1824 594 1864 TOTOQVE
633 1824 875 1856 ABSISTITE
914 1824 1038 1856 Lvoo
1080 1813 1163 1856 hoc
1205 1815 1286 1865 est,
1326 1828 1414 1856 non
1454 1815 1625 1855 tantum
1664 1829 1690 1855 a
1722 1828 1817 1869 spe-

105 1884 252 1938 lunca,
285 1883 359 1926 sed
392 1884 445 1926 ab
478 1884 597 1926 omni
629 1884 714 1926 luci
745 1884 971 1927 vicinitate
1005 1884 1222 1927 discedite.

225 1955 323 1997 260.
372 1966 550 1997 INVADE
583 1966 698 1997 VIAM
728 1955 964 2011 ingredere.

223 2027 321 2068 262.
372 2038 552 2069 FVRENS
585 2026 664 2068 deo
696 2026 843 2082 plena:
876 2029 951 2069 aut
983 2028 1097 2069 certe
1131 2027 1284 2069 similis
1314 2026 1490 2070 furenti.

223 2098 320 2140 264.
371 2110 440 2140 DII
478 2109 647 2149 QVIBVS
685 2109 913 2140 IMPERIVM
950 2109 1036 2141 EST
1074 2110 1325 2141 ANIMARVM
1365 2099 1520 2153 plenus
1563 2099 1683 2142 loeus
1728 2100 1818 2142 alta

108 2170 333 2225 sapientia.
385 2169 436 2212 de
468 2185 554 2225 qua
585 2169 702 2212 varie
734 2169 953 2212 disserunt
984 2170 1256 2226 philosophi:
1288 2185 1388 2212 nam
1422 2170 1571 2213 dicunt
1601 2186 1678 2226 per
1709 2171 1816 2214 alios

105 2240 272 2282 animas
311 2240 364 2282 ad
402 2240 566 2283 inferos
605 2240 721 2296 duci,
761 2243 811 2282 ut
848 2240 941 2296 <IV
972 2241 1089 2296 242>
1127 2242 1222 2284 hac
1266 2242 1463 2284 animas
1504 2243 1592 2284 ille
1637 2245 1818 2285 evocat

105 2311 233 2355 Orco
271 2307 549 2368 pallentes,
591 2312 721 2355 alias
760 2313 851 2354 sub
885 2312 1109 2355 Tartara
1148 2313 1330 2355 tristia
1370 2313 1556 2370 mittit3
1597 2315 1703 2357 item
1740 2329 1817 2370 per

201 2457 221 2488 3
249 2464 336 2499 ergo
364 2481 371 2488 .
393 2480 400 2488 .
422 2481 430 2488 .
456 2453 567 2499 extis]
593 2464 708 2489 exscr.
733 2454 919 2500 mythogr.
946 2453 998 2488 III
1024 2458 1056 2498 6,
1084 2458 1128 2490 32

205 2587 226 2618 3
254 2582 409 2631 dicitur]
435 2583 648 2620 convivium
674 2584 720 2619 (10
746 2582 920 2619 carnibus
946 2583 1087 2620 factum
1113 2585 1198 2621 add.
1225 2585 1427 2621 Fabricius
1456 2588 1469 2633 Η
1506 2591 1528 2622 4
1553 2598 1619 2632 per
1645 2599 1712 2623 om.
1738 2587 1784 2622 H
1804 2588 1815 2634 ΙΙ

108 2630 268 2677 viscera]
294 2630 495 2667 uisceratio
520 2631 557 2667 R
581 2633 593 2679 ΙΙ
622 2632 909 2667 holochaustum
934 2631 981 2666 H
1002 2633 1013 2678 ΙΙ
1044 2635 1065 2667 5
1092 2631 1477 2678 superinponebantur
1503 2635 1552 2669 M
1575 2636 1586 2681 ΙΙ
1611 2646 1815 2681 numquam

106 2678 181 2714 AS
206 2679 312 2722 (corr.
339 2679 376 2724 a)
396 2680 408 2725 ΙΙ
438 2678 567 2714 abluta
592 2680 631 2714 et
656 2678 754 2715 elixa
781 2679 875 2715 Ma:
903 2680 1034 2714 abluta
1060 2679 1157 2715 elixa
1181 2680 1218 2715 R
1255 2681 1407 2717 ablutae
1434 2681 1528 2717 elixe
1554 2682 1627 2717 AS
1662 2682 1815 2718 ablutae

108 2725 205 2761 elixa
230 2726 273 2760 H
295 2727 306 2771 ΙΙ
334 2725 541 2761 reddebant
566 2726 594 2762 S
617 2728 629 2773 ΙΙ
658 2731 676 2761 7
703 2727 786 2773 per]
815 2738 858 2762 ex
885 2727 914 2762 S
938 2728 949 2772 ΙΙ
978 2727 1079 2774 exta]
1107 2729 1148 2763 ta
1173 2728 1210 2763 R
1229 2729 1240 2775 ΙΙ
1271 2732 1313 2763 15
1341 2729 1564 2764 ostendebat
1588 2730 1713 2765 ASH
1733 2732 1744 2776 ΙΙ
1772 2735 1814 2766 17

110 2773 197 2808 lune
222 2774 259 2808 A
286 2775 381 2818 (luce
408 2773 444 2817 a)
471 2774 482 2820 ΙΙ
511 2774 704 2809 distituam
728 2774 773 2809 H
801 2775 812 2820 ΙΙ
846 2778 887 2809 19
913 2773 995 2819 ipsa
1020 2785 1086 2811 om.
1113 2775 1150 2810 R
1181 2776 1192 2822 ΙΙ
1224 2775 1368 2811 scilicet
1393 2776 1462 2812 dea
1486 2777 1705 2823 proserpina
1732 2779 1781 2812 M
1804 2778 1816 2824 Η

110 2821 159 2856 acl
182 2831 214 2856 v.
244 2824 313 2856 258
341 2820 493 2866 quidam
524 2820 752 2866 intellegunt
781 2821 897 2857 uerba
928 2833 1009 2857 esse
1035 2822 1193 2867 sibyllae
1222 2823 1468 2859 ‘aduentante
1495 2825 1599 2869 dea'‚
1631 2825 1731 2869 quod
1757 2825 1814 2860 his

110 2867 255 2903 scilicet
280 2867 549 2904 animaduersis
575 2880 669 2913 quae
692 2880 804 2915 supra
825 2868 960 2904 dixerit
979 2869 1206 2905 intellexerit
1230 2869 1353 2916 ipsam
1378 2872 1586 2917 principem
1610 2871 1814 2908 inferorum

109 2915 323 2959 aduenisse,
355 2917 394 2951 et
425 2915 479 2951 sic
510 2917 736 2953 exclamasse
764 2916 911 2962 ‘procul
935 2916 985 2952 o’.
1037 2916 1102 2952 alii
1128 2929 1172 2953 ex
1196 2929 1355 2964 persona
1385 2921 1519 2965 poetae
1551 2919 1692 2955 dictum
1717 2920 1814 2955 acci-

109 2961 216 3007 piunt
247 2964 286 2998 01
315 2962 372 2998 ita
398 2963 642 2999 ‘aduentante
669 2964 752 2999 dea'
781 2963 994 3009 distingunt
1023 2966 1066 3000 in
1089 2977 1203 3011 mary.
1233 2966 1268 3001 T
1295 2967 1308 3012 ΙΙ
1344 2970 1390 3001 20
1414 2965 1571 3013 111111011]
1607 2966 1754 3003 iniciati
1778 2967 1815 3001 R

107 3009 241 3045 mitum
266 3011 311 3045 H
325 3011 337 3056 ΙΙ
356 3006 519 3056 ἀμύητοι
546 3009 696 3058 βέβηλοι
723 3011 925 3047 Vossianus
942 3012 1172 3048 Burmanni:
1200 3009 1361 3058 ἀμύητοι
1387 3013 1542 3062 βέβαλοι
1571 3014 1636 3049 VR
1658 3015 1814 3050 eiusdem

108 3069 244 3093 murm
269 3069 394 3093 nnnact
418 3058 455 3093 R
492 3070 627 3093 11111101
650 3071 799 3094 mmmm
824 3059 882 3102 H,
914 3070 980 3095 om.
1007 3059 1145 3097 ASM.
1190 3063 1276 3105 post
1299 3060 1440 3096 initiati
1463 3063 1624 3106 spatium
1648 3063 1813 3096 relictum

108 3107 159 3138 est
187 3105 230 3139 in
254 3105 311 3149 D,
349 3106 394 3141 de
428 3105 659 3141 Callimacho
694 3102 783 3147 ἑκὰς
816 3104 906 3147 ἑκὰς
933 3105 1013 3142 ἔστε
1042 3105 1191 3154 βέβηλοι
1226 3108 1310 3143 add.
1338 3108 1549 3144 Fabricius.
1594 3110 1640 3152 cf.
1669 3109 1811 3143 Gallim.

108 3151 228 3196 hymn.
253 3153 295 3187 in
320 3153 536 3196 Apollinem.
562 3165 594 3190 v.
621 3157 642 3189 2
677 3150 784 3198 ἑκὰς,
818 3150 908 3195 ἑκὰς
933 3150 1035 3195 ὅστις
1059 3151 1218 3200 ἀλιτρός.
1256 3156 1268 3201 ΙΙ
1305 3159 1348 3190 21
1382 3156 1451 3202 est]
1488 3158 1613 3192 autem
1638 3155 1710 3189 AS
1739 3156 1812 3199 (est

110 3207 284 3242 superscr.
308 3201 344 3244 a)
364 3202 376 3246 ΙΙ
394 3204 438 3235 22
465 3200 660 3245 discedite]
687 3202 726 3236 01
750 3201 798 3237 ad
823 3203 904 3246 (sic)
928 3213 1066 3237 aeneae
1092 3202 1246 3238 comites
1269 3202 1451 3239 inclamat
1475 3204 1559 3239 add.
1580 3203 1619 3237 D
1637 3204 1649 3248 ΙΙ
1668 3206 1713 3237 26
1739 3202 1811 3237 dis-

113 3245 254 3292 serunt]
281 3245 454 3282 dixerunt
479 3247 516 3282 R
546 3250 558 3294 ΙΙ
589 3253 634 3284 27
659 3250 772 3283 uocat
796 3249 841 3283 H
867 3250 879 3295 n
910 3253 955 3284 28
981 3250 1074 3285 alios
1099 3249 1136 3285 R

1847 674 1867 705 ὅ

1848 1034 1891 1065 10

1848 1392 1890 1424 15

1844 1751 1890 1782 20

1843 2109 1888 2141 25
