2092 3614
249 1034 291 1065 10

250 1390 290 1420 15

247 1747 292 1780 20

247 2104 292 2136 25

319 271 407 314 350
1091 274 1253 310 SERVII

436 381 536 424 450.
584 399 660 425 mcc
682 399 804 425 MINOR
827 399 874 425 IN
899 399 1057 426 cnsrms
1082 401 1231 427 chws
1259 384 1399 426 decens
1428 386 1621 438 repetitio.

436 453 536 495 452.
586 464 896 504 SERRANOQVE
923 466 1150 505 NVMAQVE
1184 454 1347 496 decima
1374 456 1670 512 antapodosis,
1703 472 1811 512 quae
1843 458 1893 499 fit
1924 473 2024 512 quo-

318 524 430 565 tiens
462 527 856 567 commemorantur
887 539 937 567 ea
968 540 1077 580 quae
1109 540 1197 567 non
1229 528 1331 568 sunt
1363 529 1464 568 ante
1501 527 1739 582 praedicta:
1776 542 1902 583 neque
1932 529 2024 571 Nu-

318 609 430 637 mam
461 595 631 638 induxit
659 597 846 639 occisum.

436 667 536 710 453.
585 679 850 719 TEPIDAQVE
882 680 1128 710 RECENTEM
1160 679 1314 710 CAEDE
1348 680 1507 711 LocvM
1538 669 1773 726 hypallage
1806 673 1890 726 est,
1920 671 2024 725 tepi-

317 737 418 779 dum
456 737 599 780 locum
636 739 796 781 recenti
834 739 981 794 caede3
1022 739 1134 781 unde
1172 740 1305 782 multi·
1337 741 1489 795 legunt
1527 740 1825 797 ‘tepidumque
1865 742 2026 784 recenti

317 809 444 851 caede
476 809 655 852 locum'.
1048 802 1052 806 ’

434 881 533 923 454.
584 892 869 924 SPVMANTEM
901 893 1135 924 SANGVINE
1167 894 1304 925 mvos
1344 898 1517 937 spumas
1548 885 1653 925 tunc
1684 882 1818 925 habet
1849 883 2024 939 sanguis

316 967 413 994 cum
439 953 687 1004 effunditur,
718 968 819 995 nam
851 955 1005 1008 postea
1031 954 1311 1009 conquiescit3
1346 954 1457 996 unde
1483 955 1593 996 bene
1619 954 1728 996 dixit
1759 953 2023 1009 ‘spumantes

317 1022 461 1078 rivos',
493 1023 593 1078 quia
623 1024 850 1078 praemisit
882 1023 1220 1079 ‘seminecesque
1253 1024 1402 1067 viros'.

436 1095 536 1136 457.
585 1113 637 1138 ET
664 1113 741 1138 IAM
768 1113 887 1138 PRIMA
920 1112 970 1138 No
978 1112 1021 1138 νο
1063 1096 1360 1138 Iaoeretianum
1402 1099 1470 1138 est.
1538 1099 1575 1138 et
1616 1097 1710 1139 bene
1753 1097 2028 1151 desempturus

318 1167 454 1209 caedes
484 1170 522 1208 et
551 1166 655 1208 bella
685 1180 841 1209 morose
871 1167 978 1209 diem
1010 1167 1115 1209 oriri
1143 1167 1258 1220 facit.

436 1238 535 1280 459.
585 1250 669 1280 IAM
706 1250 853 1280 REBvs
895 1250 1015 1281 LVCE
1058 1249 1284 1281 RETEOTIS
1330 1254 1458 1294 supra
1497 1238 1589 1294 <VI
1622 1239 1738 1294 272>
1783 1243 1832 1282 et
1875 1241 2025 1283 rebus

318 1323 416 1350 nox
448 1308 673 1351 abstulit
706 1312 822 1352 atra
854 1310 1090 1353 colorem.

436 1380 536 1423 461.
586 1392 727 1423 COGIT
766 1393 966 1433 QVISQVE
1007 1392 1119 1424 SVOS
1165 1382 1328 1424 scilicet
1370 1382 1567 1437 comites3
1611 1397 1711 1424 nam
1750 1383 1923 1437 plenum
1962 1386 2028 1426 est

320 1450 593 1507 ‘aeratasque
625 1451 766 1496 acies’.

436 1523 536 1566 462.
584 1535 770 1567 ACVVNT
806 1536 1072 1567 RVMORIBVS
1103 1535 1206 1567 IRAS
1246 1525 1348 1580 quia
1386 1524 1469 1566 duo
1509 1525 1603 1567 ausi
1641 1528 1741 1568 sunt
1771 1540 1848 1581 per
1879 1541 2026 1568 eorum

319 1595 463 1636 castra
480 1596 691 1638 transire.
1669 1651 1671 1653 Ι

435 1666 536 1709 465.
585 1679 787 1709 EVRYALI
813 1679 871 1709 ΕΤ
898 1679 991 1710 NISI
1018 1668 1169 1710 volunt
1193 1682 1280 1710 non
1306 1667 1415 1709 nulli
1441 1668 1673 1710 clamorem
1700 1683 1791 1710 esse
1818 1669 2027 1726 militum3

319 1737 394 1780 sed
421 1737 573 1780 melius
599 1737 682 1780 hoc
709 1753 733 1780 a
758 1741 887 1793 poeta
919 1739 1081 1782 dictum
1114 1738 1348 1794 accipimus
1377 1764 1427 1769 —
1456 1754 1559 1782 nam
1579 1738 1731 1782 Rutuli
1763 1755 1910 1783 eorum
1938 1756 2026 1784 non

317 1812 530 1852 noverant
560 1811 738 1853 nomina
764 1835 817 1840 —
846 1813 895 1852 ut
927 1810 984 1853 sit
1016 1810 1135 1866 ‘quin
1167 1810 1299 1852 etiam
1332 1811 1476 1865 capita
1500 1810 1682 1866 Euryali
1709 1813 1752 1853 et
1776 1810 1874 1854 Nisi
1905 1827 2025 1867 prae-

317 1880 459 1935 figunt
488 1881 533 1922 in
565 1882 743 1924 arrectis
775 1882 916 1924 hastis
949 1884 992 1924 et
1022 1897 1120 1924 cum
1153 1895 1312 1937 magno
1345 1881 1535 1924 clamore
1567 1882 1852 1925 comitantur’.

436 1953 536 1995 466.
586 1970 718 1996 MVRoa
727 1971 781 1996 VM
803 1971 848 1997 IN
868 1970 995 1997 PARTE
1017 1970 1194 1997 SINISTRA
1221 1954 1341 1996 aliud
1357 1967 1480 2008 ayens
1503 1954 1630 1996 situm
1648 1957 1875 1997 castrorum
1900 1958 2026 1997 osten·

317 2023 390 2065 dit.
444 2027 658 2077 praeterea
698 2027 737 2067 et
773 2025 1086 2079 prooeconomia
1127 2028 1201 2079 est,
1244 2025 1342 2079 quia
1378 2028 1521 2079 postea
1558 2026 1705 2068 castris
1738 2039 1816 2080 per
1850 2026 2027 2080 fluvium

321 2094 488 2136 Turnus
519 2095 663 2137 evadit.

435 2165 536 2209 467.
586 2177 812 2210 CINGITVR
834 2179 952 2210 AMNI
977 2166 1134 2209 ‘amne’
1162 2167 1311 2209 debuit
1335 2167 1494 2210 dicere:
1518 2182 1752 2223 numquam
1780 2167 1891 2210 enim
1918 2168 2026 2210 bene

316 2236 364 2278 in
396 2235 441 2278 ‘i'
475 2240 633 2280 exeunt
663 2238 747 2280 nisi
779 2253 889 2294 quae
921 2238 1159 2281 communis
1192 2240 1293 2281 sunt
1324 2239 1512 2295 generis,
1554 2241 1602 2281 ut
1634 2235 1815 2281 ‘docilis’
1848 2238 2025 2295 ‘agilis'3

319 2308 393 2350 sed
438 2308 535 2351 ideo
580 2323 710 2351 ausus
755 2312 821 2352 est
857 2310 920 2352 ita
957 2324 1116 2365 ponere
1155 2309 1414 2361 ablativum,
1458 2309 1577 2365 quia,
1619 2312 1669 2351 ut
1713 2325 1842 2365 supra
1878 2309 2024 2365 <122>

318 2379 522 2432 diximus,
555 2381 669 2435 apud
701 2381 886 2423 maiores
919 2381 990 2424 hic
1022 2384 1066 2423 et
1094 2381 1201 2423 haec
1234 2381 1373 2423 amnis
1407 2380 1638 2423 dicebatur.

416 2512 458 2543 11
486 2507 766 2556 Lucretianum]
793 2509 838 2553 ΙΙ,
867 2513 944 2547 144,
985 2509 1030 2545 cf.
1057 2509 1219 2545 Macrob.
1249 2509 1325 2545 Sat.
1351 2508 1403 2544 VI
1431 2512 1461 2554 1,
1482 2512 1527 2545 25

416 2644 434 2675 1
461 2639 622 2686 repetito
649 2639 689 2675 F
716 2641 728 2687 11
762 2644 782 2675 2
810 2652 1037 2681 εΑιιΒΑΝορνΕ
1062 2639 1099 2675 R
1130 2640 1142 2686 ΙΙ
1172 2639 1412 2685 antepodosis
1438 2639 1511 2675 AS
1547 2639 1778 2685 antipadosis
1804 2651 1847 2675 ex
1872 2641 2023 2686 antepa-

1602 2696 1622 2714 V

319 2724 419 2760 dosis
444 2724 479 2758 L
516 2723 747 2767 antipodosis
772 2723 813 2758 F
848 2723 1089 2769 antapodosis
1115 2734 1228 2769 greca
1251 2723 1370 2768 figura
1393 2724 1441 2758 M
1458 2724 1470 2768 ΙΙ
1489 2727 1511 2758 4
1536 2722 1672 2758 indixit
1690 2723 1731 2757 F
1747 2724 1758 2768 ΙΙ
1777 2727 1798 2758 5
1824 2723 2023 2768 hypallage

319 2800 327 2807 .
349 2801 356 2808 .
380 2799 387 2806 .
414 2771 538 2807 locum
564 2782 630 2807 om.
653 2771 741 2806 LH
754 2772 766 2816 ΙΙ
786 2772 843 2806 est
867 2782 935 2816 pro
962 2770 1130 2816 tepidum
1156 2771 1255 2806 Lio‘n
1274 2771 1285 2816 ΙΙ
1305 2774 1325 2805 6
1352 2771 1491 2817 locum]
1519 2771 1572 2805 sic
1599 2770 1689 2806 alibi
1714 2770 1816 2816 (VIII
1844 2771 1926 2814 106)
1955 2770 2023 2805 ‘te-

316 2818 501 2864 pidusque
528 2830 635 2853 cruor
659 2819 830 2854 fumabat
855 2818 901 2854 ad
928 2818 1026 2853 aras'
1055 2819 1140 2854 add.
1161 2818 1201 2853 D
1225 2819 1237 2864 ΙΙ
1269 2823 1289 2853 8
1317 2829 1525 2853 semmurum
1551 2818 1590 2852 F
1614 2819 1627 2864 ΙΙ
1658 2821 1678 2852 9
1706 2817 1913 2863 spumantis
1939 2817 2028 2851 LH

319 2867 552 2911 spumantem
574 2865 615 2900 F
631 2867 642 2912 ΙΙ
663 2870 706 2901 10
726 2865 1024 2911 sanguineosque
1044 2865 1144 2901 uiros
1157 2865 1194 2900 R
1213 2867 1224 2912 ΙΙ
1246 2869 1287 2900 11
1309 2867 1359 2901 ad
1376 2877 1409 2901 v.
1424 2869 1493 2901 457
1513 2866 1555 2900 in
1573 2875 1686 2910 mar-9.
1707 2865 1801 2900 bene
1820 2863 2023 2908 descriptu—

318 2924 380 2948 rus
406 2913 508 2949 bella
533 2915 571 2948 et
597 2914 729 2948 caedes
755 2913 854 2948 diem
880 2924 1024 2948 morose
1055 2912 1148 2948 facit
1174 2912 1278 2958 oriri,
1311 2914 1360 2948 ad
1385 2925 1531 2948 TITHONI
1556 2926 1586 2947 c.
1611 2924 1638 2948 s.
1663 2923 1696 2947 v.
1723 2911 1824 2946 istud
1849 2911 2023 2946 lucretia-

318 2972 408 2995 num
433 2962 490 2996 est
517 2961 551 2995 T
585 2962 597 3005 ΙΙ
636 2963 679 2995 15
705 2961 816 3006 plena
840 2959 1007 2996 ASLH
1027 2960 1193 3005 (plenum
1220 2962 1246 3005 l)
1283 2960 1296 3005 ΙΙ
1334 2964 1376 2995 19
1409 2960 1541 2996 volunt
1566 2987 1574 2994 .
1596 2987 1603 2994 .
1626 2987 1634 2995 .
1660 2959 1823 2994 militum
1857 2969 1922 2994 om.
1950 2959 1991 2993 F
2012 2959 2042 3008 Η,

319 3012 365 3044 20
390 3007 619 3052 accipiamus
646 3008 718 3043 AS
727 3009 777 3043 M
810 3010 822 3054 ΙΙ
859 3012 903 3043 23
936 3007 986 3043 ad
1010 3006 1103 3042 illud
1135 3019 1250 3053 agens
1281 3008 1401 3043 iseum
1434 3009 1639 3043 castrorum
1665 3005 1831 3041 ostendit
1855 3005 1905 3049 F,
1931 3016 2021 3042 corr.

319 3056 457 3090 Daniel
480 3055 494 3101 ΙΙ
524 3059 570 3090 24
596 3057 645 3090 ad
670 3067 743 3090 Mn
766 3068 928 3090 DEXTERA
956 3067 984 3089 c.
1012 3067 1045 3089 A.
1072 3065 1098 3089 s.
1125 3066 1157 3090 v.
1183 3054 1469 3100 prooeconomja
1494 3054 1551 3089 est
1576 3052 1666 3098 quia
1689 3054 1819 3088 turnus
1845 3054 1978 3098 postea
2002 3064 2022 3089 e

319 3102 450 3138 castris
482 3114 549 3148 per
572 3102 726 3138 fluuium
754 3103 890 3138 euadet
918 3102 951 3137 T
983 3103 996 3147 ΙΙ
1032 3105 1076 3136 29
1104 3101 1313 3149 dicebatur]
1346 3104 1602 3137 uerumtamen
1633 3111 1727 3146 quae
1759 3100 1852 3135 duas
1883 3101 2023 3136 habent

319 3151 565 3186 consonantes
592 3152 679 3185 ante
708 3150 785 3194 ‘is’,
818 3150 857 3185 in
885 3149 927 3185 ‘i'
956 3151 996 3185 et
1022 3149 1073 3184 ‘e'
1102 3149 1309 3184 ablatiuum
1334 3149 1503 3191 mittunt,
1538 3149 1580 3183 ut
1604 3148 1702 3193 ignis
1727 3148 1814 3193 igne
1840 3148 1901 3183 uel
1925 3147 2022 3193 igni:

319 3197 490 3243 uirgilius
515 3197 623 3243 (Aen.
644 3198 694 3232 IV
714 3199 750 3242 2)
779 3198 930 3233 ‘uulnus
954 3196 1023 3232 alit
1048 3196 1152 3231 uenis
1178 3199 1216 3232 et
1241 3207 1351 3232 caeco
1377 3194 1544 3241 carpitur
1566 3194 1681 3241 igni’:
1708 3197 1746 3230 et
1771 3195 1889 3230 uectis
1914 3196 2020 3231 uecte

318 3246 381 3281 uel
398 3244 523 3284 necti:
547 3245 728 3281 terentius
754 3244 793 3280 in
819 3245 988 3280 eunucho
1015 3243 1081 3291 (IV
1108 3248 1140 3289 7,
1167 3246 1203 3289 4)
1231 3244 1330 3280 ‘cum
1354 3243 1456 3279 uecti
1481 3243 1609 3279 dorax'
1639 3243 1719 3289 (sic)
1746 3243 1830 3279 add.
1850 3242 1891 3278 D
