2092 3614
506 262 658 298 COMM.
688 263 738 298 IN
766 262 910 298 VERG.
938 263 1048 298 AEN.
1076 262 1126 297 IX
1155 265 1352 298 156-182.
1700 261 1787 304 325

199 373 295 415 171.
344 383 583 414 RECTORES
610 383 824 414 IVVENVM
857 371 1015 427 legitur
1040 373 1084 413 et
1115 370 1322 413 ‘iuveni'z
1356 371 1393 412 si
1420 370 1621 426 ‘iuveni’‚
1654 370 1787 412 Asea-

76 443 167 499 nio;
201 443 238 485 si
272 442 529 498 ‘iuvenum’,
561 443 792 500 magistros
825 443 1015 485 militum
1047 443 1205 498 accipe.

198 516 294 557 172.
347 527 547 558 SORTITA
575 526 813 558 PERICLVM
845 518 920 557 aut
949 517 1066 557 sorte
1098 513 1237 556 divisa
1269 514 1323 555 ad
1355 513 1646 555 defensionem
1678 514 1787 570 peri·

77 586 151 628 cli:
183 589 259 628 aut
280 600 366 640 par
396 587 543 629 timens
563 587 814 642 periculum,
845 587 954 641 quod
981 586 1151 640 quisque
1180 585 1442 639 experiretur.

199 658 294 699 173.
345 669 472 708 QVOD
501 669 674 711 CVIQVE
704 669 934 700 TVENDVM
958 668 1042 699 EST
1076 661 1244 699 exercet
1273 656 1565 712 unusquisque
1593 657 1706 699 vices
1734 657 1786 699 ad
1814 665 1834 696 5

77 729 120 771 id
153 729 266 784 quod
298 729 454 783 accipit
489 728 709 771 tuendum.

199 800 295 843 175.
346 812 428 842 IDA
454 811 692 842 VENATRIX
725 814 751 842 a
779 800 994 855 plerisque
1020 799 1098 841 Ida
1130 801 1270 841 mater
1295 798 1395 841 Nisi
1428 790 1655 855 accipitur,
1688 800 1789 855 quia

78 873 186 915 dixit
223 870 483 914 ‘venatrix’z
524 886 626 913 nam
665 871 702 913 si
739 873 932 913 montem
971 870 1161 913 volueris
1199 870 1410 925 accipere,
1450 871 1627 914 abusive
1665 870 1788 913 Idam

77 943 339 987 venatricem
377 942 538 985 dictam
576 942 801 998 intellege,
837 957 915 998 pro
955 941 1279 984 ‘venationibus
1318 941 1649 985 abundantem':
1688 958 1789 984 nam

78 1014 317 1058 ‘venatrix’
351 1017 416 1056 est
440 1014 615 1069 proprie
642 1028 750 1069 quae
777 1017 975 1069 venatur,
1005 1028 1093 1056 non
1120 1028 1229 1070 quae
1254 1013 1557 1056 venationibus
1586 1014 1790 1057 abundat.
1818 1023 1861 1054 10

78 1090 153 1129 aut
183 1084 411 1129 ‘venatrioe'
435 1099 517 1140 pro
542 1085 608 1128 his
631 1086 704 1139 qui
732 1085 779 1127 iri
804 1099 852 1127 ea
875 1088 1094 1140 venantur,
1125 1088 1173 1127 ut
1201 1086 1539 1140 domitrixque
1563 1086 1789 1140 Epidau-

77 1173 163 1200 rus
194 1171 436 1214 equorum.

193 1216 297 1272 176.
346 1240 517 1272 IACVLO
544 1240 761 1270 CELEREM
793 1229 900 1271 bene
927 1228 1093 1270 inducit
1118 1227 1274 1271 Nisum
1306 1228 1519 1283 optimum
1552 1243 1644 1271 esse
1675 1229 1790 1271 iacu-

79 1301 272 1355 latorem‚
299 1302 343 1342 et
367 1300 478 1342 hane
503 1299 748 1355 praemittit
774 1314 992 1342 armorum
1018 1300 1232 1355 peritiam,
1258 1314 1344 1355 qua
1369 1299 1603 1355 plurimum
1629 1300 1792 1356 poterit

80 1372 126 1414 in
157 1372 340 1428 Euryali
372 1372 633 1414 defensione.
1819 1381 1862 1412 15

202 1444 298 1486 178.
348 1454 555 1486 TROIANA
585 1455 743 1494 NEQVE
775 1455 939 1486 INDVIT
966 1455 1094 1492 ARMA
1125 1443 1208 1486 hoc
1239 1446 1305 1485 est
1337 1443 1412 1498 qui
1443 1443 1638 1486 nondum
1669 1443 1791 1486 belli-

80 1529 183 1557 cosa
214 1530 334 1557 arma
365 1515 584 1571 induerat,
617 1514 753 1557 idest
779 1504 1016 1571 acceperat.
1067 1517 1110 1557 et
1140 1515 1223 1558 hoc
1255 1514 1376 1557 dicit:
1408 1514 1586 1570 pulcher
1618 1514 1791 1570 quidem

81 1588 193 1642 erat,
225 1586 298 1628 sed
329 1586 519 1629 nondum
551 1586 744 1629 bellandi
775 1586 952 1642 peritus.

202 1658 298 1701 179.
348 1676 469 1702 PRIMA
495 1676 670 1702 IVVENTA
701 1672 803 1701 rium
826 1660 973 1713 prima
1005 1658 1228 1714 lanuyine?
1339 1675 1503 1702 mroivsa
1534 1659 1607 1702 hoc
1631 1660 1688 1702 ad
1715 1673 1793 1701 sua

55 1771 58 1774 .
82 1733 264 1784 tempora
293 1731 471 1781 rettulit;
505 1730 690 1784 alioquin
720 1730 858 1773 heroes
886 1745 971 1773 nori
1002 1731 1282 1773 tondebantur.
1819 1740 1864 1772 20

202 1802 298 1844 180.
347 1819 452 1844 ΑΜοιε
485 1818 585 1845 VNVS
608 1819 712 1844 ERAT
736 1802 782 1843 id
804 1805 864 1845 est
886 1803 1019 1845 eodem
1044 1803 1180 1845 studio
1203 1802 1450 1857 flayrabant.
1550 1820 1740 1850 PARITERQ
1749 1819 1796 1846 VJ?

81 1891 127 1917 IN
151 1890 277 1916 BELLA
306 1890 492 1916 RVEBANT
519 1876 595 1915 aut
623 1873 766 1928 sirmii,
797 1876 872 1915 aut
899 1874 1091 1916 similiter
1120 1876 1159 1915 et
1180 1874 1284 1927 pari
1313 1875 1477 1929 virtute,
1509 1875 1555 1917 id
1584 1878 1643 1917 est
1671 1888 1795 1929 aeque

80 1945 208 1998 fortes
238 1947 367 1987 erant:

204 2016 300 2058 182.
350 2027 464 2057 DINE
497 2028 623 2058 nvnc
655 2028 883 2059 ARDOREM
915 2028 1152 2059 MENTIBVS
1184 2027 1379 2059 ADDVNT
1411 2029 1629 2060 EVRYALE
1662 2029 1726 2060 AN
1759 2030 1795 2060 s.

84 2099 123 2130 c.
149 2100 193 2129 D.
220 2099 260 2129 F.
284 2100 329 2129 D.
358 2099 394 2130 C.
427 2087 542 2143 apud
569 2087 788 2130 Plotinum
820 2087 1131 2144 philosophum
1164 2090 1207 2130 et
1238 2088 1346 2130 alios
1380 2089 1616 2144 quaeritur,
1649 2092 1794 2148 utrum
1820 2099 1865 2130 25

83 2159 241 2202 mentis
273 2161 448 2201 nostrae
480 2159 592 2202 acies
625 2174 703 2215 per
734 2174 778 2202 se
811 2159 865 2201 ad
897 2159 1151 2215 cupiditates
1185 2161 1228 2201 et
1257 2159 1438 2202 consilia
1463 2163 1706 2215 moveatur,
1739 2176 1794 2203 an

84 2230 259 2286 inpulsu
290 2230 471 2272 alieuius
502 2230 722 2272 numinis?
761 2232 804 2272 et
835 2231 976 2286 primo
1010 2231 1226 2283 dixerunt,
1263 2234 1430 2273 mentes
1462 2231 1675 2275 humanas
1707 2248 1795 2275 mo-

83 2302 173 2346 veri
215 2316 293 2343 sua
331 2304 503 2357 sponte3
547 2301 920 2357 deprehenderunt
959 2303 1106 2344 tamen
1145 2302 1199 2344 ad
1237 2302 1384 2345 omnia
1421 2302 1607 2346 honesta
1643 2304 1796 2359 inpelli

83 2387 162 2415 nos
189 2373 315 2428 genio
343 2375 388 2415 et
412 2373 588 2416 numine
615 2373 802 2428 quodam
827 2373 1044 2429 familiari,
1071 2374 1184 2430 quod
1210 2374 1336 2417 nobis
1360 2376 1637 2419 nascentibus
1657 2376 1795 2428 datur,

84 2459 220 2500 prava
250 2458 351 2486 vero
382 2447 535 2487 nostra
566 2447 710 2487 mente
742 2459 820 2488 nos
854 2459 1007 2501 cupere
1040 2448 1084 2488 et
1113 2445 1374 2489 desiderare:
1404 2462 1483 2490 1100
1510 2447 1626 2490 enim
1651 2449 1797 2503 potest
1822 2455 1867 2486 30

183 2565 224 2596 11
254 2561 532 2643 domitrixque}
544 2573 672 2616 georg.
694 2561 747 2597 III
765 2565 811 2597 44
830 2563 842 2608 ΙΙ
862 2566 905 2597 21
933 2574 1083 2598 mnu-nn
1109 2563 1298 2610 similiter]
1326 2564 1370 2600 of.
1396 2563 1490 2601 Don.
1517 2564 1567 2600 ad
1592 2565 1675 2602 Ter.
1702 2565 1795 2602 Eun.

86 2609 101 2643 Ι
128 2613 161 2665 2,
190 2613 233 2644 12
265 2610 279 2653 ΙΙ
308 2611 354 2643 25
379 2609 479 2654 apud
532 2609 693 2645 lotmum
718 2621 748 2645 e.
776 2622 809 2654 q.
838 2610 881 2655 s.]
910 2621 1026 2646 exscr.
1051 2611 1238 2657 mythogr.
1266 2612 1319 2647 III
1345 2616 1379 2657 6,
1406 2616 1449 2647 19

186 2720 202 2750 1
229 2715 376 2751 iuuenis
397 2715 480 2750 RF
495 2717 507 2762 ΙΙ
526 2715 557 2751 si
574 2716 717 2763 iuveni]
744 2717 775 2752 si
794 2717 940 2752 iuuenis
959 2716 1007 2760 R,
1029 2727 1094 2753 om.
1112 2718 1162 2754 Μ
1167 2718 1209 2754 F
1224 2720 1235 2765 ΙΙ
1254 2718 1445 2755 ascanium
1463 2718 1500 2754 R
1507 2719 1548 2754 F
1564 2721 1575 2766 Ι]
1595 2723 1615 2754 3
1636 2718 1749 2754 diuisi
1762 2719 1797 2754 L

86 2764 205 2799 diuise
229 2764 272 2799 H
288 2765 299 2810 ΙΙ
319 2768 340 2798 4
366 2764 416 2799 acl
441 2774 586 2806 sonum
604 2777 636 2799 P.
662 2775 690 2800 s,
711 2775 743 2799 v.
769 2763 809 2799 id
834 2766 891 2800 est
915 2774 982 2810 par
1005 2764 1142 2801 timens
1168 2765 1376 2812 periculum
1398 2795 1406 2802 .
1428 2794 1436 2802 .
1458 2795 1465 2803 .
1487 2767 1716 2812 experiretur
1739 2766 1773 2801 T
1787 2766 1798 2813 ΙΙ

87 2813 154 2846 aut
178 2810 390 2857 parturiens
416 2809 623 2855 periculum
651 2810 692 2846 F
706 2812 719 2856 ΙΙ
738 2814 758 2846 ὅ
785 2824 915 2847 ‘rmum
940 2812 976 2846 A
1016 2825 1155 2849 'rvmmo
1181 2814 1221 2848 F
1237 2815 1248 2861 ΙΙ
1267 2828 1330 2850 EST
1356 2824 1423 2849 om.
1449 2813 1538 2849 ΑΗ
1542 2814 1582 2850 F
1598 2816 1649 2861 {18
1675 2814 1797 2861 Idam]

86 2858 126 2894 id
151 2860 207 2895 est
224 2858 299 2895 AS
317 2859 398 2903 (del.
420 2860 458 2904 α)
477 2859 489 2904 ΙΙ
512 2862 552 2893 11
579 2858 653 2894 hiis
674 2858 713 2893 F
729 2860 741 2904 ΙΙ
762 2862 806 2894 14
831 2870 905 2903 qua
924 2869 968 2894 ex
987 2859 1075 2905 quia
1093 2861 1129 2896 L
1148 2862 1160 2908 {l
1178 2862 1320 2907 poterit
1345 2872 1410 2898 om.
1426 2861 1508 2906 AS,
1535 2862 1701 2908 potuerit
1722 2863 1771 2896 M
1787 2864 1798 2907 ι]

90 2910 134 2941 15
160 2906 456 2942 defensationem
476 2906 513 2940 R
550 2905 806 2942 defensionem
824 2906 860 2941 L
880 2906 986 2951 (corr.
1007 2908 1033 2954 l)
1053 2909 1065 2955 ΙΙ
1087 2912 1129 2944 16
1149 2921 1304 2944 'monim
1323 2922 1389 2945 unc
1407 2909 1494 2944 RF
1527 2922 1748 2950 'rnoxANAQvn
1763 2909 1798 2943 L

89 2965 310 2994 'momumvn
329 2954 375 2988 H
389 2955 400 3000 ΙΙ
421 2958 464 2988 19
485 2954 535 2989 ad
554 2964 704 2989 mrousA
726 2967 749 2988 1.
776 2953 908 2989 definit
931 2954 1080 3000 tempus
1106 2956 1253 2992 aetatis.
1289 2957 1468 3002 lanugine
1493 2957 1531 2992 id
1558 2958 1614 2992 est
1637 2958 1798 3002 primam

88 3001 306 3046 lanuginem
340 3001 477 3037 barbae
510 3001 598 3036 tunc
631 3000 829 3036 emittebat
856 3001 890 3036 T
921 3001 1067 3046 (definit
1090 3005 1238 3049 tempus
1263 3005 1397 3039 aetatis
1425 3004 1506 3039 Tib.
1532 3005 1678 3039 Donati
1702 3008 1796 3039 sunt.

58 3084 61 3089 ,
89 3048 127 3083 id
155 3050 213 3084 est
238 3078 246 3085 .
267 3076 275 3084 .
300 3076 307 3083 .
335 3048 532 3094 emittebat
556 3049 590 3084 is
614 3049 762 3094 scripsit
786 3049 851 3094 qui
878 3048 1096 3086 Tironianis
1119 3052 1217 3087 notis
1241 3052 1425 3096 utebatur)
1446 3052 1458 3098 ΙΙ
1477 3055 1523 3086 20
1547 3051 1700 3088 rectulit
1727 3050 1767 3085 F
1788 3052 1798 3096 y}

89 3099 134 3130 21
169 3096 218 3131 ad
242 3107 338 3131 Amori
362 3110 396 3132 v.
422 3109 454 3132 E.
481 3106 509 3131 s.
535 3107 567 3131 v.
593 3096 631 3131 id
658 3097 716 3131 est
741 3124 748 3131 .
772 3124 778 3131 .
802 3123 808 3131 .
834 3096 1063 3143 flagrabant,
1094 3099 1144 3134 ad
1175 3111 1395 3142 PAneriinn
1421 3111 1444 3133 1.
1471 3113 1503 3135 Β.
1530 3113 1562 3134 n.
1590 3101 1656 3134 aut
1687 3098 1798 3132 simul
1836 3134 1843 3140 ,

91 3171 98 3178 .
122 3171 130 3178 .
153 3170 160 3177 .
181 3145 298 3179 erant.
336 3143 495 3179 ruebant
520 3154 604 3178 cum
629 3143 775 3189 impetu
801 3142 1105 3181 se‘effundebant
1127 3146 1161 3180 T
1177 3147 1189 3193 ΙΙ
1208 3146 1339 3181 eodem
1363 3147 1410 3180 T:
1438 3157 1565 3182 eorum
1587 3146 1628 3181 F
1643 3148 1654 3191 ΙΙ
1674 3149 1718 3180 22
1746 3145 1798 3188 et]

91 3190 157 3224 aut
185 3189 217 3223 T
234 3190 246 3235 ΙΙ
273 3189 313 3282 1)ἀ
338 3191 392 3226 est
417 3201 481 3226 om.
514 3191 547 3226 Τ
568 3192 580 3238 ss
617 3194 662 3226 25
687 3189 874 3237 plotinam
901 3189 942 3226 F
963 3192 976 3239 ss
1013 3196 1057 3228 27
1084 3194 1268 3229 duxerunt
1293 3193 1322 3229 S
1346 3194 1358 3240 ss
1395 3197 1440 3229 30
1466 3193 1584 3239 proba
1609 3193 1649 3227 F
1672 3194 1801 3237 (prava

90 3247 187 3273 mart.
213 3247 281 3272 rec.

1442 3300 1515 3334 22*
