2092 3614
535 259 685 295 COMM.
713 259 765 294 IN
790 258 933 295 VERG.
961 258 1072 294 AEN.
1100 258 1152 293 ΙΧ
1179 262 1377 295 725—764.
1731 258 1815 299 377

227 370 322 412 745.
373 381 414 413 IS
445 370 566 425 talis,
596 384 694 424 par,
726 368 891 410 similis.

226 442 322 484 746.
373 453 494 483 ALTE
538 452 799 484 CONSVRGIT
841 452 892 482 1N
929 451 1084 482 ENSEM
1129 454 1265 496 genus
1309 439 1490 480 feriendi
1527 438 1816 482 Gallicanum:

107 512 337 556 Sallustius
370 512 596 568 regressi
629 512 687 554 ad
720 511 991 554 faciliores
1023 511 1156 553 ictus
1194 511 1307 553 loco
1340 510 1601 553 cedebant.

226 585 322 627 748.
372 602 440 627 uve
448 600 563 631 verso
571 601 618 626 VE
639 583 792 637 pathos
822 597 872 625 ex
902 585 1032 625 aetate
1062 583 1197 624 movit.

226 656 322 698 752.
373 673 454 698 HVG
477 672 602 698 eAPVT
630 654 722 696 ‘huc
745 654 958 709 pependit’
988 655 1175 708 fiyurate.
1842 662 1863 693 5

225 727 321 769 756.
371 738 524 769 BELLO
545 737 784 776 GENTIQVE
805 737 994 768 Fvlssm*
1020 725 1103 767 duo
1130 725 1251 767 dicit:
1278 727 1321 766 et
1347 725 1505 766 bellum
1531 725 1647 766 finiri
1673 726 1816 780 potuit

106 798 304 840 omnibus
337 797 627 853 interemptis,
660 799 702 839 et
727 811 833 853 gens
859 797 1033 852 penitus
1059 797 1214 839 fuisset
1239 797 1428 838 extincta
1454 796 1594 839 occiso
1616 796 1816 852 Ascanio,

104 885 129 911 a
160 885 243 926 quo
275 869 462 912 Romani
500 869 661 911 ducunt
700 869 921 925 originem.
983 869 1079 910 ideo
1113 868 1248 911 ‘bello
1282 867 1511 924 gentique'
1550 868 1676 923 dixit,
1714 868 1815 924 quia

102 942 354 997 plerumque
374 941 536 983 bellum
556 940 707 1001 finitur
727 943 853 996 gente
875 940 1117 995 superstite,
1138 943 1186 981 ut
1205 940 1250 981 in
1270 940 1385 982 bello
1405 939 1594 982 Troiano
1616 940 1815 996 contigit.

223 1013 319 1055 757.
369 1024 629 1063 CAEDISQVE
672 1024 842 1055 INSANA
885 1024 1056 1055 cvpmo
1100 1012 1331 1054 oeconomia
1374 1015 1448 1066 est,
1491 1026 1595 1065 qaae
1638 1014 1814 1053 excusat
1842 1019 1884 1050 10

101 1085 310 1140 Turnum,
341 1099 415 1127 cur
440 1099 528 1126 non
554 1098 579 1125 a
603 1084 920 1140 portafugatis
941 1083 1152 1138 Troianis,
1178 1083 1350 1138 penitus
1378 1083 1519 1125 deleta
1545 1083 1633 1125 sint
1658 1085 1812 1126 castra.

223 1157 320 1199 759.
369 1166 606 1198 PRINCIPIO
633 1156 748 1197 intra
774 1158 928 1207 castra,
954 1158 1054 1210 post
1074 1154 1361 1198 Troianorum
1386 1154 1548 1210 fugam.
1623 1165 1812 1197 SVCOISO

101 1239 302 1270 POPLITE
336 1239 494 1270 GYGEN
525 1238 714 1269 EXCIPIT
747 1226 850 1269 ordo
890 1229 973 1269 est:
1015 1226 1175 1281 excipit
1206 1228 1250 1268 et
1282 1225 1464 1268 succidit
1502 1226 1729 1281 poplitem,
1767 1229 1814 1268 ut

102 1299 488 1354 <534>postibus
506 1298 668 1341 haesit
690 1299 854 1341 adesis
873 1302 911 1340 et
929 1297 1023 1353 <III
1043 1298 1160 1352 237>
1181 1300 1319 1341 scuta
1345 1298 1557 1340 latentia
1576 1298 1812 1339 condunt:

99 1386 199 1413 nam
221 1373 319 1413 ante
345 1371 427 1413 fuit
453 1373 501 1413 ut
527 1385 622 1412 eum
650 1370 979 1412 circumveniret
1004 1369 1185 1411 insidiis.
1229 1368 1411 1424 ‘poples'
1439 1371 1583 1411 autem
1604 1368 1692 1424 ‘po'
1721 1383 1811 1411 cor·
1841 1378 1883 1409 15

99 1444 222 1498 repta
254 1445 338 1498 est,
371 1442 482 1484 sicut
512 1442 555 1483 in
588 1441 747 1484 Sereno
780 1441 955 1496 legitur3
984 1441 1062 1491 ¹sed
1094 1440 1348 1501 producitur
1379 1440 1609 1496 positione.

220 1514 316 1556 760.
368 1525 481 1556 HINC
526 1528 602 1556 nec
646 1513 729 1556 loci
776 1516 861 1567 est,
908 1527 986 1555 nec
1031 1511 1259 1567 temporiS,
1308 1512 1382 1554 sed
1427 1512 1607 1567 ordinis,
1657 1511 1700 1553 id
1745 1514 1813 1554 est

101 1585 295 1628 ‘deinde'.
425 1597 603 1628 RAPTAS
643 1588 787 1627 autem
827 1584 900 1626 ede
932 1584 1166 1626 hostilibus
1199 1583 1522 1640 cadaveribus'3
1558 1598 1656 1625 nam
1698 1584 1811 1639 quod

98 1657 203 1699 dicit
242 1657 436 1699 Donatus
477 1656 552 1699 ‘ab
592 1655 842 1712 armigero',
882 1671 970 1698 non
1008 1655 1222 1711 procedit3
1264 1670 1342 1698 nec
1381 1656 1495 1697 enim
1535 1656 1694 1697 lectum
1734 1659 1810 1711 est,

98 1743 190 1770 eam
226 1729 337 1771 solus
373 1729 557 1770 inclusus
590 1728 720 1780 fuerit
759 1728 943 1783 Turnus,
987 1730 1035 1769 ut
1065 1731 1162 1781 post
1195 1728 1259 1769 ait
1294 1727 1440 1781 <780>
1480 1726 1611 1769 ‘unus
1647 1726 1809 1769 homo’:
1836 1735 1882 1767 20

96 1801 284 1854 quamvis
319 1800 469 1854 possit,
513 1800 619 1842 sieut
659 1800 706 1841 in
750 1797 840 1855 (X.)
879 1798 1022 1853 <333>
1066 1813 1267 1853 sayyere
1316 1799 1412 1841 tela
1460 1798 1583 1840 mihi
1631 1802 1669 1840 et
1711 1802 1810 1841 tam

98 1885 324 1926 maynam
355 1871 567 1925 corripit
595 1871 788 1913 hastam
819 1874 863 1912 et
891 1871 1025 1912 iacit.

218 1943 315 1985 761.
364 1960 459 1986 ινΝο
486 1960 596 1986 VIRES
613 1960 714 1985 ANJM
724 1959 796 1990 VMQ
807 1960 852 1984 mc
870 1959 1084 1985 MINISTRAT
1106 1943 1347 1996 oeconomia,
1372 1945 1419 1983 ‘ab
1437 1943 1546 1995 quod
1562 1943 1661 1984 dicit
1677 1944 1811 1996 possit

96 2029 177 2058 esse
206 2016 292 2057 veri
321 2015 467 2057 simile.
573 2026 688 2056 IvNo
721 2025 855 2056 vuius
887 2025 1165 2063 ANIMVMQVE
1199 2024 1454 2055 MINISTRAT
1487 2028 1539 2054 ne
1572 2014 1630 2055 sit
1662 2014 1807 2056 incon-

97 2100 251 2142 gruum
284 2101 417 2127 unum
449 2088 518 2127 tot
550 2085 774 2140 occidisse,
807 2085 882 2127 dat
914 2084 1093 2126 Iunonis
1127 2084 1355 2126 auxilium:
1398 2083 1607 2126 Horatius
1640 2085 1684 2126 in
1718 2087 1808 2127 arte
1833 2094 1878 2125 25

95 2158 268 2212 poetica
301 2157 445 2212 <191>
479 2172 570 2199 nec
608 2157 730 2198 deus
757 2151 1003 2210 intersit,
1041 2156 1145 2198 nisi
1184 2156 1367 2212 dignus
1407 2156 1607 2198 vindice
1646 2156 1806 2199 nodus

95 2229 354 2271 inciderit.

216 2301 312 2342 763.
362 2317 546 2347 MARTEMQ
556 2317 604 2342 VE
634 2317 795 2342 CIENTES
818 2314 1006 2354 puanam
1036 2300 1250 2354 ayitantes.

217 2372 313 2413 764.
362 2383 747 2421 ALOANDRVMQVE
790 2383 1068 2422 IIALIVMQVE
1110 2383 1430 2422 NOEMONAQVE
1474 2384 1804 2423 PRYTANIMQVE

191 2552 212 2582 3
239 2547 454 2595 Sallustius]
482 2548 568 2583 hist.
595 2548 664 2583 inc.
693 2551 737 2583 56
764 2548 943 2593 Dietsch„
970 2552 1013 2583 22
1043 2548 1103 2583 Kr.

194 2719 210 2750 1
239 2727 270 2749 1s
296 2727 375 2749 'mm
402 2714 442 2749 F
465 2716 478 2760 ΙΙ
514 2715 602 2750 talis
627 2719 660 2750 et
685 2715 817 2750 similis
842 2726 907 2750 om.
936 2715 976 2749 F
1003 2716 1014 2760 ΙΙ
1052 2719 1072 2749 3
1099 2714 1201 2750 locos
1228 2715 1459 2759 quaerebant
1485 2715 1707 2760 Guelferbyt.
1737 2715 1765 2749 I
1793 2714 1805 2761 Η

96 2768 117 2799 4
143 2765 191 2799 ad
219 2776 435 2802 mvvssasovm
461 2773 488 2798 s.
514 2773 546 2797 υ.
579 2762 716 2808 pathos
747 2765 805 2797 est
835 2762 881 2797 ab
914 2763 1038 2797 aetate
1067 2762 1100 2796 T
1133 2763 1147 2807 ΙΙ
1183 2767 1204 2797 5
1240 2763 1289 2798 ad
1321 2775 1391 2797 1111⁴1
1416 2775 1445 2797 P.
1473 2774 1506 2797 A.
1532 2774 1560 2798 s.
1586 2774 1617 2797 v.
1645 2763 1801 2807 figurate

95 2811 190 2846 dixit
217 2811 250 2845 '1'
285 2812 296 2857 ΙΙ
334 2815 354 2845 6
383 2822 494 2844 usito
521 2823 555 2844 G.
583 2824 613 2845 ι.
641 2809 679 2844 et
705 2809 793 2854 quia
817 2809 897 2844 illic
922 2809 1093 2844 ascanius
1119 2809 1408 2855 extinguebatur
1432 2810 1586 2853 1',du0
1612 2809 1739 2846 dicit.

96 2859 254 2903 contigit
279 2859 443 2893 omittens
461 2859 474 2903 ΙΙ
493 2856 596 2892 finiie
626 2857 673 2891 M
690 2857 703 2901 ΙΙ
723 2861 741 2892 7
769 2856 920 2891 fecisset
945 2856 1018 2892 AS
1025 2858 1066 2891 H
1089 2857 1235 2902 (fuisset
1261 2859 1297 2901 a)
1316 2859 1329 2902 ΙΙ
1348 2857 1470 2893 occiso
1497 2858 1624 2893 autem
1650 2858 1802 2893 ascanio

95 2906 168 2941 As
186 2907 197 2952 ΙΙ
224 2910 265 2940 11
293 2905 456 2940 Turnum
484 2916 550 2940 om.
578 2904 618 2939 1
633 2906 646 2949 ss
671 2904 818 2939 delecta
842 2904 878 2938 R
897 2905 908 2950 ΙΙ
942 2908 983 2939 12
1009 2907 1094 2950 post
1121 2906 1161 2940 ’1.
1188 2905 1316 2950 fugam
1342 2906 1415 2940 Al:
1441 2917 1509 2950 pro
1535 2905 1575 2940 T.
1603 2905 1692 2950 fuga
1718 2905 1802 2940 SM

95 2954 134 2988 et
159 2954 200 2988 T
226 2954 355 2998 fugam
381 2952 418 2987 R
455 2954 541 2998 post
563 2951 603 2987 ’1.
630 2952 721 2996 fuga
747 2951 796 2995 F,
821 2952 907 2996 post
930 2962 996 2987 om.
1023 2952 1069 2987 H
1088 2954 1186 3006 post·
1199 2956 1232 2987 et
1256 2952 1385 2997 fugam
1410 2964 1476 2987 om.
1503 2953 1538 2987 L
1562 2954 1575 2998 ΙΙ
1602 2956 1645 2987 15
1671 2952 1801 2997 poplet

96 3001 174 3045 (sie)
201 3002 326 3036 autem
359 2999 551 3035 sciendum
584 3001 640 3034 est
670 3010 719 3044 po
752 2999 903 3034 breuem
936 3010 1015 3034 esse
1047 2999 1142 3034 sicut
1176 2999 1215 3034 in
1240 3010 1368 3035 sereno
1395 3000 1532 3045 legitur
1557 3002 1595 3035 et
1620 2999 1663 3034 fit
1687 3000 1801 3045 longa

95 3047 278 3092 positione
304 3047 345 3082 F
372 3049 384 3094 ΙΙ
417 3051 458 3083 17
485 3059 553 3082 nec
579 3046 652 3082 loci
679 3074 686 3081 .
709 3074 716 3081 .
739 3045 925 3099 .deinde]
962 3046 1096 3082 deinde
1122 3058 1208 3082 nam
1234 3047 1374 3082 ordinis
1400 3049 1457 3082 est
1481 3046 1700 3082 aduerbium
1726 3058 1799 3081 non

95 3095 169 3130 loci
189 3095 228 3128 F
243 3096 256 3140 ΙΙ
278 3098 319 3130 18
346 3094 511 3130 hostium
533 3094 572 3129 F
577 3107 600 3130 a
618 3095 631 3139 ΙΙ
653 3098 694 3129 19
719 3105 788 3129 nec
813 3092 913 3128 enim
938 3094 1076 3129 lectum
1101 3096 1160 3130 est
1184 3105 1249 3129 om.
1269 3094 1310 3129 F
1325 3097 1336 3140 ΙΙ
1355 3098 1400 3129 20
1420 3094 1543 3130 fuerat
1561 3095 1610 3137 F,
1630 3094 1772 3129 eorreoei
1791 3094 1800 3138 Ιζ

95 3146 139 3176 21
167 3142 337 3186 quamvis
368 3142 502 3188 possit]
535 3143 671 3177 seilicet
704 3142 794 3176 ‘diei
821 3140 969 3177 Turnus
999 3143 1208 3187 rapuisse
1237 3143 1381 3177 hastam
1406 3143 1451 3177 ab
1478 3142 1684 3186 armiyero'.
1715 3141 1728 3185 ΙΙ
1765 3153 1798 3174 x.

96 3190 227 3224 addidi
245 3190 257 3235 ΙΙ
276 3189 330 3235 et]
355 3190 468 3234 paulo
494 3191 578 3235 post
603 3190 687 3225 add.
708 3188 847 3224 Daniel
865 3190 878 3234 ΙΙ
896 3192 941 3224 23
969 3200 1151 3225 oeanoma
1176 3188 1225 3232 F,
1251 3200 1342 3226 corr.
1362 3190 1501 3225 Daniel
1519 3190 1530 3235 ΙΙ
1550 3192 1595 3223 24
1621 3188 1799 3227 Serviana

95 3237 145 3272 ad
168 3248 200 3272 v.
228 3239 297 3272 761
325 3247 391 3272 om.
412 3236 453 3271 F
476 3237 489 3283 ΙΙ
520 3240 564 3272 28
590 3247 754 3282 pugnam
780 3235 968 3282 agitantes
992 3237 1074 3274 hab.
1104 3237 1136 3271 Τ
