2092 3614
524 278 757 316 COMM.·1N
782 277 926 314 VERG.
955 277 1067 314 AEN.
1095 274 1145 309 IX
1171 281 1371 312 400—424.
1721 275 1805 316 347

213 389 314 431 410.
365 400 565 431 ADVERSI
602 401 650 431 m
690 399 884 431 TERGVM
923 398 1156 430 svnmoms
1194 399 1353 438 IBIQVE
1393 397 1665 428 FRANGITVR
1704 384 1807 426 ‘ter-

98 460 217 517 gum'
249 475 328 516 pro
362 459 540 516 ‘tergus'
574 460 681 502 dixit
717 484 767 490 —-
800 458 1033 502 Sallustius
1065 458 1232 514 tergis
1266 458 1566 500 vinciebant
1598 471 1677 512 pro
1710 455 1808 498 ‘ter-

99 531 291 588 goribus'
313 557 382 586 -‚
414 534 463 574 ut
494 532 800 587 intellegamus
832 531 1005 573 hastam
1037 530 1084 571 in
1116 531 1285 572 scutum
1317 529 1485 571 venisse
1518 531 1561 570 et
1593 528 1684 570 illic
1716 542 1808 569 esse

97 604 309 646 conlisam
330 628 386 634 —
413 606 462 646 ut
482 602 728 659 ‘frangitur’
750 603 808 644 sit
827 600 1094 644 ‘conliditur'
1119 626 1172 631 —-
1199 601 1387 656 fissoque
1408 601 1519 643 souti
1537 601 1655 656 ligno
1677 599 1808 641 etiam

98 675 350 730 praecordia
381 677 650 730 penetrasse:
689 674 816 716 aliter
852 688 939 715 non
971 672 1183 728 procedit3
1223 687 1326 715 nam
1359 671 1396 714 si
1426 672 1599 714 hastam
1631 686 1677 713 re
1708 685 1811 713 vera
1835 678 1856 710 5

98 747 281 789 fractam
320 746 598 801 accipiamus,
641 745 810 788 ratione
857 747 976 787 caret
1014 744 1127 800 quod
1171 744 1276 786 dicit
1319 742 1444 786 ‘fisso
1487 743 1648 785 transit
1691 757 1810 797 prae-

99 818 246 860 cordia
275 817 429 874 ligno'.
490 817 565 859 alii
597 832 643 859 re
674 831 776 859 vera
806 817 852 858 in
882 818 1055 872 tergum
1087 816 1239 858 volunt
1271 829 1364 857 esse
1396 829 1664 870 percussum:
1699 814 1811 870 quod

98 889 254 932 falsum
287 891 368 942 est3
399 903 501 931 nam
534 903 618 944 quo
645 888 774 931 modo
801 889 900 930 ante
932 888 1081 929 fissum
1114 887 1281 942 lignum
1308 888 1374 928 est
1401 889 1444 928 et
1470 886 1532 928 sic
1563 885 1812 941 praecordia

98 961 355 1016 penetrata?
400 960 622 1007 sciendum
666 962 813 1002 tamen
857 960 1000 1002 locum
1044 959 1158 1001 hunc
1202 973 1334 1000 unum
1373 972 1467 1000 esse
1505 957 1556 999 de
1595 957 1664 999 his
1704 971 1812 1012 quos

98 1032 334 1075 insolubiles
365 1032 551 1074 diximus
586 1047 716 1087 supra
747 1031 906 1086 (361)
1840 1035 1883 1067 10

217 1104 318 1146 411.
369 1121 485 1147 mmo
515 1104 685 1157 quidam
715 1103 927 1145 humiliter
956 1102 1110 1145 dietum
1140 1102 1358 1156 accipiunt.

218 1175 319 1217 414.
368 1187 462 1218 Hoc
494 1186 668 1217 AORIOR
700 1186 816 1216 IDEM
854 1173 967 1229 quod
1007 1174 1197 1215 latuerat
1228 1176 1270 1215 et
1302 1173 1416 1228 quod
1448 1173 1485 1215 ei
1518 1172 1682 1227 primus
1714 1185 1810 1226 pro-

101 1261 225 1302 spere
257 1249 447 1289 cesserat
478 1247 629 1289 iactus.

220 1318 320 1360 415.
371 1330 530 1360 TELVM
562 1329 793 1360 LIBRABAT
825 1329 885 1359 AB
916 1329 1040 1359 AVRE
1084 1318 1231 1373 gestus
1269 1315 1499 1358 iaculantis
1539 1315 1811 1370 exprimitur:

100 1390 255 1432 (luobus
285 1393 421 1432 autem
448 1390 662 1444 yeneribus
693 1389 912 1431 manualia
944 1389 1023 1431 tela
1052 1389 1295 1439 minantum
1338 1389 1413 1429 aut
1452 1387 1565 1429 enim
1606 1387 1659 1429 ab
1699 1401 1812 1440 aure,
1840 1393 1883 1424 15

102 1463 178 1503 aut
203 1476 228 1503 a
258 1461 393 1503 latere
425 1461 514 1503 tela
545 1461 774 1503 iaciuntur.

220 1532 318 1575 416.
370 1544 459 1575 PER
490 1543 669 1575 TEMPVS
701 1544 961 1583 VTRVMQVE
983 1545 1188 1586 ¹congrue
1229 1531 1334 1574 dicit
1366 1531 1502 1573 telum
1534 1544 1611 1585 per
1642 1532 1813 1585 tempus

103 1606 330 1659 utrumque
361 1604 587 1659 transisse3
627 1604 689 1646 ait
721 1605 835 1646 enim
868 1603 1049 1646 ‘diversi
1081 1601 1465 1658 circumspiciunt',
1496 1602 1579 1644 hoc
1612 1603 1678 1644 est
1709 1600 1815 1643 ‘huc

105 1679 148 1717 et
186 1676 289 1718 illuc
327 1690 404 1718 ora
442 1674 781 1727 circumferunt',
825 1690 901 1728 per
945 1690 1075 1731 quam
1119 1674 1458 1729 oportunitatem
1499 1673 1643 1728 potuit
1680 1673 1813 1715 telum

103 1750 273 1802 tempus
306 1749 536 1802 utrumque
567 1746 763 1789 transire.
813 1745 956 1802 Asper
986 1748 1132 1788 tamen
1164 1745 1285 1788 dicit:
1318 1745 1410 1800 ‘per
1440 1748 1614 1800 tempus
1647 1747 1814 1787 utrum·
1839 1753 1885 1784 20

105 1817 214 1874 que’,
245 1818 328 1860 hoc
359 1820 425 1860 est
457 1817 584 1860 ‘inter
614 1820 785 1874 tempus
817 1816 1076 1874 utrumque',
1107 1820 1157 1859 ut
1189 1832 1212 1859 e
1241 1819 1394 1860 contra
1427 1816 1542 1872 <VII
1562 1816 1649 1871 30>
1681 1816 1814 1859 hunc

104 1891 240 1932 inter
271 1889 440 1932 fluvio
467 1888 742 1932 Tiberinus
776 1904 1007 1944 amoeno,
1039 1888 1082 1931 id
1115 1891 1180 1931 est
1211 1888 1303 1944 ‘per
1327 1887 1471 1931 hunc'.
1521 1888 1634 1944 quod
1668 1888 1705 1930 si
1737 1890 1815 1939 est,

105 1961 410 2017 intellegamus
443 1961 487 2002 in
519 1960 662 2003 fronte
694 1975 788 2002 esse
819 1961 1108 2003 vulneratum.
1756 1994 1765 1997 -

223 2033 323 2075 417.
374 2043 647 2075 TEPEFACTA
690 2043 901 2075 GEREBRO
948 2032 1054 2075 alibi
1092 2031 1238 2087 <698>
1284 2034 1334 2074 et
1376 2031 1483 2074 fixo
1528 2031 1718 2073 ferrum
1762 2030 1816 2072 in

106 2105 345 2159 pulmone
376 2104 616 2160 tepescit.
1841 2109 1887 2142 25

224 2176 324 2219 420.
374 2187 574 2218 INTEREA
605 2175 739 2218 donec
764 2175 838 2217 ille
863 2175 1091 2218 invenitur.
1188 2192 1325 2218 cumo
1343 2192 1439 2218 Mzffl
1454 2191 1553 2217 saiva
1564 2191 1655 2218 νιΝΕ
1671 2190 1819 2217 pomus

107 2247 277 2290 Ennius
307 2248 354 2290 in
377 2248 518 2301 primo
549 2261 662 2289 nam
692 2248 759 2290 mi
789 2248 951 2289 calido
982 2247 1122 2290 dabis
1151 2247 1397 2301 sanquine
1420 2259 1617 2300 poenas.

226 2319 326 2362 421.
376 2330 639 2362 PERSOLVES
679 2330 906 2361 AMBORVM
950 2321 1025 2361 aut
1067 2318 1324 2373 occisorum,
1370 2319 1444 2359 aut
1481 2319 1579 2359 tuas
1619 2318 1663 2358 et
1700 2315 1815 2358 Nisi:

110 2404 211 2432 nam
244 2389 350 2432 duos
384 2405 456 2432 eos
486 2390 620 2432 fuisse
651 2390 793 2442 novit,
826 2405 957 2445 supra
989 2390 1103 2432 enim
1138 2389 1199 2432 ait
1231 2388 1367 2431 ‘state
1398 2388 1513 2431 viri'.

227 2461 326 2502 424.
375 2478 548 2505 AMPLIVS
571 2462 618 2504 de
643 2464 779 2517 cetero,
798 2461 992 2516 posthae:
1017 2462 1225 2504 interdum
1250 2464 1287 2503 et
1309 2460 1580 2515 quantitatem
1599 2460 1817 2514 siqnifieat,
1843 2467 1888 2498 30

209 2607 223 2636 1
247 2603 392 2647 tergum
414 2630 421 2638 .
438 2630 445 2639 .
462 2629 469 2637 .
492 2601 603 2649 dixit]
625 2603 670 2638 cf.
691 2602 786 2638 Non.
808 2614 842 2648 p.
865 2606 945 2647 414,
960 2606 980 2638 9
996 2602 1044 2637 M.
1065 2603 1077 2646 ΙΙ
1096 2606 1116 2636 2
1139 2601 1355 2649 Sallustius]
1375 2601 1462 2637 hist.
1483 2601 1553 2637 inc.
1574 2604 1620 2636 48
1640 2599 1817 2643 Dietsch„

113 2653 156 2685 14
182 2650 244 2685 Kr.
277 2650 289 2694 ΙΙ
318 2653 362 2685 27
390 2649 548 2696 Ennius]
574 2661 657 2685 ann.
684 2663 717 2685 v.
746 2654 812 2685 101
841 2650 950 2687 Vahl.
990 2650 1035 2685 cf.
1064 2649 1225 2685 Macrob.
1254 2650 1329 2685 Sat.
1359 2650 1408 2684 VI
1436 2652 1467 2694 1,
1497 2653 1539 2684 14
1565 2658 1587 2698 Ἴ

208 2785 229 2815 2
249 2779 439 2815 uincicbat
453 2780 487 2815 A
508 2780 739 2826 (uinciebant
758 2782 794 2825 α)
814 2782 825 2826 ΙΙ
845 2784 867 2815 4
886 2791 953 2825 pro
974 2779 1175 2816 conliditur
1195 2780 1235 2815 F
1250 2782 1263 2825 ΙΙ
1282 2780 1395 2826 scuti]
1422 2779 1546 2815 excuti
1566 2779 1638 2814 AS
1660 2780 1765 2824 (corr.
1782 2780 1819 2822 a)

112 2829 217 2863 scuto
239 2827 280 2863 F
295 2829 307 2874 11
327 2831 347 2863 5
373 2827 592 2873 praecordio
613 2828 663 2862 M
684 2830 788 2872 (corr.
808 2829 856 2870 m)
876 2829 888 2872 ΙΙ
908 2832 928 2862 6
955 2827 1138 2872 accipiam
1158 2828 1202 2863 H
1218 2829 1230 2875 ΙΙ
1251 2833 1269 2863 7
1296 2838 1511 2873 percursum
1534 2827 1604 2862 AS
1629 2828 1735 2872 (corr.
1751 2828 1788 2871 a)
1808 2825 1819 2872 Η

114 2881 135 2911 8
162 2887 235 2921 quo
261 2876 372 2911 modo
398 2886 464 2911 om.
494 2875 554 2919 M,
579 2874 691 2910 modo
717 2886 783 2910 om.
809 2875 896 2910 LH
910 2876 922 2921 ΙΙ
941 2875 1067 2910 fissum
1093 2877 1151 2911 est
1176 2876 1317 2921 lignum
1343 2875 1380 2910 R
1416 2875 1543 2910 fissum
1569 2875 1713 2920 lignum
1739 2885 1818 2908 esse

118 2923 162 2966 F,
187 2924 273 2959 inde
299 2923 322 2958 f.
349 2923 373 2957 l.
401 2924 498 2958 esset
522 2923 660 2958 Daniel
690 2924 701 2968 ΙΙ
739 2926 759 2957 9
786 2922 900 2968 hunc]
927 2933 993 2958 om.
1020 2923 1066 2966 L,
1092 2923 1179 2959 hinc
1205 2924 1250 2958 H
1275 2925 1287 2968 ΙΙ
1318 2935 1433 2958 unum
1458 2933 1525 2957 om.
1553 2921 1600 2957 F.
1634 2933 1746 2956 unum
1774 2921 1819 2955 de

113 2969 262 3006 inuicti·
289 2971 330 3005 in
355 2982 469 3015 mary.
498 2971 615 3006 adser.
643 2971 685 3015 ΖΙΙ
712 2981 804 3014 quos
831 2980 943 3014 supra
966 2970 1185 3006 insolubiles
1210 2971 1351 3006 dictum
1379 2971 1436 3005 est
1460 2970 1500 3005 F
1522 2971 1533 3015 11
1568 2973 1611 3004 14
1635 2970 1742 3004 schol.
1772 2969 1821 3003 ad

113 3029 145 3053 v.
166 3021 235 3053 415
255 3022 287 3054 et
307 3022 376 3054 416
403 3029 467 3053 om.
490 3018 530 3052 F
547 3019 557 3064 ΙΙ
586 3022 628 3052 15
655 3017 799 3052 duobus
826 3044 833 3052 .
857 3045 864 3053 .
885 3045 893 3053 .
921 3017 1121 3053 mittuntur
1144 3029 1242 3054 wnus
1266 3019 1345 3056 hab.
1370 3018 1425 3060 M,
1451 3018 1565 3058 edidit
1585 3017 1791 3062 Stephanus
1810 3016 1819 3058 ἐξ

115 3067 181 3100 aut
205 3065 304 3100 enim
328 3066 376 3100 ab
402 3076 489 3101 aure
515 3077 581 3100 om.
598 3065 641 3100 H
655 3066 667 3111 ΙΙ
689 3069 731 3100 17
755 3077 821 3099 PER
840 3077 966 3100 TIMva
984 3078 1135 3106 v'ervn
1154 3066 1201 3101 R.
1228 3066 1322 3101 idem
1347 3066 1437 3100 liber
1461 3065 1566 3108 infra
1591 3068 1644 3099 ter
1669 3063 1819 3107 timpus‚

116 3113 218 3148 semel
243 3112 381 3158 timpus
407 3124 450 3149 ea:
475 3114 624 3159 tempus
649 3113 789 3148 exhibet
812 3113 825 3156 ΙΙ
856 3116 899 3147 21
927 3113 996 3148 hoc
1023 3115 1079 3148 est
1105 3142 1112 3149 .
1136 3141 1144 3149 .
1166 3141 1173 3148 .
1199 3114 1397 3157 utrumque
1423 3123 1489 3147 om.
1517 3111 1591 3148 AS
1618 3112 1630 3156 ΙΙ
1661 3115 1706 3145 24
1731 3110 1819 3155 fixo]

116 3159 209 3203 pede
236 3161 321 3195 add.
347 3160 400 3202 R,
426 3161 559 3204 pedem
584 3161 669 3196 adol.
696 3159 781 3195 LH
804 3160 884 3203 (del.
912 3160 969 3205 ῑ)ΙΙ
1001 3165 1044 3197 27
1072 3160 1125 3195 mi
1151 3161 1303 3196 Daniel:
1331 3159 1423 3194 mihi
1449 3160 1517 3204 Fu
1542 3156 1648 3194 dabis
1675 3158 1727 3192 F:
1755 3157 1830 3191 das'

118 3206 255 3242 Daniel
278 3208 290 3253 ΙΙ
320 3211 364 3242 28
390 3208 499 3243 schol.
525 3209 574 3243 ad
599 3220 630 3243 v.
657 3211 724 3242 421
753 3219 819 3243 om.
847 3207 886 3241 F
910 3207 922 3254 ΙΙ
953 3211 997 3243 29
1024 3219 1087 3244 eos
1112 3219 1177 3244 om.
1207 3208 1255 3243 M
1280 3208 1377 3254 (add.
1404 3212 1452 3251 m)
1484 3209 1496 3252 ΙΙ
1527 3210 1572 3241 30
1598 3206 1646 3241 acl
1671 3216 1820 3240 AMPles

116 3264 145 3289 s.
170 3265 203 3289 v.
229 3253 274 3289 de
300 3255 424 3290 cetero
449 3255 606 3300 posthac
635 3255 668 3290 T
696 3256 708 3301 ΙΙ
739 3255 784 3290 de
810 3265 894 3290 cero
920 3254 961 3291 F
