2124 3600
481 234 486 238 -
539 206 689 259 cOMM.
714 222 769 258 IN
794 220 938 258 Vnae.
965 219 1076 256 AEN.
1103 221 1155 257 v1
1180 225 1380 258 840—855.
1732 222 1816 264 119

104 331 268 375 Atilius
295 331 471 388 quidam
498 334 674 375 senator
703 331 807 387 fuit,
838 330 913 387 qui
937 345 1035 373 cum
1067 343 1217 387 agrum
1252 345 1378 373 suum
1404 332 1581 388 coleret,
1613 334 1816 391 evocatus

103 406 279 460 propter
328 403 533 447 virtutem
582 404 742 446 meruit
790 403 1064 446 dictaturam.
1126 400 1336 445 Serranus
1381 406 1525 446 autem
1569 419 1596 447 a
1636 398 1816 448 serendo

103 475 242 518 dictus
276 478 354 519 est.
1215 511 1219 513 -

221 547 319 590 845.
371 558 464 598 Qvo
497 558 676 590 FEssviu
709 557 891 589 RAPrrIs
922 557 1049 589 FABn
1087 560 1162 588 eur
1199 560 1285 602 me,
1323 561 1348 589 o
1382 545 1524 603 Fabii,
1561 547 1723 590 fessum
1762 548 1816 591 ad

101 621 291 662 vestram
317 618 495 661 trahitis
520 618 848 661 narrationem?
875 621 952 661 aut
976 620 1091 660 certe
1119 617 1313 661 ‘fessum'
1339 618 1511 661 tristem
1535 643 1585 650 —-
1609 622 1658 661 ut
1677 619 1812 675 <VIII
1839 629 1860 661 5

101 691 215 746 232>
247 693 326 733 ter
356 691 527 733 fessus
559 690 698 733 valle
729 690 927 734 resedit
950 714 999 720 —-
1025 690 1189 733 scilicet
1218 692 1579 746 proptereorum
1610 694 1814 735 mortem:

99 777 200 804 nam
237 762 422 804 trecenti
461 776 536 805 sex
572 761 747 804 fuerunt
779 762 830 804 de
867 777 954 804 una
991 762 1169 805 familia.
1232 762 1304 819 qui
1343 777 1440 805 cum
1472 762 1686 805 coniurati
1718 778 1815 806 cum

101 834 235 877 servis
275 836 319 876 et
355 833 586 876 clientibus
625 834 714 876 suis
752 836 906 876 contra
937 833 1141 876 Veientes
1182 834 1455 890 dimicarent,
1495 834 1663 877 insidiis
1701 836 1814 891 apud

102 904 348 948 Cremeram
380 905 558 948 fluvium
588 905 838 961 interempti
869 908 981 948 sunt.
1040 920 1150 948 unus
1181 908 1355 949 tantum
1388 906 1618 963 superfuit,
1651 906 1813 951 Fabius

98 976 331 1028 Maximus,
369 978 442 1033 qui
479 979 657 1033 propter
693 979 886 1019 teneram
924 977 1063 1020 adhuc
1095 978 1327 1033 pueritiam
1359 978 1407 1020 in
1438 978 1615 1021 civitate
1646 994 1812 1022 reman-
1842 986 1885 1019 10

99 1050 226 1091 serat.
282 1048 354 1091 hic
385 1050 539 1103 postea
570 1063 667 1091 cum
692 1047 954 1092 Hannibalis
986 1049 1198 1104 impetum
1227 1050 1340 1092 ferre
1372 1065 1461 1093 non
1491 1053 1659 1106 posset,
1690 1065 1814 1094 mora

100 1135 198 1163 eum
235 1120 368 1163 elusit
409 1144 458 1150 —-
493 1134 594 1163 nam
631 1124 832 1175 oportuna
870 1121 958 1164 loca
990 1135 1301 1176 praeoccupans
1337 1136 1365 1164 a
1400 1122 1629 1165 vastatione
1658 1122 1814 1166 Italiac

96 1193 340 1248 compescuit
358 1217 413 1223 —
435 1194 479 1234 et
504 1192 558 1234 ad
582 1190 867 1247 Campaniam
892 1193 1045 1248 traxit,
1076 1193 1150 1235 ubi
1182 1193 1350 1236 deliciis
1382 1193 1475 1236 eius
1500 1193 1640 1236 virtus
1667 1195 1813 1238 obtor-

94 1264 204 1320 puit.
266 1264 340 1306 ille
378 1265 463 1319 est,
507 1264 558 1306 de
596 1278 681 1319 quo
722 1264 783 1306 ait
819 1262 988 1306 Ennius
1031 1278 1160 1307 unus
1205 1265 1289 1320 qui
1332 1265 1484 1308 nobis
1523 1267 1810 1310 cunctando

94 1336 337 1379 restituit
368 1350 482 1378 rem.
534 1335 672 1378 sciens
699 1336 812 1377 enim
834 1335 1057 1392 Vergilius
1085 1336 1208 1391 quasi
1233 1350 1313 1391 pro
1341 1336 1537 1392 exemplo
1570 1337 1685 1380 hunc
1717 1353 1807 1381 ver·
1838 1346 1881 1378 15

95 1423 190 1451 sum
222 1408 378 1463 posuit.
488 1409 596 1462 ILLE]
631 1406 653 1430 ’¹‘
666 1408 896 1450 notandum
927 1410 986 1450 est
1015 1408 1063 1450 dc
1092 1408 1271 1450 secunda
1293 1421 1477 1462 persona
1507 1409 1661 1451 dictum
1674 1409 1708 1452 ²⁸.
1932 1405 1937 1409 ”

85 1475 89 1479 ’
214 1480 312 1523 847.
362 1491 614 1523 EXCVDENT
639 1491 737 1522 AL11
770 1479 962 1522 cudendo
992 1479 1198 1522 efficient:
1232 1481 1275 1521 et
1305 1482 1373 1522 est
1403 1479 1644 1523 rhetoricus
1676 1481 1808 1524 locus.

173 1563 421 1595 SPIRANTIA
455 1551 658 1594 animata.
720 1550 928 1594 Horatius
961 1552 1010 1593 et
1041 1550 1220 1593 molles
1253 1550 1550 1594 imitabitur
1582 1567 1697 1596 aere
1728 1569 1807 1597 ca-

92 1623 263 1678 pillos.

212 1695 310 1738 848.
359 1706 498 1738 VIVOS
531 1705 712 1737 VVLTVS
744 1694 827 1748 hoc
859 1696 926 1737 est
957 1694 1069 1750 quod
1102 1694 1211 1737 dixit
1242 1693 1498 1751 ‘spirantia'.
1547 1698 1591 1738 et
1621 1711 1698 1751 per
1730 1712 1803 1740 aes
1831 1705 1878 1737 20

94 1765 344 1809 Corinthios
389 1765 570 1818 indicat,
620 1781 697 1822 per
740 1780 931 1808 marmor
972 1765 1148 1822 Parios,
1197 1781 1274 1822 per
1318 1767 1533 1810 actionem
1579 1783 1805 1811 causarum

92 1837 398 1893 Athenienses,
429 1852 507 1893 per
538 1838 850 1880 astronomiam
881 1837 1126 1894 Aegyptios
1159 1841 1202 1880 et
1234 1836 1489 1882 Chaldaeos.

211 1909 309 1952 852.
359 1920 490 1951 mels
521 1920 688 1952 MOREM
717 1909 836 1964 leges
868 1908 999 1964 pacis.

212 1980 309 2024 855.
360 1992 537 2024 sP0L11s
569 1991 848 2023 MARCELLVS
875 1991 1033 2022 ommis
1065 1979 1135 2023 hic
1162 1979 1310 2023 Gallos
1342 1983 1387 2023 et
1414 1981 1581 2025 Poenos
1614 1983 1805 2039 equestri

91 2052 327 2096 certamine
365 2054 596 2108 superavit.
658 2051 980 2094 Viridomarum
1017 2053 1166 2103 etiam,
1202 2051 1427 2095 Gallorum
1465 2053 1634 2110 ducem,
1671 2069 1803 2098 manu
1828 2062 1874 2095 25

186 2210 204 2241 1
230 2205 369 2241 Atilius
389 2233 397 2241 .
419 2235 427 2242 .
451 2233 460 2243 .
481 2205 605 2241 dictus
631 2205 705 2251 est]
733 2215 847 2241 exscr.
870 2204 1057 2251 mythogr.
1079 2205 1180 2240 1223
1200 2206 1212 2250 ΙΙ
1233 2208 1252 2240 7
1277 2215 1364 2240 nam
1389 2206 1548 2241 trecenti
1568 2235 1576 2242 .
1600 2236 1607 2243 .
1629 2235 1636 2242 .
1658 2208 1800 2255 posuit]
1827 2216 1835 2219 ”

89 2265 202 2290 exscr.
229 2253 416 2299 mythogr.
443 2253 460 2287 I
486 2257 556 2289 224
581 2254 594 2299 ΙΙ
623 2257 668 2289 14
694 2252 849 2299 Ennius]
877 2263 961 2290 ann.
989 2265 1022 2288 v.
1050 2256 1118 2288 313
1146 2264 1205 2298 ap.
1231 2252 1342 2288 Vahl.
1381 2253 1426 2290 cf.
1453 2253 1617 2290 Macrob.
1646 2255 1723 2292 Sat.
1749 2255 1801 2290 VI

90 2305 121 2346 1,
147 2305 191 2337 23
212 2302 224 2349 ΙΙ
254 2306 297 2337 18
323 2301 517 2348 Horatius]
544 2312 576 2338 a.
603 2314 638 2347 p.
666 2305 711 2336 33
730 2301 743 2346 ΙΙ
763 2304 808 2335 24
834 2299 896 2335 1110
923 2329 930 2337 .
954 2328 961 2335 .
983 2328 990 2335 .
1019 2300 1233 2346 Tolumnio]
1261 2311 1376 2337 exscr.
1403 2302 1590 2348 mythogr.
1617 2303 1633 2337 I
1660 2306 1729 2339 225

186 2446 203 2478 1
232 2442 278 2477 ad
303 2441 406 2478 illius
431 2443 478 2478 H
509 2442 651 2479 atillius
678 2443 718 2479 F
739 2444 752 2490 ΙΙ
789 2456 896 2479 suum
922 2455 1052 2489 agrum
1081 2445 1131 2479 M
1158 2444 1171 2490 ΙΙ
1208 2448 1228 2479 2
1256 2443 1497 2480 dictaturium
1524 2445 1609 2481 SH·
1625 2447 1636 2493 ΙΙ
1673 2448 1800 2483 autem

89 2501 156 2526 om.
182 2490 219 2525 R
236 2491 249 2535 ΙΙ
268 2494 291 2525 4
315 2489 408 2526 fauii
433 2490 473 2525 F
489 2491 500 2537 ΙΙ
520 2495 541 2527 6
565 2490 697 2527 residit
723 2491 763 2526 F
779 2492 791 2537 ΙΙ
820 2495 839 2528 7
866 2503 952 2527 nam
979 2502 1045 2527 om.
1073 2492 1113 2526 F
1129 2493 1141 2539 ΙΙ
1161 2491 1226 2537 qui
1251 2491 1434 2528 coniurati
1460 2503 1544 2528 cum
1571 2505 1655 2529 cum
1681 2495 1799 2530 seruis

89 2537 130 2572 F
144 2538 156 2583 ΙΙ
175 2541 196 2572 8
222 2537 415 2584 Veientes]
443 2538 628 2574 uihientes
648 2539 683 2574 A
722 2538 914 2575 uehientes
935 2538 994 2574 Sa
1025 2539 1170 2575 uientes
1189 2539 1226 2574 R
1262 2541 1443 2585 uegentes
1466 2541 1516 2575 M
1550 2544 1728 2578 uenentes
1748 2543 1798 2588 F,

88 2596 154 2621 om.
171 2585 215 2619 H
229 2586 242 2631 ΙΙ
260 2585 498 2632 dimicarent]
525 2597 701 2632 prospere
728 2598 814 2633 sepe
841 2587 1085 2622 dimicassent
1103 2587 1144 2622 F
1159 2588 1171 2634 ss
1190 2591 1211 2623 9
1231 2588 1393 2634 tantum]
1413 2588 1542 2624 tamen
1561 2589 1602 2623 F
1617 2590 1630 2635 ΙΙ
1652 2594 1695 2626 10
1721 2602 1797 2626 ma-

42 2658 50 2667 -.
86 2632 208 2668 ximus
233 2632 355 2668 fabius
380 2633 476 2668 ΒΜ
504 2633 627 2670 fauius
651 2632 835 2670 maximus
856 2634 896 2669 F
925 2633 1069 2670 scilicet
1092 2634 1229 2671 Fabius
1253 2635 1437 2671 Maximus
1456 2635 1659 2674 Fabricius
1678 2639 1690 2685 ΙΙ
1708 2650 1797 2684 pue-

86 2679 228 2727 ritiam]
265 2679 340 2716 iam
366 2681 450 2718 add.
477 2682 513 2716 A
545 2682 557 2728 ΙΙ
592 2682 839 2728 remanserat]
877 2692 900 2716 a
924 2693 997 2727 quo
1022 2693 1090 2727 per
1113 2683 1293 2729 temporis
1320 2682 1589 2719 successionem
1615 2685 1797 2732 longioris

85 2727 209 2763 fabius
234 2727 299 2763 ille
325 2727 508 2764 maximus
535 2730 680 2765 creatus
707 2731 764 2765 est
789 2730 873 2765 add.
890 2730 928 2764 D
947 2730 960 2775 ΙΙ
981 2733 1022 2765 11
1044 2730 1229 2766 annibalis
1252 2731 1301 2765 M
1306 2730 1347 2765 F
1361 2732 1374 2777 ss
1392 2731 1562 2777 inpetum
1582 2732 1624 2767 F
1637 2734 1650 2778 ss
1673 2737 1714 2769 13
1735 2734 1796 2770 de-

86 2774 180 2811 litiis
206 2776 251 2810 H
284 2776 295 2822 ΙΙ
333 2775 412 2811 eius
437 2775 557 2812 uirtus
581 2777 627 2811 H
631 2777 680 2812 M
685 2777 767 2813 La:
795 2777 873 2812 eius
898 2776 1050 2813 uirtutis
1074 2777 1148 2814 AS
1189 2778 1309 2814 uirtus
1333 2779 1413 2814 eius
1439 2778 1476 2815 R
1520 2780 1796 2826 carthaginien-

87 2823 182 2858 sium
207 2822 327 2858 uirtus
353 2823 393 2858 F
421 2825 433 2869 ΙΙ
470 2823 661 2870 obstopuit
685 2824 731 2859 H
757 2826 770 2870 ΙΙ
809 2828 852 2859 14
882 2823 948 2859 ille
981 2825 1055 2872 est]
1087 2825 1149 2861 hic
1175 2827 1231 2861 est
1256 2825 1458 2862 Fabricius
1499 2826 1562 2862 hic
1587 2829 1713 2864 autem
1739 2831 1796 2864 est

87 2871 295 2906 Masvicius
319 2874 351 2906 et
375 2870 619 2907 Burmannus
655 2871 721 2907 ille
754 2873 879 2907 autem
910 2873 967 2907 est
992 2872 1091 2909 Lion
1121 2874 1134 2920 ΙΙ
1171 2873 1388 2909 cuncdando
1413 2885 1458 2909 eoe
1484 2875 1693 2912 cunctando
1719 2877 1764 2911 H
1785 2876 1795 2922 Η

90 2921 131 2953 15
157 2917 322 2953 restituit
347 2929 425 2954 rem
450 2918 594 2954 RLH:
626 2919 793 2954 restituis
818 2931 897 2954 rem
923 2919 996 2955 AS
1005 2921 1054 2955 M
1088 2920 1367 2956 constituissem
1393 2921 1433 2956 F
1468 2922 1473 2968 Ι
1504 2921 1602 2958 enim
1629 2934 1694 2959 om.
1721 2923 1762 2958 F
1783 2924 1795 2970 ll

86 2964 266 3011 uergilius
292 2965 332 3001 F
357 2967 370 3012 ΙΙ
400 2969 442 3002 16
468 2966 674 3002 notandum
700 2994 708 3001 .
730 2994 738 3002 .
760 2995 768 3003 .
795 2966 937 3003 dictum
955 2971 1042 3013 post
1066 2968 1258 3014 obtorpuit
1275 2969 1426 3014 praebet
1508 2971 1520 3016 ss
1552 2972 1610 3005 est
1634 2974 1666 3006 et
1690 2971 1793 3006 locus

86 3023 153 3047 om.
181 3012 254 3049 AS
277 3014 391 3059 (supr.
417 3024 506 3049 vers.
532 3014 617 3050 add.
644 3015 681 3060 a)
712 3015 725 3060 ΙΙ
757 3018 800 3051 18
827 3014 1034 3050 animantia
1059 3015 1099 3051 F
1126 3017 1138 3062 Π
1168 3018 1209 3051 ut
1234 3016 1403 3051 horatius
1428 3016 1469 3051 F
1496 3018 1508 3063 ΙΙ
1537 3018 1653 3053 moles
1679 3018 1758 3053 FG

87 3059 261 3107 capillos]
289 3061 480 3097 columbas
500 3061 580 3097 FG
598 3062 610 3108 l]
629 3065 674 3097 20
700 3062 799 3107 quod
826 3062 985 3097 diximus
1010 3062 1193 3108 spirantia
1212 3063 1249 3098 R
1281 3063 1381 3109 quod
1400 3064 1582 3110 spirantia
1600 3065 1695 3100 dixit
1716 3066 1766 3099 M

86 3109 131 3141 21
159 3107 389 3144 chorinthios
413 3108 527 3145 RFa
564 3109 768 3145 choi-intios
794 3110 839 3145 H
853 3111 865 3157 ΙΙ
884 3110 1037 3155 parthos
1064 3111 1114 3146 M
1130 3111 1142 3156 ΙΙ
1166 3115 1211 3146 22
1237 3123 1306 3156 per
1330 3111 1574 3159 astrologiam
1603 3112 1637 3147 G·
1654 3114 1667 3157 ΙΙ
1692 3113 1791 3148 chal—

89 3153 176 3190 deos
194 3154 334 3190 ARM
369 3155 496 3192 aldeos
517 3157 558 3192 H
574 3158 587 3202 ΙΙ
606 3161 651 3192 23
677 3168 774 3193 mom
795 3185 802 3194 .
820 3187 851 3194 ..
874 3156 996 3204 pacis]
1021 3170 1172 3198 momvn
1197 3171 1370 3195 mronnnn
1394 3172 1516 3195 nonam
1540 3159 1580 3194 id
1606 3162 1663 3195 est
1687 3160 1790 3205 pacis

90 3211 231 3238 morem
256 3203 356 3247 quod
382 3205 439 3239 est
462 3204 565 3249 leges
590 3204 693 3250 pacis
719 3205 759 3240 F
775 3206 787 3251 ΙΙ
810 3209 857 3241 24
882 3216 1021 3251 poenas
1047 3205 1086 3240 F
1102 3207 1115 3250 ΙΙ
1142 3208 1187 3241 25
1212 3205 1479 3243 uiridomorum
1506 3206 1629 3242 ΑΒΗ
