2092 3614
257 659 277 690 5

237 1017 280 1049 10

239 1375 282 1406 15

238 1732 284 1763 20

242 2091 286 2121 25

302 254 389 296 550
1080 254 1241 290 SERVII

302 365 441 419 ripam
480 364 676 405 tenebat:
714 363 930 406 Iuvenalis
963 362 1099 418 <VIII
1131 365 1246 419 264>
1286 367 1334 406 et
1369 380 1495 420 quae
1527 365 1735 421 imperii
1764 365 1896 407 fines
1930 365 2012 408 Ti-

303 436 535 477 berinum
567 435 716 489 virgo
743 435 959 477 natavit.
1002 436 1173 489 quidam
1197 450 1297 478 sane
1321 435 1510 479 ‘Etruri’
1537 437 1683 492 Zegyunt,
1713 437 1764 479 ab
1784 436 2012 479 ‘Etruria’:

305 510 422 549 trans
461 506 641 548 Tiberim
676 506 786 547 enim
823 506 1045 548 Etruriam
1081 507 1283 559 dicebant,
1319 507 1502 550 homines
1533 508 1729 563 Etruros,
1768 522 1869 563 quos
1904 522 2014 551 nuno

304 578 513 621 Etruscos,

422 648 520 691 599.
571 660 821 692 COMPOSITI
858 661 1053 693 NVMERO
1093 651 1135 692 id
1174 653 1241 693 est
1277 652 1442 705 aequati
1479 665 1647 694 numero
1684 651 2015 706 rationabiliter,

304 721 416 762 unde
455 723 498 762 et
535 720 878 777 ‘saepenumero’
915 721 1118 777 dicimus,
1156 722 1199 764 id
1233 725 1299 764 est
1330 723 1578 778 frequenter
1610 726 1653 765 et
1683 723 2015 766 rationabiliter.

303 793 404 834 hinc
430 794 496 834 est
520 795 626 834 tum
653 807 773 835 vero
800 793 850 834 in
874 793 1159 849 numerum,
1191 795 1232 836 id
1261 797 1328 836 est
1354 794 1398 836 in
1423 795 1649 850 rationem,
1675 796 1719 837 in
1746 794 2017 850 rhythmum:

305 865 416 906 unde
450 866 493 906 et
525 866 664 906 metra
696 864 931 907 ‘numeros’
960 865 1153 920 dicimus,
1185 867 1234 907 ut
1260 880 1496 908 numeros
1529 866 1754 921 memini,
1788 865 1829 907 si
1860 866 2017 907 verba

304 938 542 977 tenerem.
603 949 708 977 sane
739 936 867 978 modo
900 937 1115 992 generalis
1149 939 1215 979 est
1247 936 1481 993 descriptio
1516 938 1724 993 equestris
1757 937 2016 992 certaminis,

305 1007 436 1062 paulo
469 1009 570 1062 post
603 1005 824 1049 descendit
856 1008 908 1049 ad
942 1008 1192 1063 specialem,
1232 1008 1343 1050 sicut
1374 1009 1476 1050 fecit
1506 1009 1551 1050 in
1585 1008 1735 1064 quinto
1768 1011 1811 1050 et
1841 1008 1891 1050 de
1924 1022 2017 1050 cur-

307 1078 477 1120 soribus
510 1080 554 1119 et
584 1078 635 1119 de
667 1077 811 1120 navali
844 1079 1092 1121 certamine.

426 1150 526 1192 600.
575 1166 732 1192 Parsszs
769 1163 861 1191 eum
897 1149 1065 1192 habenis
1094 1154 1361 1204 premeretur.
1486 1167 1642 1194 PVGNAT
1669 1153 1806 1192 autern
1830 1164 1909 1206 pro
1941 1149 2018 1192 ‘re-

299 1220 496 1276 puynat’.

428 1292 527 1334 601.
584 1277 765 1335 Fir-affixas
795 1310 935 1336 zmsrzs
963 1295 1178 1347 quaeritur
1208 1294 1310 1347 quid
1336 1294 1393 1336 sit
1423 1292 1638 1347 ‘ferreus'?
1675 1296 1817 1335 utrum
1849 1292 2020 1346 ‘ferreus

307 1378 405 1417 asser
440 1363 577 1406 horret
611 1363 772 1419 hastis’‚
810 1379 867 1407 an
899 1364 1072 1418 ‘ferreus
1101 1365 1232 1408 hastis
1262 1380 1359 1420 ayer
1389 1364 1554 1407 horret'.
1674 1376 1864 1407 HORRET
1897 1375 2020 1406 AGER

308 1435 515 1476 terribilis
549 1438 633 1477 est:
669 1439 734 1478 est
765 1439 909 1478 autem
943 1451 1091 1478 versus
1122 1437 1367 1492 Ennianus,
1400 1437 1669 1492 vituperatus
1702 1452 1727 1478 a
1758 1436 1923 1478 Lucilio
1957 1436 2020 1478 di-

309 1509 431 1549 cente
463 1521 539 1561 per
570 1507 841 1562 inrisionem,
880 1508 1079 1550 debuisse
1112 1523 1206 1550 eum
1242 1508 1382 1550 dicere
1414 1508 1595 1550 horret
1628 1511 1677 1550 et
1710 1508 1870 1564 alget:
1909 1508 2021 1549 unde

309 1578 516 1621 Horatius
543 1579 595 1620 de
614 1578 782 1620 Lucilio
811 1593 910 1621 non
940 1579 1078 1621 ridet
1102 1594 1282 1622 versus
1310 1579 1444 1621 Enni
1476 1579 1739 1635 gravitate
1765 1567 2020 1621 minores?

429 1651 528 1692 602.
578 1662 813 1701 CAMPIQVE
855 1662 995 1693 ARMIS
1029 1662 1305 1693 SVBLIMIBVS
1337 1662 1527 1693 ARDENT
1565 1651 1611 1692 id
1645 1654 1704 1693 est
1739 1650 2022 1705 resplendent.

430 1722 528 1763 603.
579 1733 881 1773 CELERESQVE
907 1734 1068 1764 LATINI
1101 1722 1266 1764 adludit
1299 1722 1352 1764 ad
1382 1722 1582 1764 militiam
1609 1721 1871 1764 Romanam:
1902 1736 2021 1764 nam-

310 1807 391 1848 que
425 1795 469 1835 et
499 1793 664 1848 equites
696 1794 850 1835 habuit
875 1793 1100 1849 Romulus,
1133 1797 1180 1836 ut
1211 1794 1285 1836 illo
1319 1793 1507 1836 diximus
1540 1794 1635 1836 loco
1662 1793 1751 1848 <IX
1771 1793 1887 1848 368>
1920 1795 2023 1835 ter-

312 1867 534 1919 centum,
580 1866 776 1907 scutati
818 1880 1008 1921 omnes,
1053 1865 1336 1908 Volscente
1386 1865 1656 1921 magistro:
1704 1879 1812 1920 quos
1859 1865 2021 1907 celeres

312 1936 547 1991 appellavit
586 1937 651 1978 vel
691 1951 716 1978 a
753 1937 987 1992 celeritate,
1030 1937 1097 1979 vel
1135 1947 1160 1979 a
1198 1937 1304 1979 duce
1338 1936 1505 1992 Celere,
1545 1937 1619 1992 qui
1651 1935 1806 1978 dicitur
1837 1935 2022 1978 Remum

313 2008 536 2062 occidisse,
572 2007 617 2048 in
657 2008 775 2050 cuius
815 2009 982 2064 gratiae
1015 2008 1151 2050 vicem
1183 2024 1208 2050 a
1238 2008 1425 2050 Romulo
1463 2008 1555 2049 fieri
1593 2008 1791 2049 tribunus
1830 2007 2022 2062 equitum

314 2079 483 2121 meruit.
543 2079 622 2122 alii
651 2079 723 2121 hos
752 2080 894 2122 celeres
924 2081 1012 2122 ideo
1042 2079 1266 2134 appellatos
1297 2079 1457 2130 dieunt,
1495 2079 1604 2132 quod
1632 2078 1929 2132 explorationes
1959 2078 2023 2120 ob·

312 2151 421 2192 irent
450 2153 488 2192 et
517 2164 620 2204 quae
650 2164 751 2193 usus
782 2152 965 2206 exiyeret,
996 2151 1170 2193 velocius
1198 2151 1389 2204 facerent.
1435 2151 1513 2193 alii
1537 2164 1564 2192 a
1591 2149 1747 2192 Graeco
1773 2150 1926 2192 dietum
1943 2164 2023 2204 pu-

314 2225 405 2264 tant
432 2223 541 2276 quod
568 2225 627 2264 est
655 2221 793 2277 κέλης.

411 2333 429 2364 7
456 2330 537 2363 tum
562 2327 666 2374 vero]
695 2328 777 2362 buc.
804 2328 855 2363 VI
881 2332 924 2363 27
945 2329 997 2373 118
1023 2328 1213 2374 numeros]
1240 2328 1323 2365 bue,
1348 2327 1400 2362 IX
1426 2331 1471 2362 45
1490 2328 1503 2371 ΙΙ
1534 2330 1576 2361 16
1603 2337 1696 2361 vers.
1723 2325 1929 2372 Ennianus]
1955 2326 2023 2361 sat.

315 2389 348 2412 v.
371 2379 415 2411 15
435 2388 469 2422 p.
494 2379 561 2411 156
581 2374 691 2412 Vahl.
711 2376 724 2421 ΙΙ
743 2386 766 2410 a
785 2375 945 2422 Lucilio]
970 2375 1023 2410 III
1044 2380 1087 2411 61
1110 2387 1169 2422 ap.
1189 2375 1316 2411 Muell.
1336 2388 1372 2421 p.
1395 2378 1438 2410 18
1458 2377 1470 2420 ΙΙ
1492 2378 1534 2410 18
1560 2373 1753 2420 Horatius]
1781 2375 1851 2408 sat.
1872 2374 1887 2408 l
1910 2377 1964 2418 10,
1978 2376 2025 2408 54

411 2475 429 2506 1
457 2482 552 2516 quae
577 2470 740 2516 imperii]
768 2481 880 2515 quem
905 2469 1006 2515 peris
1032 2470 1072 2505 F
1088 2472 1100 2516 ΙΙ
1120 2475 1140 2506 2
1168 2470 1316 2505 notauit
1341 2470 1386 2504 H
1399 2471 1411 2516 ΙΙ
1430 2470 1480 2505 ad
1503 2481 1532 2505 υ
1563 2472 1631 2504 598
1658 2468 1810 2512 quidam
1836 2467 1951 2503 etruri
1977 2467 2024 2503 ab

316 2518 454 2554 etruria
485 2517 630 2553 dictum
663 2518 861 2562 accipiunt.
906 2518 1009 2552 trans
1040 2517 1193 2552 tiberim
1225 2519 1350 2552 autem
1383 2517 1559 2552 etruriam
1592 2516 1769 2550 dicebant
1794 2517 1832 2550 et
1855 2515 2026 2550 homines

318 2568 461 2601 etruros
487 2576 580 2611 quos
605 2575 703 2599 nunc
729 2568 895 2600 etruscos
923 2565 957 2599 Τ
972 2566 984 2611 ΙΙ
1020 2564 1187 2609 iquidam
1213 2565 1253 2599 F
1268 2566 1280 2609 ΙΙ
1318 2566 1356 2600 et
1380 2564 1457 2599 ruri
1483 2564 1522 2599 F
1556 2563 1755 2608 Etrurique
1783 2563 1990 2598 Masvicius
2015 2563 2018 2608 Ι

315 2615 363 2649 ab
396 2613 512 2649 eturie
544 2613 624 2647 trus
652 2611 691 2646 F
731 2612 778 2646 ab
804 2612 959 2647 Etrurus
988 2611 1227 2648 Commelinus
1264 2613 1275 2658 ΙΙ
1313 2616 1333 2647 5
1364 2613 1415 2647 ad
1446 2624 1629 2647 COMPOSITI
1661 2622 1689 2647 s.
1715 2621 1746 2646 v.
1774 2609 1924 2655 aequati
1953 2610 1986 2644 T
2015 2610 2018 2655 l

315 2659 607 2706 rationabiliter]
635 2659 879 2695 onorabiliter
903 2659 943 2694 F
977 2659 1250 2695 honorabiliter
1274 2660 1413 2695 Daniel
1445 2661 1457 2704 ΙΙ
1495 2664 1514 2694 7
1541 2657 1771 2704 rhythmum]
1801 2658 1950 2692 edmum
1977 2657 2026 2700 F,

316 2709 338 2744 i.
367 2720 397 2744 e.
425 2709 563 2744 addens
593 2709 605 2754 ΙΙ
645 2711 687 2742 12
713 2708 763 2743 ad
788 2719 924 2742 PBEssls
950 2718 977 2742 s,
1003 2718 1035 2742 v.
1062 2707 1101 2742 id
1128 2709 1185 2742 est
1210 2719 1294 2742 oum
1320 2709 1551 2752 premeretur
1581 2706 1613 2740 T
1646 2708 1659 2751 ΙΙ
1695 2707 1928 2750 promeretur
1953 2704 1993 2738 F
2015 2704 2027 2750 Η

319 2761 363 2791 14
388 2757 437 2792 ad
462 2768 493 2791 v.
521 2759 590 2791 601
623 2755 701 2790 siue
732 2755 873 2790 ferreus
904 2754 1023 2789 hastis
1058 2754 1187 2790 horret
1217 2765 1307 2800 ager
1339 2755 1418 2790 siue
1450 2754 1592 2790 ferreus
1622 2764 1713 2798 ager
1743 2753 1872 2787 horret
1895 2752 2025 2787 hastis.

316 2804 457 2839 ferreus
493 2802 587 2838 dicit
616 2805 770 2848 propter
801 2801 1080 2837 multitudinem
1113 2802 1273 2838 telorum
1309 2813 1404 2847 quae
1437 2801 1671 2847 apparebant
1705 2800 1738 2834 T
1770 2801 1783 2844 ΙΙ
1821 2803 1865 2835 15
1896 2799 2026 2834 ferreis

317 2851 435 2886 hastis
461 2851 687 2892 Masvicius;
711 2851 773 2885 sed
797 2850 987 2895 quaeritur
1014 2850 1158 2884 ‘hastis'
1186 2853 1311 2885 utrum
1336 2850 1386 2885 ad
1413 2849 1561 2885 ‘horret'
1589 2860 1640 2883 an
1667 2848 1716 2882 ad
1743 2846 1909 2891 ‘ferreus’
1937 2847 2026 2890 refe-

317 2899 470 2933 rendum
495 2899 543 2933 sit
561 2899 573 2944 ss
602 2901 643 2932 16
670 2900 729 2932 est
754 2898 895 2942 autem]
922 2899 960 2932 et
985 2898 1042 2931 est
1067 2897 1106 2931 F
1121 2898 1134 2942 ΙΙ
1164 2901 1207 2932 18
1234 2897 1348 2943 ridet]
1375 2898 1501 2932 dicens
1527 2896 1612 2931 add.
1639 2894 1679 2929 F
1694 2895 1706 2941 ΙΙ
1731 2894 1816 2930 enni
1841 2893 1898 2928 H:
1926 2892 2026 2928 ennii

319 2945 447 2981 ΑΒΜ
479 2945 565 2980 enin
584 2945 620 2979 R
657 2944 757 2979 enim
778 2943 819 2979 F
834 2945 845 2990 ΙΙ
865 2943 1017 2979 minoris
1035 2944 1123 2978 RH
1130 2946 1177 2979 M
1194 2946 1206 2991 ss
1228 2949 1270 2980 19
1296 2944 1552 2989 resplendent]
1580 2943 1618 2977 et
1638 2941 1831 2986 Euripides
1850 2941 1889 2975 in
1909 2941 2025 2976 Phoe-

318 2992 429 3028 nissis
455 2989 552 3027 κατὰ
579 2989 719 3037 χαλκὸν
745 2987 849 3027 ἅπαν
875 2991 1009 3027 πεδίον
1035 2988 1241 3035 ἀστράπτει
1267 2991 1434 3036 ada.D1
1461 2995 1503 3026 21
1532 2990 1695 3034 equitem
1717 2989 1761 3023 H
1773 2989 1786 3033 ΙΙ
1805 2992 1849 3023 22
1871 2988 2024 3033 celeres]

320 3041 459 3075 scelere
486 3039 526 3074 F
553 3040 565 3086 ΙΙ
604 3039 755 3074 24uice
782 3039 824 3074 F
849 3039 862 3085 ΙΙ
899 3042 943 3074 25
970 3039 1122 3085 meruit]
1150 3041 1189 3074 et
1213 3040 1397 3074 Tribunus
1454 3038 1593 3073 elerum
1619 3035 1831 3087 appellatus
1858 3035 2025 3089 est-add.

321 3088 522 3123 Fabricius
557 3089 569 3133 ΙΙ
606 3087 656 3122 ad
680 3098 711 3121 v.
740 3089 807 3121 603
838 3086 991 3132 quidam
1017 3086 1156 3122 celeres
1182 3087 1302 3122 dictos
1327 3086 1461 3122 uolunt
1484 3086 1532 3120 ab
1558 3095 1600 3119 eo
1628 3086 1728 3128 quod
1753 3083 2026 3128 explorationes

321 3135 468 3171 obirent
493 3161 501 3168 .
522 3162 531 3171 .
553 3163 560 3170 .
588 3133 696 3178 κέλης
725 3134 757 3168 Τ
774 3135 786 3180 ΙΙ
803 3133 872 3169 hos
898 3133 1055 3169 sceleres
1076 3133 1116 3168 F
1151 3145 1191 3169 os
1217 3134 1375 3169 sceleres
1402 3133 1435 3168 G
1453 3134 1465 3178 ΙΙ
1484 3131 1692 3177 appellatas
1712 3130 1752 3165 F
1767 3131 1780 3175 ΙΙ
1798 3134 1843 3166 26
1869 3142 1938 3166 usu
1959 3129 1992 3165 G
2016 3129 2028 3176 Η

322 3183 477 3218 celerius
507 3182 540 3216 T
555 3182 568 3227 ss
593 3181 736 3263 faczevret
763 3181 797 3216 G
815 3183 828 3227 ΙΙ
847 3193 866 3217 e
892 3192 1025 3227 graeco
1052 3180 1085 3215 G
1104 3182 1116 3226 ΙΙ
1135 3180 1276 3216 dictum
1302 3182 1438 3230 putant
1461 3191 1527 3215 om.
1557 3178 1590 3213 T
1605 3180 1618 3224 ΙΙ
1642 3182 1686 3213 27
1714 3177 1812 3223 quod
1838 3179 1896 3213 est
1919 3175 2028 3222 κέλης

320 3241 386 3266 om.
409 3230 442 3265 G
466 3231 479 3276 ΙΙ
505 3240 615 3264 ΚεΛΝε
