2092 3614
344 281 430 323 326
1118 282 1256 320 SERVI
1262 285 1277 319 Ι

343 391 436 433 fieri
472 394 522 433 ut
559 406 695 447 prava
732 392 958 434 numinum
997 393 1219 435 voluntate
1259 393 1519 449 cupiamuss
1546 394 1700 449 quibus
1740 393 1850 435 nihil
1887 395 2049 436 malum

343 465 514 504 constat
550 463 731 518 placere.
793 463 903 507 unde
941 478 1053 506 nunc
1092 464 1163 507 hic
1201 467 1322 507 ortus
1361 467 1427 507 est
1465 479 1633 507 sensus:
1675 464 1756 507 hoc
1795 465 1908 507 enim
1946 465 2051 508 dicit

343 533 494 577 Nisus:
528 550 552 576 o
579 534 788 590 Euryale,
821 535 917 578 dine
943 535 1105 578 nostris
1133 536 1350 578 mentibus
1378 535 1634 591 cupiditates
1664 536 1847 579 iniciunt
1872 539 1916 578 et
1941 537 2047 579 desi-

342 605 478 660 deria,
511 621 564 648 an
598 605 702 648 deus
735 607 784 648 fit
815 606 910 661 ipsa
942 607 1099 648 mentis
1132 606 1374 662 cupiditas?
1465 619 1700 650 MENTIBVS
1733 621 1824 650 vero
1855 620 2048 651 ADDVN'r

295 685 315 715 5
341 676 450 718 bene
487 677 596 719 dixit
632 676 859 720 ‘addunt'z
903 693 1005 720 nam
1043 678 1212 720 animus
1252 678 1317 720 sui
1353 681 1510 720 natura
1549 678 1736 733 prudens
1774 682 1858 735 est,
1900 680 1973 722 sed
2011 680 2048 721 ei

343 747 516 789 additur
546 749 595 789 ut
627 748 788 804 aliquid
820 749 1085 804 inpatienter
1117 749 1339 793 desideret.
1388 763 1471 792 non
1501 750 1610 792 nulli
1642 753 1776 792 tamen
1807 751 1914 793 inter
1938 752 2048 806 cupi-

340 819 508 861 ditatem
533 823 572 862 et
595 820 827 874 cupidinem
857 819 963 862 hanc
987 819 1263 872 differentiam
1288 834 1369 863 esse
1393 821 1550 876 volunt,
1581 824 1628 863 ut
1654 821 1880 864 masculino
1907 836 2050 876 yencre

341 888 585 944 Cupidinem
610 892 730 933 deum
759 891 914 946 ipsum,
945 891 992 933 icl
1014 894 1072 933 cst
1094 887 1173 933 τὸν
1191 888 1368 948 ”Epona
1392 892 1684 948 siynificcmus,
1712 893 1914 946 feminino
1939 894 2047 948 cupi-

340 961 530 1003 ditatem:
560 962 749 1016 quamvis
779 962 851 1005 hoc
881 965 1064 1006 auctores
1085 963 1327 1018 plerumque
1357 964 1625 1017 confundunt.

271 1040 315 1072 10
462 1034 558 1076 183.
608 1046 724 1076 DIRA
755 1048 926 1090 magna.

463 1105 558 1147 184.
609 1117 804 1156 ALIQVID
837 1117 1038 1148 MAGNVM
1071 1106 1235 1149 scilicet
1266 1121 1342 1162 per
1372 1107 1521 1149 hostes
1553 1108 1794 1151 transitum.

462 1176 557 1218 185.
607 1187 780 1218 AGITAT
813 1177 1006 1220 molitur.
1114 1189 1287 1228 QVIETE
1321 1178 1450 1220 modo
1482 1179 1590 1231 otio,
1623 1194 1711 1222 non
1743 1194 1912 1236 somno,
1945 1195 2046 1223 nam

339 1247 385 1288 111
428 1247 589 1303 vigiliis
632 1248 776 1290 fuerat
819 1248 1065 1292 collocatus,
1127 1249 1199 1302 qui
1241 1249 1351 1291 enim
1391 1253 1523 1293 custos
1559 1253 1618 1293 est
1653 1252 1701 1294 ole
1735 1251 1939 1295 insomnio
1975 1265 2047 1294 suo

339 1320 455 1373 queri
483 1333 567 1362 non
591 1322 733 1374 potest.

270 1398 313 1429 15
462 1391 557 1434 186.
609 1402 773 1434 cnssms
817 1403 940 1442 QVAE
982 1404 1198 1436 RVTvLos
1242 1404 1429 1434 HABEAT
1473 1404 1663 1435 FIDVCIA
1706 1406 1865 1438 RERVM
1908 1395 2045 1451 ipsius

339 1461 541 1504 desiderii
572 1462 666 1505 vult
698 1477 791 1505 esse
823 1462 1105 1505 rationabiles
1138 1478 1308 1520 causas,
1339 1478 1390 1506 ne
1413 1478 1568 1506 vanum
1594 1479 1708 1509 mens
1731 1467 1889 1520 ayitare
1914 1468 2046 1510 videa-

339 1536 428 1575 tur:
469 1547 570 1576 nam
605 1537 644 1577 et
678 1534 927 1589 neyleyentia
962 1534 1139 1578 hostium
1167 1550 1246 1590 per
1282 1536 1478 1590 fiduciam
1515 1537 1692 1579 nimiam
1730 1539 1971 1594 ostenditur,
2011 1542 2049 1581 et

338 1606 491 1648 occasio
522 1605 700 1648 dabatur
730 1606 894 1660 aliquid
921 1609 1083 1650 strenue
1108 1608 1286 1662 yerendi.

460 1677 556 1719 187.
606 1688 764 1720 SOMNO
801 1689 1011 1728 VINOQVE
1053 1677 1245 1721 SEPVLT‘I
1291 1679 1472 1721 alterum
1511 1679 1670 1735 pendet
1707 1692 1762 1722 ex
1801 1681 1949 1724 altero.
2010 1684 2047 1723 ct

266 1755 312 1785 20
339 1747 527 1802 ‘sepulti'
558 1749 680 1803 quasi
708 1749 796 1791 sine
818 1749 948 1802 pulsu
979 1752 1017 1792 et
1045 1749 1153 1792 nihil
1184 1750 1404 1793 sentientes.

459 1821 556 1863 188.
605 1831 761 1863 PORRO
793 1820 1012 1863 hortantis
1047 1823 1129 1864 est:
1162 1824 1238 1864 aut
1266 1836 1368 1864 num
1399 1822 1628 1865 coniunctio
1658 1823 1884 1877 expletiva?

459 1892 555 1935 189.
606 1904 720 1943 QVID
753 1904 966 1935 nvssl'rEM
1003 1892 1047 1934 id
1079 1894 1144 1934 est
1176 1893 1382 1949 cogitem:
1421 1894 1561 1936 omnis
1601 1894 1716 1937 enim
1754 1895 1961 1951 cogitatio
1999 1895 2045 1938 in

335 1962 609 2006 dubitatione
642 1966 708 2006 est
741 1965 839 2005 ante
872 1964 1142 2006 sententiam.
1747 1965 1753 1971 “

459 2035 555 2077 190.
604 2046 906 2086 POPVLstvn
938 2046 1208 2086 PATRESQVE
1245 2036 1453 2078 transfert
1483 2037 1529 2078 in
1561 2036 1770 2080 Troianos
1801 2037 2042 2080 Romanam

266 2112 311 2143 25
337 2106 707 2162 consuetudinem,
738 2108 787 2148 ut
818 2106 929 2148 solet
960 2106 1232 2163 plerumque:
1263 2107 1383 2162 prius
1417 2093 1530 2150 6111111
1563 2108 1743 2150 iubebat
1775 2108 1938 2164 aliquid
1969 2124 2042 2164 po·

335 2178 479 2233 pulus,
511 2180 665 2234 postea
697 2177 983 2221 confirmabat
1014 2180 1199 2221 senatus.

457 2250 554 2292 191.
603 2262 880 2293 REPORTENT
906 2251 1098 2304 portent:
1130 2265 1232 2292 nam
1257 2249 1334 2292 ‘re'
1364 2252 1497 2292 vacat.
1541 2253 1617 2293 aut
1639 2250 1731 2303 †ab
1756 2264 1799 2293 eo
1823 2254 2040 2305 reportare.

457 2320 553 2363 192.
604 2332 645 2363 SI
676 2333 770 2363 ΤΙΒῙ
802 2332 923 2372 QVAE
962 2332 1108 2364 POSCO
1146 2333 1453 2364 PROMITTVNT
1490 2335 1666 2376 poscere
1705 2324 1770 2363 est
1807 2321 2042 2364 secundum

279 2432 281 2434 .
335 2391 579 2434 Varronem
621 2391 821 2446 quotiens
863 2391 1026 2447 aliquid
1062 2406 1140 2447 pro
1179 2393 1334 2434 merito
1373 2394 1525 2434 nostro
1564 2392 1853 2448 deposcimus,
1895 2396 2041 2448 petere

263 2468 309 2499 30
334 2477 435 2505 vero
466 2465 532 2504 est
556 2477 653 2504 cum
680 2463 843 2518 aliquid
868 2463 1090 2505 humiliter
1114 2465 1158 2505 et
1183 2478 1278 2506 cum
1304 2463 1503 2518 precibus
1538 2464 1820 2518 postulamus.
1864 2467 1908 2507 et
1932 2465 2041 2507 bene

334 2533 449 2589 quod
473 2533 712 2588 Euryalum
743 2534 854 2577 nolit
882 2534 1034 2577 ducere
1066 2534 1252 2576 latenter
1278 2534 1483 2577 ostendit:
1514 2548 1615 2577 nam
1639 2536 1727 2578 ideo
1752 2536 1900 2578 adiecit
1923 2534 2041 2578 emihi

329 2605 434 2658 facti
460 2605 581 2658 fama
609 2608 677 2647 sat
705 2604 794 2648 est'.

371 2731 379 2741 ,
427 2701 474 2734 20
506 2697 642 2744 sepulti
670 2725 677 2733 .
700 2726 708 2734 .
731 2726 737 2733 .
765 2698 984 2745 sentientes]
1019 2699 1064 2734 cf.
1091 2698 1179 2734 Isid.
1207 2710 1259 2734 or.
1286 2699 1319 2733 X
1345 2702 1431 2742 262;
1464 2698 1516 2733 XI
1542 2703 1581 2743 2,
1608 2703 1671 2743 37;
1703 2699 1779 2735 diff.
1806 2699 1906 2736 verb.
1933 2703 2000 2735 522
2026 2699 2038 2747 Η

332 2749 375 2780 21
403 2758 517 2781 romzo
544 2774 551 2781 .
574 2774 582 2782 .
604 2773 612 2780 .
638 2745 843 2792 expletiva]
871 2746 915 2782 cf.
936 2747 1030 2782 Don.
1057 2746 1105 2781 ad
1130 2745 1210 2782 Ter.
1231 2746 1345 2781 Andr.
1371 2747 1388 2782 I
1407 2750 1440 2792 5,
1460 2750 1505 2781 43
1533 2748 1570 2782 et
1595 2746 1697 2791 1114,
1720 2750 1763 2782 17
1782 2747 1859 2792 1128
1884 2757 2037 2792 poscere

333 2821 340 2827 .
363 2821 370 2828 .
392 2822 400 2830 .
426 2792 678 2839 postulamus]
706 2793 749 2828 cf.
776 2793 870 2829 Don.
898 2793 945 2829 ad
972 2794 1054 2829 Ter.
1081 2792 1194 2830 Andr.
1221 2793 1257 2828 II
1282 2797 1316 2838 5,
1345 2798 1386 2829 11

429 2880 446 2910 1
474 2876 592 2921 proba
616 2875 658 2911 F
673 2877 685 2922 ΙΙ
704 2875 894 2921 capiamus
921 2875 950 2911 S
966 2877 977 2922 ΙΙ
997 2879 1018 2910 4
1043 2875 1121 2921 ipse
1146 2876 1313 2911 ASLH
1335 2878 1431 2922 (corr
1462 2877 1514 2922 al)
1535 2878 1546 2922 ΙΙ
1575 2880 1595 2911 6
1623 2875 1823 2922 desideret]
1852 2875 2035 2911 desidera-

331 2925 389 2958 ret
408 2922 455 2959 F.
495 2922 602 2968 quasi
627 2926 776 2969 praeter
801 2923 879 2959 eius
904 2925 1075 2958 naturam
1102 2923 1320 2959 adiunctum
1347 2935 1392 2959 ex
1416 2923 1535 2959 altero
1561 2924 1644 2959 add.
1660 2923 1699 2958 D
1717 2924 1729 2969 ΙΙ
1747 2934 1821 2958 11011
1845 2923 1941 2958 1111111
1968 2952 1975 2959 .
1997 2953 2004 2960 .
2027 2953 2034 2960 .

331 2970 564 3006 confundunt
582 2974 668 3016 post
692 2981 831 3017 magna
856 2972 901 3016 (v.
924 2973 1009 3015 183)
1033 2971 1154 3006 colloa
1175 2971 1315 3006 Daniel
1333 2973 1344 3017 ΙΙ
1364 2970 1577 3016 cupidatem
1603 2969 1644 3005 F
1668 2970 1929 3015 (cupiditatem
1953 2971 1999 3017 G)
2025 2972 2036 3018 jfl

331 3020 352 3052 8
381 3029 568 3053 eil-nereum
595 3017 636 3052 F
657 3019 668 3064 ΙΙ
702 3022 745 3054 16
771 3018 920 3053 'uidetur
945 3017 985 3052 F
1006 3018 1018 3064 ΙΙ
1051 3021 1093 3052 17
1120 3017 1304 3053 fudatiam
1331 3018 1372 3053 F
1404 3018 1575 3053 fidutiam
1601 3017 1635 3052 G-
1665 3018 1677 3063 Η
1711 3021 1753 3052 19
1780 3019 1940 3064 snrvrm]
1968 3029 2034 3054 om.

330 3065 474 3108 ALH,
501 3078 528 3099 s.
555 3065 604 3100 M
618 3066 630 3111 ΙΙ
649 3069 693 3100 23
721 3065 893 3101 sientiam
916 3065 947 3100 L
972 3064 1026 3110 (id
1051 3066 1108 3100 est
1133 3064 1443 3101 deliberationem
1468 3075 1568 3110 supr.
1588 3075 1654 3099 scr.
1676 3066 1701 3108 l)
1721 3065 1798 3111 1126
1823 3067 1910 3110 post
1927 3066 2000 3101 AS
2025 3066 2036 3113 {¹

331 3116 375 3148 27
402 3112 540 3147 uacant
565 3112 616 3146 M
640 3113 652 3159 ΙΙ
683 3114 749 3148 aut
773 3113 820 3148 ab
846 3124 889 3149 eo
916 3112 1015 3158 quod
1041 3114 1097 3146 est
1120 3113 1311 3156 reportare
1337 3113 1476 3147 Daniel
1512 3111 1578 3146 aut
1601 3123 1668 3157 pro
1694 3122 1737 3146 eo
1763 3112 1862 3156 quod
1888 3115 1947 3148 est
1970 3113 2034 3148 ad-

330 3160 478 3204 portare
510 3160 605 3195 coni.
631 3159 874 3195 Burmannus
905 3160 984 3196 coll.
1010 3159 1131 3194 Servii
1161 3160 1210 3194 ad
1235 3159 1304 3194 VII
1332 3163 1397 3194 167
1428 3159 1571 3194 scholio.
1621 3159 1775 3202 fortasse
1809 3161 1875 3195 aut
1907 3161 1956 3195 ab
1991 3171 2033 3196 eo

331 3207 370 3251 (i.
390 3218 417 3242 e.
439 3207 485 3242 ab
504 3206 644 3252 Aenea)
670 3209 862 3252 reportent
880 3209 892 3255 ΙΙ
911 3211 956 3242 28
982 3208 1039 3242 est
1061 3206 1279 3253 secundum]
1307 3207 1405 3241 enim
1425 3208 1482 3241 est
1501 3206 1690 3242 sciendum
1710 3207 1743 3240 L
1762 3208 1773 3252 ΙΙ
1793 3211 1838 3241 30
1857 3218 1944 3243 uere
1964 3207 2009 3242 H
2021 3207 2034 3254 Η
2091 3252 2092 3257 ¹

330 3255 388 3289 est
413 3265 479 3290 om.
506 3254 536 3290 S
553 3255 565 3300 ΙΙ
585 3265 666 3289 cum
694 3258 778 3291 ante
802 3255 974 3301 precibus
1000 3265 1068 3292 om.
1095 3252 1136 3288 F
1150 3254 1163 3300 ΙΙ
1187 3257 1230 3290 31
1259 3253 1382 3289 dicere
1407 3253 1481 3289 AS
1489 3254 1538 3288 M
