<?xml version="1.0" encoding="UTF-8"?>
<!DOCTYPE html PUBLIC "-//W3C//DTD XHTML 1.0 Transitional//EN"
    "http://www.w3.org/TR/xhtml1/DTD/xhtml1-transitional.dtd">
<html xmlns="http://www.w3.org/1999/xhtml" xml:lang="en" lang="en">
 <head>
  <title>
</title>
<meta http-equiv="Content-Type" content="text/html;charset=utf-8" />
  <meta name='ocr-system' content='tesseract 3.04.00' />
  <meta name='ocr-capabilities' content='ocr_page ocr_carea ocr_par ocr_line ocrx_word'/>
</head>
<body>
  <div class='ocr_page' id='page_1' title='image "./invergiliicarmin02servuoft_0185.png"; bbox 0 0 2092 3614; ppageno 0'>
   <div class='ocr_carea' id='block_1_1' title="bbox 501 249 1777 291">
    <p class='ocr_par' dir='ltr' id='par_1_1' title="bbox 501 249 1777 291">
     <span class='ocr_line' id='line_1_1' title="bbox 501 249 1777 291; baseline 0.002 -3"><span class='ocrx_word' id='word_1_1' title='bbox 501 251 651 288; x_wconf 84' lang='lat' dir='ltr'>COMM.</span> <span class='ocrx_word' id='word_1_2' title='bbox 678 252 730 287; x_wconf 93' lang='lat' dir='ltr'>IN</span> <span class='ocrx_word' id='word_1_3' title='bbox 756 251 900 288; x_wconf 79' lang='lat' dir='ltr'>VERG.</span> <span class='ocrx_word' id='word_1_4' title='bbox 927 251 1039 288; x_wconf 79' lang='lat' dir='ltr'>AEN.</span> <span class='ocrx_word' id='word_1_5' title='bbox 1070 251 1135 286; x_wconf 91' lang='lat' dir='ltr'>VII</span> <span class='ocrx_word' id='word_1_6' title='bbox 1162 255 1362 287; x_wconf 79' lang='lat'>602—607.</span> <span class='ocrx_word' id='word_1_7' title='bbox 1694 249 1777 291; x_wconf 80' lang='grc'>171</span> 
     </span>
    </p>
   </div>
   <div class='ocr_carea' id='block_1_2' title="bbox 66 359 1857 1992">
    <p class='ocr_par' dir='ltr' id='par_1_2' title="bbox 68 359 1780 489">
     <span class='ocr_line' id='line_1_2' title="bbox 70 359 1780 417; baseline 0 -15"><span class='ocrx_word' id='word_1_8' title='bbox 70 374 176 417; x_wconf 87' lang='lat' dir='ltr'>gens</span> <span class='ocrx_word' id='word_1_9' title='bbox 209 360 340 403; x_wconf 83' lang='lat' dir='ltr'>etiam</span> <span class='ocrx_word' id='word_1_10' title='bbox 372 361 487 416; x_wconf 87' lang='lat' dir='ltr'>apud</span> <span class='ocrx_word' id='word_1_11' title='bbox 519 361 705 404; x_wconf 87' lang='lat' dir='ltr'>maiores</span> <span class='ocrx_word' id='word_1_12' title='bbox 737 361 840 404; x_wconf 91' lang='lat' dir='ltr'>fuit:</span> <span class='ocrx_word' id='word_1_13' title='bbox 871 376 972 404; x_wconf 86' lang='lat' dir='ltr'>nam</span> <span class='ocrx_word' id='word_1_14' title='bbox 1004 361 1090 416; x_wconf 88' lang='lat' dir='ltr'>ipsi</span> <span class='ocrx_word' id='word_1_15' title='bbox 1123 362 1224 402; x_wconf 87' lang='lat' dir='ltr'>sunt</span> <span class='ocrx_word' id='word_1_16' title='bbox 1250 359 1381 416; x_wconf 82' lang='lat' dir='ltr'>Mysi,</span> <span class='ocrx_word' id='word_1_17' title='bbox 1415 375 1522 416; x_wconf 89' lang='lat' dir='ltr'>quos</span> <span class='ocrx_word' id='word_1_18' title='bbox 1548 360 1780 403; x_wconf 73' lang='lat' dir='ltr'>Sallustius</span> 
     </span>
     <span class='ocr_line' id='line_1_3' title="bbox 68 432 1142 489; baseline 0.003 -15"><span class='ocrx_word' id='word_1_19' title='bbox 68 448 94 474; x_wconf 89' lang='lat' dir='ltr'>a</span> <span class='ocrx_word' id='word_1_20' title='bbox 124 432 301 476; x_wconf 90' lang='lat' dir='ltr'>Lucullo</span> <span class='ocrx_word' id='word_1_21' title='bbox 335 432 438 475; x_wconf 88' lang='lat' dir='ltr'>dicit</span> <span class='ocrx_word' id='word_1_22' title='bbox 470 448 563 475; x_wconf 88' lang='lat' dir='ltr'>esse</span> <span class='ocrx_word' id='word_1_23' title='bbox 598 437 836 489; x_wconf 87' lang='lat' dir='ltr'>superatos.</span> <span class='ocrx_word' id='word_1_24' title='bbox 945 434 955 442; x_wconf 82' lang='grc'><strong>”</strong></span> <span class='ocrx_word' id='word_1_25' title='bbox 1138 435 1142 439; x_wconf 78' lang='grc'><em>“</em></span> 
     </span>
    </p>

    <p class='ocr_par' dir='ltr' id='par_1_3' title="bbox 66 502 1829 917">
     <span class='ocr_line' id='line_1_4' title="bbox 186 502 1783 565; baseline -0.001 -18"><span class='ocrx_word' id='word_1_26' title='bbox 186 504 284 547; x_wconf 83' lang='lat'>605.</span> <span class='ocrx_word' id='word_1_27' title='bbox 334 516 630 547; x_wconf 78' lang='lat' dir='ltr'>HYRCANISVE</span> <span class='ocrx_word' id='word_1_28' title='bbox 670 512 777 560; x_wconf 83' lang='lat' dir='ltr'>gens</span> <span class='ocrx_word' id='word_1_29' title='bbox 817 507 883 550; x_wconf 84' lang='lat' dir='ltr'>est</span> <span class='ocrx_word' id='word_1_30' title='bbox 920 505 1035 565; x_wconf 81' lang='lat' dir='ltr'>dicta</span> <span class='ocrx_word' id='word_1_31' title='bbox 1073 519 1099 546; x_wconf 89' lang='lat' dir='ltr'>a</span> <span class='ocrx_word' id='word_1_32' title='bbox 1136 504 1246 546; x_wconf 90' lang='lat' dir='ltr'>silva</span> <span class='ocrx_word' id='word_1_33' title='bbox 1284 502 1524 559; x_wconf 85' lang='lat' dir='ltr'>Hyrcania,</span> <span class='ocrx_word' id='word_1_34' title='bbox 1568 503 1642 545; x_wconf 92' lang='lat' dir='ltr'>ubi</span> <span class='ocrx_word' id='word_1_35' title='bbox 1682 506 1783 545; x_wconf 87' lang='lat' dir='ltr'>sunt</span> 
     </span>
     <span class='ocr_line' id='line_1_5' title="bbox 66 574 1775 631; baseline 0 -14"><span class='ocrx_word' id='word_1_36' title='bbox 66 575 211 631; x_wconf 85' lang='lat' dir='ltr'>tigres.</span> <span class='ocrx_word' id='word_1_37' title='bbox 332 587 562 619; x_wconf 81' lang='lat' dir='ltr'>ARABJSVE</span> <span class='ocrx_word' id='word_1_38' title='bbox 595 588 782 618; x_wconf 81' lang='lat' dir='ltr'>PARANT</span> <span class='ocrx_word' id='word_1_39' title='bbox 814 577 934 619; x_wconf 92' lang='lat' dir='ltr'>venit</span> <span class='ocrx_word' id='word_1_40' title='bbox 966 577 1020 619; x_wconf 86' lang='lat' dir='ltr'>ab</span> <span class='ocrx_word' id='word_1_41' title='bbox 1053 591 1104 619; x_wconf 91' lang='lat' dir='ltr'>eo</span> <span class='ocrx_word' id='word_1_42' title='bbox 1136 576 1249 631; x_wconf 92' lang='lat' dir='ltr'>quod</span> <span class='ocrx_word' id='word_1_43' title='bbox 1281 578 1347 618; x_wconf 91' lang='lat' dir='ltr'>est</span> <span class='ocrx_word' id='word_1_44' title='bbox 1379 575 1469 617; x_wconf 76' lang='lat' dir='ltr'>‘hie</span> <span class='ocrx_word' id='word_1_45' title='bbox 1502 574 1695 617; x_wconf 86' lang='lat' dir='ltr'>Arabus&#39;</span> <span class='ocrx_word' id='word_1_46' title='bbox 1727 600 1775 604; x_wconf 89' lang='lat'>—</span> 
     </span>
     <span class='ocr_line' id='line_1_6' title="bbox 66 643 1829 704; baseline -0.002 -15"><span class='ocrx_word' id='word_1_47' title='bbox 66 661 167 689; x_wconf 87' lang='lat' dir='ltr'>nam</span> <span class='ocrx_word' id='word_1_48' title='bbox 200 648 254 690; x_wconf 87' lang='lat' dir='ltr'>ab</span> <span class='ocrx_word' id='word_1_49' title='bbox 287 662 336 690; x_wconf 90' lang='lat' dir='ltr'>eo</span> <span class='ocrx_word' id='word_1_50' title='bbox 369 648 483 704; x_wconf 90' lang='lat' dir='ltr'>quod</span> <span class='ocrx_word' id='word_1_51' title='bbox 516 650 583 690; x_wconf 90' lang='lat' dir='ltr'>est</span> <span class='ocrx_word' id='word_1_52' title='bbox 615 647 706 689; x_wconf 75' lang='lat' dir='ltr'>‘hic</span> <span class='ocrx_word' id='word_1_53' title='bbox 726 647 888 700; x_wconf 85' lang='lat' dir='ltr'>Arabs,</span> <span class='ocrx_word' id='word_1_54' title='bbox 915 648 969 690; x_wconf 87' lang='lat' dir='ltr'>ab</span> <span class='ocrx_word' id='word_1_55' title='bbox 995 643 1079 691; x_wconf 89' lang='lat' dir='ltr'>hoc</span> <span class='ocrx_word' id='word_1_56' title='bbox 1098 647 1279 703; x_wconf 88' lang='lat' dir='ltr'>Arabe’,</span> <span class='ocrx_word' id='word_1_57' title='bbox 1312 646 1571 690; x_wconf 77' lang='lat' dir='ltr'>‘Arabibus’</span> <span class='ocrx_word' id='word_1_58' title='bbox 1597 646 1705 688; x_wconf 86' lang='lat' dir='ltr'>facit</span> <span class='ocrx_word' id='word_1_59' title='bbox 1729 671 1775 676; x_wconf 84' lang='lat'>--</span> <span class='ocrx_word' id='word_1_60' title='bbox 1809 655 1829 685; x_wconf 88' lang='lat'>5</span> 
     </span>
     <span class='ocr_line' id='line_1_7' title="bbox 67 718 1782 774; baseline -0.001 -14"><span class='ocrx_word' id='word_1_61' title='bbox 67 718 178 761; x_wconf 90' lang='lat' dir='ltr'>sicut</span> <span class='ocrx_word' id='word_1_62' title='bbox 216 718 470 774; x_wconf 75' lang='lat' dir='ltr'>‘Hiberus&#39;,</span> <span class='ocrx_word' id='word_1_63' title='bbox 514 719 622 761; x_wconf 90' lang='lat' dir='ltr'>unde</span> <span class='ocrx_word' id='word_1_64' title='bbox 666 722 733 761; x_wconf 90' lang='lat' dir='ltr'>est</span> <span class='ocrx_word' id='word_1_65' title='bbox 770 719 815 761; x_wconf 91' lang='lat' dir='ltr'>in</span> <span class='ocrx_word' id='word_1_66' title='bbox 853 718 1025 761; x_wconf 82' lang='lat' dir='ltr'>Lucano</span> <span class='ocrx_word' id='word_1_67' title='bbox 1064 718 1135 773; x_wconf 84' lang='lat'>&lt;11</span> <span class='ocrx_word' id='word_1_68' title='bbox 1166 718 1251 773; x_wconf 82' lang='lat'>54&gt;</span> <span class='ocrx_word' id='word_1_69' title='bbox 1291 722 1534 761; x_wconf 87' lang='lat' dir='ltr'>occurrat</span> <span class='ocrx_word' id='word_1_70' title='bbox 1570 718 1782 760; x_wconf 90' lang='lat' dir='ltr'>Hiberis</span> 
     </span>
     <span class='ocr_line' id='line_1_8' title="bbox 67 789 1784 845; baseline -0.001 -13"><span class='ocrx_word' id='word_1_71' title='bbox 67 790 224 842; x_wconf 86' lang='lat' dir='ltr'>alter,</span> <span class='ocrx_word' id='word_1_72' title='bbox 257 793 301 832; x_wconf 90' lang='lat' dir='ltr'>et</span> <span class='ocrx_word' id='word_1_73' title='bbox 326 789 518 845; x_wconf 72' lang='lat' dir='ltr'>‘Hiber&#39;,</span> <span class='ocrx_word' id='word_1_74' title='bbox 551 793 599 833; x_wconf 91' lang='lat' dir='ltr'>ut</span> <span class='ocrx_word' id='word_1_75' title='bbox 623 789 833 833; x_wconf 74' lang='lat' dir='ltr'>Horatius</span> <span class='ocrx_word' id='word_1_76' title='bbox 866 790 1033 832; x_wconf 90' lang='lat' dir='ltr'>discet</span> <span class='ocrx_word' id='word_1_77' title='bbox 1059 789 1220 832; x_wconf 83' lang='lat' dir='ltr'>Hiber</span> <span class='ocrx_word' id='word_1_78' title='bbox 1244 789 1587 845; x_wconf 86' lang='lat' dir='ltr'>Rhodanique</span> <span class='ocrx_word' id='word_1_79' title='bbox 1620 791 1784 845; x_wconf 88' lang='lat' dir='ltr'>potor.</span> 
     </span>
     <span class='ocr_line' id='line_1_9' title="bbox 69 860 1635 917; baseline 0 -14"><span class='ocrx_word' id='word_1_80' title='bbox 69 862 173 903; x_wconf 91' lang='lat' dir='ltr'>item</span> <span class='ocrx_word' id='word_1_81' title='bbox 204 862 363 904; x_wconf 90' lang='lat' dir='ltr'>lectum</span> <span class='ocrx_word' id='word_1_82' title='bbox 396 863 463 903; x_wconf 88' lang='lat' dir='ltr'>est</span> <span class='ocrx_word' id='word_1_83' title='bbox 495 860 796 917; x_wconf 74' lang='lat' dir='ltr'>eAethiopus&#39;,</span> <span class='ocrx_word' id='word_1_84' title='bbox 837 861 912 903; x_wconf 89' lang='lat' dir='ltr'>sed</span> <span class='ocrx_word' id='word_1_85' title='bbox 943 863 1111 903; x_wconf 88' lang='lat' dir='ltr'>tantum</span> <span class='ocrx_word' id='word_1_86' title='bbox 1146 860 1407 917; x_wconf 74' lang='lat' dir='ltr'>‘Aethiops&#39;</span> <span class='ocrx_word' id='word_1_87' title='bbox 1440 861 1635 904; x_wconf 86' lang='lat' dir='ltr'>dicimus.</span> 
     </span>
    </p>

    <p class='ocr_par' dir='ltr' id='par_1_4' title="bbox 68 933 1857 1348">
     <span class='ocr_line' id='line_1_10' title="bbox 115 933 1785 989; baseline -0.001 -14"><span class='ocrx_word' id='word_1_88' title='bbox 115 953 119 957; x_wconf 90' lang='lat'><em>·</em></span> <span class='ocrx_word' id='word_1_89' title='bbox 186 933 285 976; x_wconf 90' lang='grc'>606.</span> <span class='ocrx_word' id='word_1_90' title='bbox 334 944 651 984; x_wconf 77' lang='lat' dir='ltr'><strong>AVRORAMQVE</strong></span> <span class='ocrx_word' id='word_1_91' title='bbox 700 945 837 984; x_wconf 81' lang='lat' dir='ltr'><strong>SEQVI</strong></span> <span class='ocrx_word' id='word_1_92' title='bbox 879 933 1050 989; x_wconf 76' lang='lat' dir='ltr'>ingenti</span> <span class='ocrx_word' id='word_1_93' title='bbox 1095 933 1264 975; x_wconf 85' lang='lat' dir='ltr'>ambitu</span> <span class='ocrx_word' id='word_1_94' title='bbox 1309 933 1419 975; x_wconf 86' lang='lat' dir='ltr'>dixit</span> <span class='ocrx_word' id='word_1_95' title='bbox 1458 934 1602 989; x_wconf 90' lang='lat' dir='ltr'>ipsum</span> <span class='ocrx_word' id='word_1_96' title='bbox 1642 934 1785 975; x_wconf 89' lang='lat' dir='ltr'>ortum</span> 
     </span>
     <span class='ocr_line' id='line_1_11' title="bbox 69 1004 1857 1060; baseline -0.002 -13"><span class='ocrx_word' id='word_1_97' title='bbox 69 1005 154 1047; x_wconf 86' lang='lat' dir='ltr'>diei</span> <span class='ocrx_word' id='word_1_98' title='bbox 187 1020 265 1060; x_wconf 88' lang='lat' dir='ltr'>pro</span> <span class='ocrx_word' id='word_1_99' title='bbox 298 1005 479 1060; x_wconf 85' lang='lat' dir='ltr'>populis.</span> <span class='ocrx_word' id='word_1_100' title='bbox 585 1016 895 1056; x_wconf 77' lang='lat' dir='ltr'><strong>PARTHOSQVE</strong></span> <span class='ocrx_word' id='word_1_101' title='bbox 923 1016 1191 1048; x_wconf 78' lang='lat' dir='ltr'>REPOSCERE</span> <span class='ocrx_word' id='word_1_102' title='bbox 1220 1015 1360 1047; x_wconf 75' lang='lat' dir='ltr'>s1GNA</span> <span class='ocrx_word' id='word_1_103' title='bbox 1391 1005 1473 1047; x_wconf 85' lang='lat' dir='ltr'>hoc</span> <span class='ocrx_word' id='word_1_104' title='bbox 1504 1004 1550 1046; x_wconf 86' lang='lat' dir='ltr'>in</span> <span class='ocrx_word' id='word_1_105' title='bbox 1575 1005 1785 1050; x_wconf 86' lang='lat' dir='ltr'>honorem</span> <span class='ocrx_word' id='word_1_106' title='bbox 1815 1013 1857 1044; x_wconf 91' lang='lat'>10</span> 
     </span>
     <span class='ocr_line' id='line_1_12' title="bbox 68 1076 1782 1133; baseline 0 -15"><span class='ocrx_word' id='word_1_107' title='bbox 68 1076 257 1132; x_wconf 78' lang='lat' dir='ltr'>Augusti</span> <span class='ocrx_word' id='word_1_108' title='bbox 296 1076 460 1131; x_wconf 87' lang='lat' dir='ltr'>posuit,</span> <span class='ocrx_word' id='word_1_109' title='bbox 498 1091 582 1131; x_wconf 90' lang='lat' dir='ltr'>quo</span> <span class='ocrx_word' id='word_1_110' title='bbox 621 1078 832 1132; x_wconf 80' lang='lat' dir='ltr'>regnante</span> <span class='ocrx_word' id='word_1_111' title='bbox 864 1092 889 1119; x_wconf 87' lang='lat' dir='ltr'>a</span> <span class='ocrx_word' id='word_1_112' title='bbox 920 1076 1095 1118; x_wconf 90' lang='lat' dir='ltr'>Parthis</span> <span class='ocrx_word' id='word_1_113' title='bbox 1134 1077 1322 1131; x_wconf 88' lang='lat' dir='ltr'>repetita</span> <span class='ocrx_word' id='word_1_114' title='bbox 1354 1079 1456 1118; x_wconf 90' lang='lat' dir='ltr'>sunt</span> <span class='ocrx_word' id='word_1_115' title='bbox 1488 1076 1631 1133; x_wconf 82' lang='lat' dir='ltr'>signa,</span> <span class='ocrx_word' id='word_1_116' title='bbox 1672 1091 1782 1131; x_wconf 86' lang='lat' dir='ltr'>quae</span> 
     </span>
     <span class='ocr_line' id='line_1_13' title="bbox 70 1147 1783 1203; baseline 0 -13"><span class='ocrx_word' id='word_1_117' title='bbox 70 1147 252 1190; x_wconf 80' lang='lat' dir='ltr'>Crassus</span> <span class='ocrx_word' id='word_1_118' title='bbox 285 1148 479 1190; x_wconf 75' lang='lat' dir='ltr'>triumvir</span> <span class='ocrx_word' id='word_1_119' title='bbox 508 1147 767 1202; x_wconf 82' lang='lat' dir='ltr'>perdiderat.</span> <span class='ocrx_word' id='word_1_120' title='bbox 819 1148 890 1203; x_wconf 89' lang='lat' dir='ltr'>qui</span> <span class='ocrx_word' id='word_1_121' title='bbox 924 1163 1020 1190; x_wconf 92' lang='lat' dir='ltr'>cum</span> <span class='ocrx_word' id='word_1_122' title='bbox 1054 1147 1263 1190; x_wconf 87' lang='lat' dir='ltr'>aviditate</span> <span class='ocrx_word' id='word_1_123' title='bbox 1295 1163 1374 1190; x_wconf 89' lang='lat' dir='ltr'>sua</span> <span class='ocrx_word' id='word_1_124' title='bbox 1404 1150 1557 1190; x_wconf 86' lang='lat' dir='ltr'>contra</span> <span class='ocrx_word' id='word_1_125' title='bbox 1589 1148 1783 1203; x_wconf 88' lang='lat' dir='ltr'>auspicia</span> 
     </span>
     <span class='ocr_line' id='line_1_14' title="bbox 68 1219 1782 1282; baseline 0 -21"><span class='ocrx_word' id='word_1_126' title='bbox 68 1220 232 1261; x_wconf 88' lang='lat' dir='ltr'>bellum</span> <span class='ocrx_word' id='word_1_127' title='bbox 265 1219 546 1275; x_wconf 79' lang='lat' dir='ltr'>suscepisset,</span> <span class='ocrx_word' id='word_1_128' title='bbox 578 1219 1157 1282; x_wconf 27' lang='lat' dir='ltr'>interdicentibus,tribunis</span> <span class='ocrx_word' id='word_1_129' title='bbox 1190 1220 1346 1276; x_wconf 87' lang='lat' dir='ltr'>plebis,</span> <span class='ocrx_word' id='word_1_130' title='bbox 1379 1222 1529 1275; x_wconf 88' lang='lat' dir='ltr'>captus</span> <span class='ocrx_word' id='word_1_131' title='bbox 1562 1235 1658 1263; x_wconf 89' lang='lat' dir='ltr'>cum</span> <span class='ocrx_word' id='word_1_132' title='bbox 1691 1219 1782 1262; x_wconf 89' lang='lat' dir='ltr'>filio</span> 
     </span>
     <span class='ocr_line' id='line_1_15' title="bbox 70 1291 1560 1348; baseline 0.001 -15"><span class='ocrx_word' id='word_1_133' title='bbox 70 1294 137 1333; x_wconf 90' lang='lat' dir='ltr'>est</span> <span class='ocrx_word' id='word_1_134' title='bbox 169 1293 212 1333; x_wconf 92' lang='lat' dir='ltr'>et</span> <span class='ocrx_word' id='word_1_135' title='bbox 241 1293 418 1333; x_wconf 87' lang='lat' dir='ltr'>necatus</span> <span class='ocrx_word' id='word_1_136' title='bbox 452 1291 596 1333; x_wconf 86' lang='lat' dir='ltr'>infuso</span> <span class='ocrx_word' id='word_1_137' title='bbox 628 1291 672 1332; x_wconf 90' lang='lat' dir='ltr'>in</span> <span class='ocrx_word' id='word_1_138' title='bbox 706 1307 754 1334; x_wconf 90' lang='lat' dir='ltr'>os</span> <span class='ocrx_word' id='word_1_139' title='bbox 787 1307 912 1343; x_wconf 83' lang='lat' dir='ltr'>auro,</span> <span class='ocrx_word' id='word_1_140' title='bbox 945 1292 1064 1333; x_wconf 88' lang='lat' dir='ltr'>cuius</span> <span class='ocrx_word' id='word_1_141' title='bbox 1097 1306 1243 1333; x_wconf 87' lang='lat' dir='ltr'>amore</span> <span class='ocrx_word' id='word_1_142' title='bbox 1275 1294 1560 1348; x_wconf 83' lang='lat' dir='ltr'>pugnaverat.</span> 
     </span>
    </p>

    <p class='ocr_par' dir='ltr' id='par_1_5' title="bbox 68 1363 1856 1992">
     <span class='ocr_line' id='line_1_16' title="bbox 188 1363 1853 1419; baseline -0.001 -14"><span class='ocrx_word' id='word_1_143' title='bbox 188 1363 286 1405; x_wconf 85' lang='lat'>607.</span> <span class='ocrx_word' id='word_1_144' title='bbox 337 1374 454 1405; x_wconf 81' lang='lat' dir='ltr'>SVNT</span> <span class='ocrx_word' id='word_1_145' title='bbox 480 1373 692 1404; x_wconf 63' lang='lat' dir='ltr'>Gummi:</span> <span class='ocrx_word' id='word_1_146' title='bbox 717 1375 859 1405; x_wconf 83' lang='lat' dir='ltr'><strong>BELLI</strong></span> <span class='ocrx_word' id='word_1_147' title='bbox 890 1375 1072 1406; x_wconf 80' lang='lat' dir='ltr'><strong>PORTAE</strong></span> <span class='ocrx_word' id='word_1_148' title='bbox 1106 1363 1343 1405; x_wconf 83' lang='lat' dir='ltr'>sacrarium</span> <span class='ocrx_word' id='word_1_149' title='bbox 1374 1364 1474 1419; x_wconf 87' lang='lat' dir='ltr'>hoc,</span> <span class='ocrx_word' id='word_1_150' title='bbox 1505 1363 1547 1405; x_wconf 87' lang='lat' dir='ltr'>id</span> <span class='ocrx_word' id='word_1_151' title='bbox 1581 1366 1648 1406; x_wconf 86' lang='lat' dir='ltr'>est</span> <span class='ocrx_word' id='word_1_152' title='bbox 1679 1364 1783 1406; x_wconf 88' lang='lat' dir='ltr'>belli</span> <span class='ocrx_word' id='word_1_153' title='bbox 1813 1374 1853 1404; x_wconf 88' lang='lat'>15</span> 
     </span>
     <span class='ocr_line' id='line_1_17' title="bbox 68 1433 1783 1491; baseline 0.001 -16"><span class='ocrx_word' id='word_1_154' title='bbox 68 1437 218 1490; x_wconf 88' lang='lat' dir='ltr'>portas</span> <span class='ocrx_word' id='word_1_155' title='bbox 250 1433 395 1476; x_wconf 90' lang='lat' dir='ltr'>Numa</span> <span class='ocrx_word' id='word_1_156' title='bbox 425 1433 665 1489; x_wconf 85' lang='lat' dir='ltr'>Pompilius</span> <span class='ocrx_word' id='word_1_157' title='bbox 704 1435 865 1477; x_wconf 87' lang='lat' dir='ltr'>fecerat</span> <span class='ocrx_word' id='word_1_158' title='bbox 904 1435 1019 1477; x_wconf 89' lang='lat' dir='ltr'>circa</span> <span class='ocrx_word' id='word_1_159' title='bbox 1055 1435 1191 1477; x_wconf 90' lang='lat' dir='ltr'>imum</span> <span class='ocrx_word' id='word_1_160' title='bbox 1223 1434 1471 1491; x_wconf 86' lang='lat' dir='ltr'>Argiletum</span> <span class='ocrx_word' id='word_1_161' title='bbox 1510 1435 1632 1478; x_wconf 84' lang='lat' dir='ltr'>iuxta</span> <span class='ocrx_word' id='word_1_162' title='bbox 1662 1436 1783 1478; x_wconf 87' lang='lat' dir='ltr'>thea-</span> 
     </span>
     <span class='ocr_line' id='line_1_18' title="bbox 69 1504 1784 1565; baseline 0.001 -18"><span class='ocrx_word' id='word_1_163' title='bbox 69 1508 184 1548; x_wconf 88' lang='lat' dir='ltr'>trum</span> <span class='ocrx_word' id='word_1_164' title='bbox 223 1504 428 1548; x_wconf 88' lang='lat' dir='ltr'>Marcelli.</span> <span class='ocrx_word' id='word_1_165' title='bbox 491 1505 605 1561; x_wconf 91' lang='lat' dir='ltr'>quod</span> <span class='ocrx_word' id='word_1_166' title='bbox 644 1506 728 1565; x_wconf 87' lang='lat' dir='ltr'>fuit</span> <span class='ocrx_word' id='word_1_167' title='bbox 768 1506 813 1548; x_wconf 89' lang='lat' dir='ltr'>in</span> <span class='ocrx_word' id='word_1_168' title='bbox 856 1506 1022 1549; x_wconf 92' lang='lat' dir='ltr'>duobus</span> <span class='ocrx_word' id='word_1_169' title='bbox 1065 1506 1334 1548; x_wconf 88' lang='lat' dir='ltr'>brevissimis</span> <span class='ocrx_word' id='word_1_170' title='bbox 1377 1506 1572 1562; x_wconf 85' lang='lat' dir='ltr'>templis:</span> <span class='ocrx_word' id='word_1_171' title='bbox 1617 1507 1784 1549; x_wconf 87' lang='lat' dir='ltr'>duobus</span> 
     </span>
     <span class='ocr_line' id='line_1_19' title="bbox 70 1577 1784 1633; baseline 0.001 -14"><span class='ocrx_word' id='word_1_172' title='bbox 70 1579 214 1619; x_wconf 87' lang='lat' dir='ltr'>autem</span> <span class='ocrx_word' id='word_1_173' title='bbox 258 1578 435 1632; x_wconf 87' lang='lat' dir='ltr'>propter</span> <span class='ocrx_word' id='word_1_174' title='bbox 477 1577 629 1620; x_wconf 85' lang='lat' dir='ltr'>Ianum</span> <span class='ocrx_word' id='word_1_175' title='bbox 674 1578 919 1620; x_wconf 87' lang='lat' dir='ltr'>bifrontem.</span> <span class='ocrx_word' id='word_1_176' title='bbox 983 1580 1135 1633; x_wconf 83' lang='lat' dir='ltr'>postea</span> <span class='ocrx_word' id='word_1_177' title='bbox 1180 1578 1321 1633; x_wconf 90' lang='lat' dir='ltr'>captis</span> <span class='ocrx_word' id='word_1_178' title='bbox 1362 1577 1565 1633; x_wconf 87' lang='lat' dir='ltr'>Faleriis,</span> <span class='ocrx_word' id='word_1_179' title='bbox 1609 1579 1784 1622; x_wconf 85' lang='lat' dir='ltr'>civitate</span> 
     </span>
     <span class='ocr_line' id='line_1_20' title="bbox 70 1648 1785 1706; baseline 0.001 -16"><span class='ocrx_word' id='word_1_180' title='bbox 70 1648 268 1704; x_wconf 81' lang='lat' dir='ltr'>Tusciae,</span> <span class='ocrx_word' id='word_1_181' title='bbox 317 1648 538 1691; x_wconf 88' lang='lat' dir='ltr'>inventum</span> <span class='ocrx_word' id='word_1_182' title='bbox 589 1652 657 1692; x_wconf 92' lang='lat' dir='ltr'>est</span> <span class='ocrx_word' id='word_1_183' title='bbox 700 1649 978 1692; x_wconf 81' lang='lat' dir='ltr'>simulacrum</span> <span class='ocrx_word' id='word_1_184' title='bbox 1021 1649 1119 1691; x_wconf 91' lang='lat' dir='ltr'>Iani</span> <span class='ocrx_word' id='word_1_185' title='bbox 1163 1665 1261 1692; x_wconf 91' lang='lat' dir='ltr'>cum</span> <span class='ocrx_word' id='word_1_186' title='bbox 1305 1650 1520 1692; x_wconf 86' lang='lat' dir='ltr'>frontibus</span> <span class='ocrx_word' id='word_1_187' title='bbox 1567 1652 1785 1706; x_wconf 89' lang='lat' dir='ltr'>quattuor.</span> 
     </span>
     <span class='ocr_line' id='line_1_21' title="bbox 70 1718 1856 1775; baseline 0.001 -13"><span class='ocrx_word' id='word_1_188' title='bbox 70 1720 182 1762; x_wconf 88' lang='lat' dir='ltr'>unde</span> <span class='ocrx_word' id='word_1_189' title='bbox 216 1720 329 1775; x_wconf 88' lang='lat' dir='ltr'>quod</span> <span class='ocrx_word' id='word_1_190' title='bbox 361 1718 506 1762; x_wconf 84' lang='lat' dir='ltr'>Numa</span> <span class='ocrx_word' id='word_1_191' title='bbox 542 1720 794 1763; x_wconf 87' lang='lat' dir='ltr'>instituerat</span> <span class='ocrx_word' id='word_1_192' title='bbox 830 1720 1093 1762; x_wconf 87' lang='lat' dir='ltr'>translatum</span> <span class='ocrx_word' id='word_1_193' title='bbox 1125 1723 1192 1762; x_wconf 89' lang='lat' dir='ltr'>est</span> <span class='ocrx_word' id='word_1_194' title='bbox 1223 1720 1275 1763; x_wconf 91' lang='lat' dir='ltr'>ad</span> <span class='ocrx_word' id='word_1_195' title='bbox 1309 1721 1450 1763; x_wconf 90' lang='lat' dir='ltr'>forum</span> <span class='ocrx_word' id='word_1_196' title='bbox 1481 1721 1784 1764; x_wconf 85' lang='lat' dir='ltr'>transitorium</span> <span class='ocrx_word' id='word_1_197' title='bbox 1811 1732 1856 1763; x_wconf 79' lang='lat'>20</span> 
     </span>
     <span class='ocr_line' id='line_1_22' title="bbox 72 1791 1785 1847; baseline 0.001 -13"><span class='ocrx_word' id='word_1_198' title='bbox 72 1793 116 1834; x_wconf 89' lang='lat' dir='ltr'>et</span> <span class='ocrx_word' id='word_1_199' title='bbox 148 1792 356 1846; x_wconf 88' lang='lat' dir='ltr'>quattuor</span> <span class='ocrx_word' id='word_1_200' title='bbox 391 1793 617 1846; x_wconf 85' lang='lat' dir='ltr'>portarum</span> <span class='ocrx_word' id='word_1_201' title='bbox 654 1807 787 1834; x_wconf 89' lang='lat' dir='ltr'>unum</span> <span class='ocrx_word' id='word_1_202' title='bbox 826 1792 1037 1847; x_wconf 89' lang='lat' dir='ltr'>templum</span> <span class='ocrx_word' id='word_1_203' title='bbox 1075 1797 1142 1834; x_wconf 86' lang='lat' dir='ltr'>est</span> <span class='ocrx_word' id='word_1_204' title='bbox 1173 1791 1435 1835; x_wconf 88' lang='lat' dir='ltr'>institutum.</span> <span class='ocrx_word' id='word_1_205' title='bbox 1496 1792 1652 1835; x_wconf 89' lang='lat' dir='ltr'>Ianum</span> <span class='ocrx_word' id='word_1_206' title='bbox 1683 1808 1785 1835; x_wconf 87' lang='lat' dir='ltr'>sane</span> 
     </span>
     <span class='ocr_line' id='line_1_23' title="bbox 70 1862 1783 1920; baseline 0.001 -15"><span class='ocrx_word' id='word_1_207' title='bbox 70 1862 181 1918; x_wconf 88' lang='lat' dir='ltr'>apud</span> <span class='ocrx_word' id='word_1_208' title='bbox 209 1862 375 1917; x_wconf 88' lang='lat' dir='ltr'>aliquos</span> <span class='ocrx_word' id='word_1_209' title='bbox 400 1863 654 1920; x_wconf 86' lang='lat' dir='ltr'>bifrontem,</span> <span class='ocrx_word' id='word_1_210' title='bbox 686 1864 800 1918; x_wconf 88' lang='lat' dir='ltr'>apud</span> <span class='ocrx_word' id='word_1_211' title='bbox 827 1864 996 1919; x_wconf 87' lang='lat' dir='ltr'>aliquos</span> <span class='ocrx_word' id='word_1_212' title='bbox 1024 1864 1366 1920; x_wconf 86' lang='lat' dir='ltr'>quadrifrontem</span> <span class='ocrx_word' id='word_1_213' title='bbox 1393 1879 1488 1907; x_wconf 86' lang='lat' dir='ltr'>esse</span> <span class='ocrx_word' id='word_1_214' title='bbox 1513 1880 1601 1908; x_wconf 90' lang='lat' dir='ltr'>non</span> <span class='ocrx_word' id='word_1_215' title='bbox 1628 1865 1783 1908; x_wconf 88' lang='lat' dir='ltr'>mirum</span> 
     </span>
     <span class='ocr_line' id='line_1_24' title="bbox 72 1934 1785 1992; baseline 0.001 -15"><span class='ocrx_word' id='word_1_216' title='bbox 72 1938 155 1977; x_wconf 88' lang='lat' dir='ltr'>est:</span> <span class='ocrx_word' id='word_1_217' title='bbox 189 1949 288 1977; x_wconf 89' lang='lat' dir='ltr'>nam</span> <span class='ocrx_word' id='word_1_218' title='bbox 321 1934 396 1977; x_wconf 88' lang='lat' dir='ltr'>alii</span> <span class='ocrx_word' id='word_1_219' title='bbox 422 1949 520 1977; x_wconf 90' lang='lat' dir='ltr'>eum</span> <span class='ocrx_word' id='word_1_220' title='bbox 547 1935 631 1977; x_wconf 89' lang='lat' dir='ltr'>diei</span> <span class='ocrx_word' id='word_1_221' title='bbox 657 1935 879 1978; x_wconf 89' lang='lat' dir='ltr'>dominum</span> <span class='ocrx_word' id='word_1_222' title='bbox 905 1935 1077 1992; x_wconf 88' lang='lat' dir='ltr'>volunt,</span> <span class='ocrx_word' id='word_1_223' title='bbox 1107 1936 1152 1978; x_wconf 86' lang='lat' dir='ltr'>in</span> <span class='ocrx_word' id='word_1_224' title='bbox 1184 1950 1268 1991; x_wconf 90' lang='lat' dir='ltr'>quo</span> <span class='ocrx_word' id='word_1_225' title='bbox 1295 1939 1416 1979; x_wconf 90' lang='lat' dir='ltr'>ortus</span> <span class='ocrx_word' id='word_1_226' title='bbox 1444 1939 1510 1979; x_wconf 86' lang='lat' dir='ltr'>est</span> <span class='ocrx_word' id='word_1_227' title='bbox 1537 1939 1580 1980; x_wconf 87' lang='lat' dir='ltr'>et</span> <span class='ocrx_word' id='word_1_228' title='bbox 1606 1952 1785 1980; x_wconf 86' lang='lat' dir='ltr'>occasus</span> 
     </span>
    </p>
   </div>
   <div class='ocr_carea' id='block_1_3' title="bbox 74 2019 359 2024">
    <p class='ocr_par' dir='ltr' id='par_1_6' title="bbox 74 2019 359 2024">
     <span class='ocr_line' id='line_1_25' title="bbox 74 2019 359 2024; baseline 0 0"><span class='ocrx_word' id='word_1_229' title='bbox 74 2019 359 2024; x_wconf 95' lang='lat' dir='ltr'> </span> 
     </span>
    </p>
   </div>
   <div class='ocr_carea' id='block_1_4' title="bbox 73 2063 1783 2159">
    <p class='ocr_par' dir='ltr' id='par_1_7' title="bbox 73 2063 1783 2159">
     <span class='ocr_line' id='line_1_26' title="bbox 169 2063 1783 2113; baseline 0.003 -16"><span class='ocrx_word' id='word_1_230' title='bbox 169 2067 186 2097; x_wconf 88' lang='lat'>1</span> <span class='ocrx_word' id='word_1_231' title='bbox 216 2063 430 2111; x_wconf 78' lang='lat' dir='ltr'>Sallustius]</span> <span class='ocrx_word' id='word_1_232' title='bbox 459 2064 546 2100; x_wconf 90' lang='lat' dir='ltr'>hist.</span> <span class='ocrx_word' id='word_1_233' title='bbox 573 2064 624 2099; x_wconf 91' lang='lat' dir='ltr'>IV</span> <span class='ocrx_word' id='word_1_234' title='bbox 651 2068 695 2100; x_wconf 91' lang='lat'>38</span> <span class='ocrx_word' id='word_1_235' title='bbox 723 2063 900 2108; x_wconf 62' lang='lat' dir='ltr'>Dietsch„</span> <span class='ocrx_word' id='word_1_236' title='bbox 926 2064 976 2099; x_wconf 92' lang='lat' dir='ltr'>IV</span> <span class='ocrx_word' id='word_1_237' title='bbox 1003 2068 1048 2100; x_wconf 84' lang='lat'>46</span> <span class='ocrx_word' id='word_1_238' title='bbox 1075 2065 1137 2100; x_wconf 85' lang='lat' dir='ltr'>Kr.</span> <span class='ocrx_word' id='word_1_239' title='bbox 1163 2066 1175 2111; x_wconf 90' lang='grc' dir='ltr'>ΙΙ</span> <span class='ocrx_word' id='word_1_240' title='bbox 1206 2069 1226 2100; x_wconf 90' lang='grc'><strong>3</strong></span> <span class='ocrx_word' id='word_1_241' title='bbox 1253 2077 1343 2111; x_wconf 85' lang='lat' dir='ltr'>gens</span> <span class='ocrx_word' id='word_1_242' title='bbox 1370 2092 1378 2100; x_wconf 91' lang='lat'>.</span> <span class='ocrx_word' id='word_1_243' title='bbox 1400 2094 1408 2102; x_wconf 91' lang='lat'>.</span> <span class='ocrx_word' id='word_1_244' title='bbox 1430 2092 1438 2102; x_wconf 90' lang='lat'>.</span> <span class='ocrx_word' id='word_1_245' title='bbox 1465 2065 1597 2113; x_wconf 84' lang='lat' dir='ltr'>tigres]</span> <span class='ocrx_word' id='word_1_246' title='bbox 1626 2066 1670 2101; x_wconf 85' lang='lat' dir='ltr'>cf.</span> <span class='ocrx_word' id='word_1_247' title='bbox 1698 2065 1783 2102; x_wconf 83' lang='lat' dir='ltr'>Isid.</span> 
     </span>
     <span class='ocr_line' id='line_1_27' title="bbox 73 2110 1200 2159; baseline 0.002 -13"><span class='ocrx_word' id='word_1_248' title='bbox 73 2122 124 2146; x_wconf 86' lang='lat' dir='ltr'>or.</span> <span class='ocrx_word' id='word_1_249' title='bbox 153 2110 238 2146; x_wconf 90' lang='lat' dir='ltr'>XIV</span> <span class='ocrx_word' id='word_1_250' title='bbox 267 2115 299 2155; x_wconf 88' lang='lat'>3,</span> <span class='ocrx_word' id='word_1_251' title='bbox 327 2115 371 2147; x_wconf 88' lang='lat'>33</span> <span class='ocrx_word' id='word_1_252' title='bbox 392 2112 403 2158; x_wconf 92' lang='grc' dir='ltr'>ΙΙ</span> <span class='ocrx_word' id='word_1_253' title='bbox 433 2116 452 2148; x_wconf 80' lang='grc'>7</span> <span class='ocrx_word' id='word_1_254' title='bbox 478 2112 670 2159; x_wconf 85' lang='lat' dir='ltr'>Horatius]</span> <span class='ocrx_word' id='word_1_255' title='bbox 701 2123 810 2148; x_wconf 85' lang='lat' dir='ltr'>carm.</span> <span class='ocrx_word' id='word_1_256' title='bbox 838 2113 871 2147; x_wconf 92' lang='lat' dir='ltr'>II</span> <span class='ocrx_word' id='word_1_257' title='bbox 898 2116 954 2157; x_wconf 84' lang='lat'>20,</span> <span class='ocrx_word' id='word_1_258' title='bbox 981 2116 1027 2148; x_wconf 82' lang='lat'>20</span> <span class='ocrx_word' id='word_1_259' title='bbox 1195 2136 1200 2140; x_wconf 83' lang='lat'><em>—</em></span> 
     </span>
    </p>
   </div>
   <div class='ocr_carea' id='block_1_5' title="bbox 73 2186 357 2191">
    <p class='ocr_par' dir='ltr' id='par_1_8' title="bbox 73 2186 357 2191">
     <span class='ocr_line' id='line_1_28' title="bbox 73 2186 357 2191; baseline 0 0"><span class='ocrx_word' id='word_1_260' title='bbox 73 2186 357 2191; x_wconf 95' lang='lat' dir='ltr'> </span> 
     </span>
    </p>
   </div>
   <div class='ocr_carea' id='block_1_6' title="bbox 72 2231 1787 2801">
    <p class='ocr_par' dir='ltr' id='par_1_9' title="bbox 72 2231 1787 2801">
     <span class='ocr_line' id='line_1_29' title="bbox 171 2231 1787 2280; baseline 0.001 -14"><span class='ocrx_word' id='word_1_261' title='bbox 171 2234 189 2265; x_wconf 91' lang='lat'>1</span> <span class='ocrx_word' id='word_1_262' title='bbox 215 2231 311 2275; x_wconf 86' lang='lat' dir='ltr'>mysi</span> <span class='ocrx_word' id='word_1_263' title='bbox 337 2231 381 2267; x_wconf 81' lang='lat' dir='ltr'>S:</span> <span class='ocrx_word' id='word_1_264' title='bbox 407 2231 507 2267; x_wconf 86' lang='lat' dir='ltr'>misii</span> <span class='ocrx_word' id='word_1_265' title='bbox 531 2231 674 2267; x_wconf 82' lang='lat' dir='ltr'>RHM</span> <span class='ocrx_word' id='word_1_266' title='bbox 705 2231 815 2277; x_wconf 88' lang='lat' dir='ltr'>mysii</span> <span class='ocrx_word' id='word_1_267' title='bbox 840 2232 874 2267; x_wconf 99' lang='lat' dir='ltr'><strong><em>L</em></strong></span> <span class='ocrx_word' id='word_1_268' title='bbox 911 2231 1043 2267; x_wconf 83' lang='lat' dir='ltr'>moesii</span> <span class='ocrx_word' id='word_1_269' title='bbox 1064 2232 1105 2267; x_wconf 90' lang='lat' dir='ltr'>F</span> <span class='ocrx_word' id='word_1_270' title='bbox 1125 2234 1137 2279; x_wconf 83' lang='grc' dir='ltr'>ΙΙ</span> <span class='ocrx_word' id='word_1_271' title='bbox 1161 2232 1320 2268; x_wconf 82' lang='lat' dir='ltr'>salutius</span> <span class='ocrx_word' id='word_1_272' title='bbox 1346 2232 1387 2267; x_wconf 97' lang='lat' dir='ltr'>F</span> <span class='ocrx_word' id='word_1_273' title='bbox 1410 2234 1424 2278; x_wconf 82' lang='grc' dir='ltr'>ΙΙ</span> <span class='ocrx_word' id='word_1_274' title='bbox 1450 2237 1471 2267; x_wconf 90' lang='grc'><strong>2</strong></span> <span class='ocrx_word' id='word_1_275' title='bbox 1499 2244 1579 2268; x_wconf 82' lang='lat' dir='ltr'>esse</span> <span class='ocrx_word' id='word_1_276' title='bbox 1605 2232 1698 2268; x_wconf 90' lang='lat' dir='ltr'>dicit</span> <span class='ocrx_word' id='word_1_277' title='bbox 1722 2234 1751 2268; x_wconf 78' lang='lat' dir='ltr'><strong><em>S</em></strong></span> <span class='ocrx_word' id='word_1_278' title='bbox 1774 2233 1787 2280; x_wconf 80' lang='grc' dir='ltr'>[Ι</span> 
     </span>
     <span class='ocr_line' id='line_1_30' title="bbox 75 2279 1786 2327; baseline 0.002 -14"><span class='ocrx_word' id='word_1_279' title='bbox 75 2279 271 2323; x_wconf 81' lang='lat' dir='ltr'>supuratos</span> <span class='ocrx_word' id='word_1_280' title='bbox 298 2279 343 2314; x_wconf 78' lang='lat' dir='ltr'><em>H</em></span> <span class='ocrx_word' id='word_1_281' title='bbox 376 2282 570 2326; x_wconf 76' lang='lat' dir='ltr'>soporatos</span> <span class='ocrx_word' id='word_1_282' title='bbox 597 2279 637 2314; x_wconf 97' lang='lat' dir='ltr'>F</span> <span class='ocrx_word' id='word_1_283' title='bbox 653 2281 665 2325; x_wconf 88' lang='grc' dir='ltr'>ΙΙ</span> <span class='ocrx_word' id='word_1_284' title='bbox 693 2284 713 2315; x_wconf 88' lang='lat'><strong>3</strong></span> <span class='ocrx_word' id='word_1_285' title='bbox 741 2280 813 2326; x_wconf 85' lang='lat' dir='ltr'>est]</span> <span class='ocrx_word' id='word_1_286' title='bbox 843 2281 881 2315; x_wconf 88' lang='lat' dir='ltr'>et</span> <span class='ocrx_word' id='word_1_287' title='bbox 905 2280 1005 2323; x_wconf 90' lang='lat' dir='ltr'>LH,</span> <span class='ocrx_word' id='word_1_288' title='bbox 1031 2291 1097 2317; x_wconf 88' lang='lat' dir='ltr'>om.</span> <span class='ocrx_word' id='word_1_289' title='bbox 1119 2280 1160 2315; x_wconf 90' lang='lat' dir='ltr'>F</span> <span class='ocrx_word' id='word_1_290' title='bbox 1175 2282 1187 2327; x_wconf 82' lang='grc' dir='ltr'>ΙΙ</span> <span class='ocrx_word' id='word_1_291' title='bbox 1206 2280 1242 2326; x_wconf 85' lang='lat' dir='ltr'>a]</span> <span class='ocrx_word' id='word_1_292' title='bbox 1271 2282 1309 2316; x_wconf 91' lang='lat' dir='ltr'>ct</span> <span class='ocrx_word' id='word_1_293' title='bbox 1334 2280 1369 2315; x_wconf 90' lang='lat' dir='ltr'><strong><em>L</em></strong></span> <span class='ocrx_word' id='word_1_294' title='bbox 1395 2283 1502 2324; x_wconf 80' lang='lat' dir='ltr'>(corr.</span> <span class='ocrx_word' id='word_1_295' title='bbox 1529 2282 1554 2325; x_wconf 87' lang='grc' dir='ltr'>Ζ)</span> <span class='ocrx_word' id='word_1_296' title='bbox 1575 2282 1586 2327; x_wconf 73' lang='grc' dir='ltr'>ΙΙ</span> <span class='ocrx_word' id='word_1_297' title='bbox 1606 2280 1786 2326; x_wconf 85' lang='lat' dir='ltr'>hyrcania</span> 
     </span>
     <span class='ocr_line' id='line_1_31' title="bbox 74 2325 1784 2375; baseline 0.002 -15"><span class='ocrx_word' id='word_1_298' title='bbox 74 2325 102 2360; x_wconf 82' lang='lat' dir='ltr'><strong><em>S</em></strong></span> <span class='ocrx_word' id='word_1_299' title='bbox 110 2326 154 2360; x_wconf 88' lang='lat' dir='ltr'><em>H</em></span> <span class='ocrx_word' id='word_1_300' title='bbox 192 2325 338 2362; x_wconf 86' lang='lat' dir='ltr'>hircani</span> <span class='ocrx_word' id='word_1_301' title='bbox 363 2327 400 2362; x_wconf 83' lang='lat' dir='ltr'><em>R</em></span> <span class='ocrx_word' id='word_1_302' title='bbox 436 2327 580 2363; x_wconf 90' lang='lat' dir='ltr'>ircania</span> <span class='ocrx_word' id='word_1_303' title='bbox 604 2327 639 2362; x_wconf 89' lang='lat' dir='ltr'><em>L</em></span> <span class='ocrx_word' id='word_1_304' title='bbox 676 2326 845 2363; x_wconf 87' lang='lat' dir='ltr'>hircania</span> <span class='ocrx_word' id='word_1_305' title='bbox 872 2328 921 2362; x_wconf 88' lang='lat' dir='ltr'><em>M</em></span> <span class='ocrx_word' id='word_1_306' title='bbox 955 2327 1120 2372; x_wconf 84' lang='lat' dir='ltr'>hyrcana</span> <span class='ocrx_word' id='word_1_307' title='bbox 1144 2328 1185 2363; x_wconf 90' lang='lat' dir='ltr'>F</span> <span class='ocrx_word' id='word_1_308' title='bbox 1217 2330 1229 2375; x_wconf 87' lang='grc' dir='ltr'>ΙΙ</span> <span class='ocrx_word' id='word_1_309' title='bbox 1266 2331 1288 2363; x_wconf 88' lang='grc'>4</span> <span class='ocrx_word' id='word_1_310' title='bbox 1314 2328 1375 2363; x_wconf 90' lang='lat' dir='ltr'>hic</span> <span class='ocrx_word' id='word_1_311' title='bbox 1401 2327 1552 2364; x_wconf 76' lang='lat' dir='ltr'>datiuus</span> <span class='ocrx_word' id='word_1_312' title='bbox 1578 2327 1682 2364; x_wconf 90' lang='lat' dir='ltr'>uenit</span> <span class='ocrx_word' id='word_1_313' title='bbox 1709 2329 1784 2364; x_wconf 83' lang='lat' dir='ltr'><em>Fa-</em></span> 
     </span>
     <span class='ocr_line' id='line_1_32' title="bbox 74 2373 1786 2420; baseline 0.002 -12"><span class='ocrx_word' id='word_1_314' title='bbox 74 2373 212 2409; x_wconf 79' lang='lat' dir='ltr'>bricius</span> <span class='ocrx_word' id='word_1_315' title='bbox 248 2375 259 2420; x_wconf 80' lang='grc' dir='ltr'>Ι]</span> <span class='ocrx_word' id='word_1_316' title='bbox 296 2378 317 2408; x_wconf 87' lang='lat'>5</span> <span class='ocrx_word' id='word_1_317' title='bbox 350 2374 410 2409; x_wconf 91' lang='lat' dir='ltr'>hic</span> <span class='ocrx_word' id='word_1_318' title='bbox 442 2374 552 2410; x_wconf 88' lang='lat' dir='ltr'>arabs</span> <span class='ocrx_word' id='word_1_319' title='bbox 578 2375 626 2411; x_wconf 87' lang='lat' dir='ltr'>ab</span> <span class='ocrx_word' id='word_1_320' title='bbox 651 2375 722 2410; x_wconf 88' lang='lat' dir='ltr'>hoc</span> <span class='ocrx_word' id='word_1_321' title='bbox 749 2376 860 2411; x_wconf 84' lang='lat' dir='ltr'>arabe</span> <span class='ocrx_word' id='word_1_322' title='bbox 886 2375 972 2410; x_wconf 89' lang='lat' dir='ltr'>LH</span> <span class='ocrx_word' id='word_1_323' title='bbox 978 2376 1026 2410; x_wconf 88' lang='lat' dir='ltr'><em>M</em></span> <span class='ocrx_word' id='word_1_324' title='bbox 1034 2391 1041 2411; x_wconf 90' lang='lat'>:</span> <span class='ocrx_word' id='word_1_325' title='bbox 1074 2375 1134 2411; x_wconf 87' lang='lat' dir='ltr'>hic</span> <span class='ocrx_word' id='word_1_326' title='bbox 1166 2377 1256 2411; x_wconf 86' lang='lat' dir='ltr'>arab</span> <span class='ocrx_word' id='word_1_327' title='bbox 1288 2376 1413 2411; x_wconf 85' lang='lat' dir='ltr'>arabis</span> <span class='ocrx_word' id='word_1_328' title='bbox 1439 2376 1487 2411; x_wconf 83' lang='lat' dir='ltr'>ab</span> <span class='ocrx_word' id='word_1_329' title='bbox 1513 2376 1584 2412; x_wconf 93' lang='lat' dir='ltr'>hoc</span> <span class='ocrx_word' id='word_1_330' title='bbox 1611 2377 1723 2412; x_wconf 85' lang='lat' dir='ltr'>arabe</span> <span class='ocrx_word' id='word_1_331' title='bbox 1749 2377 1786 2412; x_wconf 81' lang='lat' dir='ltr'><em>R</em></span> 
     </span>
     <span class='ocr_line' id='line_1_33' title="bbox 72 2421 1783 2469; baseline 0.002 -14"><span class='ocrx_word' id='word_1_332' title='bbox 72 2421 182 2456; x_wconf 83' lang='lat' dir='ltr'>arabs</span> <span class='ocrx_word' id='word_1_333' title='bbox 208 2421 333 2457; x_wconf 86' lang='lat' dir='ltr'>arabis</span> <span class='ocrx_word' id='word_1_334' title='bbox 359 2422 464 2457; x_wconf 85' lang='lat' dir='ltr'>arabi</span> <span class='ocrx_word' id='word_1_335' title='bbox 489 2422 641 2458; x_wconf 83' lang='lat' dir='ltr'>arabem</span> <span class='ocrx_word' id='word_1_336' title='bbox 668 2423 777 2458; x_wconf 79' lang='lat' dir='ltr'>arabs</span> <span class='ocrx_word' id='word_1_337' title='bbox 802 2424 915 2459; x_wconf 84' lang='lat' dir='ltr'>arabe</span> <span class='ocrx_word' id='word_1_338' title='bbox 941 2423 970 2459; x_wconf 79' lang='lat' dir='ltr'><strong><em>S</em></strong></span> <span class='ocrx_word' id='word_1_339' title='bbox 978 2423 1018 2458; x_wconf 92' lang='lat' dir='ltr'>F</span> <span class='ocrx_word' id='word_1_340' title='bbox 1038 2425 1050 2469; x_wconf 86' lang='grc' dir='ltr'>ΙΙ</span> <span class='ocrx_word' id='word_1_341' title='bbox 1082 2428 1102 2458; x_wconf 88' lang='grc'>6</span> <span class='ocrx_word' id='word_1_342' title='bbox 1127 2424 1251 2459; x_wconf 87' lang='lat' dir='ltr'>iberus</span> <span class='ocrx_word' id='word_1_343' title='bbox 1277 2423 1358 2458; x_wconf 90' lang='lat' dir='ltr'><em>LF</em></span> <span class='ocrx_word' id='word_1_344' title='bbox 1393 2423 1533 2459; x_wconf 84' lang='lat' dir='ltr'>hiberis</span> <span class='ocrx_word' id='word_1_345' title='bbox 1560 2423 1597 2459; x_wconf 80' lang='lat' dir='ltr'><em>R</em></span> <span class='ocrx_word' id='word_1_346' title='bbox 1621 2424 1634 2469; x_wconf 85' lang='grc' dir='ltr'>ΙΙ</span> <span class='ocrx_word' id='word_1_347' title='bbox 1659 2435 1783 2459; x_wconf 86' lang='lat' dir='ltr'>occur-</span> 
     </span>
     <span class='ocr_line' id='line_1_34' title="bbox 72 2467 1786 2517; baseline 0.003 -15"><span class='ocrx_word' id='word_1_348' title='bbox 72 2467 123 2503; x_wconf 85' lang='lat' dir='ltr'>rit</span> <span class='ocrx_word' id='word_1_349' title='bbox 147 2468 182 2503; x_wconf 90' lang='lat' dir='ltr'><strong><em>L</em></strong></span> <span class='ocrx_word' id='word_1_350' title='bbox 219 2470 230 2515; x_wconf 79' lang='grc' dir='ltr'>ΙΙ</span> <span class='ocrx_word' id='word_1_351' title='bbox 269 2473 288 2504; x_wconf 84' lang='grc'>’1</span> <span class='ocrx_word' id='word_1_352' title='bbox 315 2470 353 2505; x_wconf 85' lang='lat' dir='ltr'>et</span> <span class='ocrx_word' id='word_1_353' title='bbox 379 2469 510 2517; x_wconf 88' lang='lat' dir='ltr'>Hiber]</span> <span class='ocrx_word' id='word_1_354' title='bbox 538 2481 625 2505; x_wconf 85' lang='lat' dir='ltr'>nam</span> <span class='ocrx_word' id='word_1_355' title='bbox 652 2471 690 2505; x_wconf 90' lang='lat' dir='ltr'>et</span> <span class='ocrx_word' id='word_1_356' title='bbox 715 2470 822 2505; x_wconf 86' lang='lat' dir='ltr'>hiber</span> <span class='ocrx_word' id='word_1_357' title='bbox 848 2471 913 2514; x_wconf 90' lang='lat' dir='ltr'>M,</span> <span class='ocrx_word' id='word_1_358' title='bbox 939 2482 1006 2506; x_wconf 85' lang='lat' dir='ltr'>om.</span> <span class='ocrx_word' id='word_1_359' title='bbox 1033 2471 1062 2506; x_wconf 73' lang='lat' dir='ltr'><em>S</em></span> <span class='ocrx_word' id='word_1_360' title='bbox 1070 2470 1110 2505; x_wconf 91' lang='lat' dir='ltr'>F</span> <span class='ocrx_word' id='word_1_361' title='bbox 1143 2472 1155 2517; x_wconf 74' lang='lat' dir='ltr'>ss</span> <span class='ocrx_word' id='word_1_362' title='bbox 1191 2472 1234 2506; x_wconf 93' lang='lat' dir='ltr'>ut</span> <span class='ocrx_word' id='word_1_363' title='bbox 1259 2471 1451 2516; x_wconf 84' lang='lat' dir='ltr'>Horatius]</span> <span class='ocrx_word' id='word_1_364' title='bbox 1477 2483 1565 2507; x_wconf 87' lang='lat' dir='ltr'>nam</span> <span class='ocrx_word' id='word_1_365' title='bbox 1592 2471 1732 2507; x_wconf 85' lang='lat' dir='ltr'>oratius</span> <span class='ocrx_word' id='word_1_366' title='bbox 1757 2472 1786 2507; x_wconf 81' lang='lat' dir='ltr'><strong><em>S</em></strong></span> 
     </span>
     <span class='ocr_line' id='line_1_35' title="bbox 73 2515 1783 2565; baseline 0.002 -15"><span class='ocrx_word' id='word_1_367' title='bbox 73 2526 161 2551; x_wconf 87' lang='lat' dir='ltr'>nam</span> <span class='ocrx_word' id='word_1_368' title='bbox 186 2515 325 2552; x_wconf 77' lang='lat' dir='ltr'>eratius</span> <span class='ocrx_word' id='word_1_369' title='bbox 351 2516 458 2552; x_wconf 87' lang='lat' dir='ltr'>hiber</span> <span class='ocrx_word' id='word_1_370' title='bbox 484 2516 578 2553; x_wconf 90' lang='lat' dir='ltr'>dicit</span> <span class='ocrx_word' id='word_1_371' title='bbox 602 2519 645 2553; x_wconf 87' lang='lat' dir='ltr'>ut</span> <span class='ocrx_word' id='word_1_372' title='bbox 670 2518 710 2552; x_wconf 88' lang='lat' dir='ltr'>F</span> <span class='ocrx_word' id='word_1_373' title='bbox 734 2519 746 2564; x_wconf 79' lang='grc' dir='ltr'>Η</span> <span class='ocrx_word' id='word_1_374' title='bbox 777 2517 914 2565; x_wconf 87' lang='lat' dir='ltr'>discet]</span> <span class='ocrx_word' id='word_1_375' title='bbox 941 2518 1036 2553; x_wconf 84' lang='lat' dir='ltr'>iscet</span> <span class='ocrx_word' id='word_1_376' title='bbox 1061 2519 1104 2553; x_wconf 89' lang='lat' dir='ltr'><em>H</em></span> <span class='ocrx_word' id='word_1_377' title='bbox 1138 2518 1259 2554; x_wconf 86' lang='lat' dir='ltr'>discat</span> <span class='ocrx_word' id='word_1_378' title='bbox 1283 2518 1423 2564; x_wconf 71' lang='lat' dir='ltr'>F,‚om.</span> <span class='ocrx_word' id='word_1_379' title='bbox 1452 2519 1481 2554; x_wconf 81' lang='lat' dir='ltr'><strong><em>S</em></strong></span> <span class='ocrx_word' id='word_1_380' title='bbox 1505 2520 1516 2565; x_wconf 87' lang='grc' dir='ltr'>ΙΙ</span> <span class='ocrx_word' id='word_1_381' title='bbox 1548 2518 1783 2555; x_wconf 83' lang='lat' dir='ltr'>hiberodani-</span> 
     </span>
     <span class='ocr_line' id='line_1_36' title="bbox 75 2564 1784 2612; baseline 0.001 -14"><span class='ocrx_word' id='word_1_382' title='bbox 75 2574 146 2608; x_wconf 92' lang='lat' dir='ltr'>que</span> <span class='ocrx_word' id='word_1_383' title='bbox 168 2564 209 2599; x_wconf 76' lang='lat' dir='ltr'><em>R</em></span> <span class='ocrx_word' id='word_1_384' title='bbox 245 2564 523 2609; x_wconf 80' lang='lat' dir='ltr'>yberodanique</span> <span class='ocrx_word' id='word_1_385' title='bbox 548 2565 583 2599; x_wconf 91' lang='lat' dir='ltr'><strong><em>L</em></strong></span> <span class='ocrx_word' id='word_1_386' title='bbox 626 2564 755 2600; x_wconf 92' lang='lat' dir='ltr'>hibero</span> <span class='ocrx_word' id='word_1_387' title='bbox 789 2566 950 2610; x_wconf 87' lang='lat' dir='ltr'>danique</span> <span class='ocrx_word' id='word_1_388' title='bbox 977 2566 1022 2600; x_wconf 82' lang='lat' dir='ltr'><em>H</em></span> <span class='ocrx_word' id='word_1_389' title='bbox 1061 2566 1169 2601; x_wconf 86' lang='lat' dir='ltr'>hiber</span> <span class='ocrx_word' id='word_1_390' title='bbox 1199 2566 1404 2610; x_wconf 86' lang='lat' dir='ltr'>rodanique</span> <span class='ocrx_word' id='word_1_391' title='bbox 1434 2567 1482 2601; x_wconf 91' lang='lat' dir='ltr'><em>M</em></span> <span class='ocrx_word' id='word_1_392' title='bbox 1488 2566 1528 2601; x_wconf 85' lang='lat' dir='ltr'>F</span> <span class='ocrx_word' id='word_1_393' title='bbox 1561 2567 1652 2612; x_wconf 86' lang='lat' dir='ltr'>yber</span> <span class='ocrx_word' id='word_1_394' title='bbox 1677 2567 1784 2602; x_wconf 83' lang='lat' dir='ltr'>roda-</span> 
     </span>
     <span class='ocr_line' id='line_1_37' title="bbox 74 2610 1785 2660; baseline 0.002 -15"><span class='ocrx_word' id='word_1_395' title='bbox 74 2610 185 2655; x_wconf 88' lang='lat' dir='ltr'>nique</span> <span class='ocrx_word' id='word_1_396' title='bbox 204 2612 217 2646; x_wconf 78' lang='lat' dir='ltr'>l</span> <span class='ocrx_word' id='word_1_397' title='bbox 235 2612 247 2657; x_wconf 79' lang='grc' dir='ltr'>ΙΙ</span> <span class='ocrx_word' id='word_1_398' title='bbox 266 2612 388 2656; x_wconf 89' lang='lat' dir='ltr'>potori</span> <span class='ocrx_word' id='word_1_399' title='bbox 410 2613 456 2647; x_wconf 93' lang='lat' dir='ltr'><em>M</em></span> <span class='ocrx_word' id='word_1_400' title='bbox 465 2612 505 2647; x_wconf 87' lang='lat' dir='ltr'><em>F</em></span> <span class='ocrx_word' id='word_1_401' title='bbox 520 2614 531 2659; x_wconf 80' lang='grc' dir='ltr'>ΙΙ</span> <span class='ocrx_word' id='word_1_402' title='bbox 551 2617 572 2648; x_wconf 90' lang='grc'>8</span> <span class='ocrx_word' id='word_1_403' title='bbox 597 2611 690 2648; x_wconf 87' lang='lat' dir='ltr'>item</span> <span class='ocrx_word' id='word_1_404' title='bbox 709 2624 777 2648; x_wconf 88' lang='lat' dir='ltr'>om.</span> <span class='ocrx_word' id='word_1_405' title='bbox 793 2613 925 2648; x_wconf 81' lang='lat' dir='ltr'>RLH</span> <span class='ocrx_word' id='word_1_406' title='bbox 941 2614 1039 2657; x_wconf 78' lang='lat' dir='ltr'>(add.</span> <span class='ocrx_word' id='word_1_407' title='bbox 1055 2615 1080 2658; x_wconf 81' lang='lat' dir='ltr'>Z)</span> <span class='ocrx_word' id='word_1_408' title='bbox 1100 2614 1111 2660; x_wconf 91' lang='grc' dir='ltr'>ΙΙ</span> <span class='ocrx_word' id='word_1_409' title='bbox 1132 2613 1356 2660; x_wconf 88' lang='lat' dir='ltr'>Aethiopus]</span> <span class='ocrx_word' id='word_1_410' title='bbox 1384 2613 1558 2659; x_wconf 86' lang='lat' dir='ltr'>ethiopus</span> <span class='ocrx_word' id='word_1_411' title='bbox 1578 2616 1617 2649; x_wconf 88' lang='lat' dir='ltr'>et</span> <span class='ocrx_word' id='word_1_412' title='bbox 1636 2613 1785 2660; x_wconf 81' lang='lat' dir='ltr'>ethiops</span> 
     </span>
     <span class='ocr_line' id='line_1_38' title="bbox 77 2657 1784 2708; baseline 0.002 -16"><span class='ocrx_word' id='word_1_413' title='bbox 77 2658 123 2692; x_wconf 87' lang='lat' dir='ltr'><em>M</em></span> <span class='ocrx_word' id='word_1_414' title='bbox 131 2657 171 2693; x_wconf 81' lang='lat' dir='ltr'><em>F</em></span> <span class='ocrx_word' id='word_1_415' title='bbox 186 2659 198 2705; x_wconf 90' lang='grc' dir='ltr'>ΙΙ</span> <span class='ocrx_word' id='word_1_416' title='bbox 217 2658 282 2693; x_wconf 84' lang='lat' dir='ltr'>sed</span> <span class='ocrx_word' id='word_1_417' title='bbox 307 2659 417 2695; x_wconf 88' lang='lat' dir='ltr'>modo</span> <span class='ocrx_word' id='word_1_418' title='bbox 443 2660 591 2695; x_wconf 82' lang='lat' dir='ltr'>tantum</span> <span class='ocrx_word' id='word_1_419' title='bbox 617 2660 849 2707; x_wconf 55' lang='lat' dir='ltr'>11&#39;ab2riciusu</span> <span class='ocrx_word' id='word_1_420' title='bbox 870 2665 890 2696; x_wconf 87' lang='grc'>9</span> <span class='ocrx_word' id='word_1_421' title='bbox 916 2660 1049 2696; x_wconf 88' lang='lat' dir='ltr'>habitu</span> <span class='ocrx_word' id='word_1_422' title='bbox 1075 2661 1118 2695; x_wconf 88' lang='lat' dir='ltr'><em>H</em></span> <span class='ocrx_word' id='word_1_423' title='bbox 1134 2662 1146 2707; x_wconf 91' lang='grc' dir='ltr'>ΙΙ</span> <span class='ocrx_word' id='word_1_424' title='bbox 1168 2665 1210 2696; x_wconf 93' lang='grc'>10</span> <span class='ocrx_word' id='word_1_425' title='bbox 1236 2660 1312 2696; x_wconf 90' lang='lat' dir='ltr'>diei</span> <span class='ocrx_word' id='word_1_426' title='bbox 1338 2664 1460 2697; x_wconf 86' lang='lat' dir='ltr'>ortum</span> <span class='ocrx_word' id='word_1_427' title='bbox 1487 2661 1527 2696; x_wconf 89' lang='lat' dir='ltr'>F</span> <span class='ocrx_word' id='word_1_428' title='bbox 1543 2663 1554 2708; x_wconf 80' lang='grc' dir='ltr'>ΙΙ</span> <span class='ocrx_word' id='word_1_429' title='bbox 1572 2672 1640 2706; x_wconf 86' lang='lat' dir='ltr'>pro</span> <span class='ocrx_word' id='word_1_430' title='bbox 1666 2673 1784 2707; x_wconf 85' lang='lat' dir='ltr'>popu-</span> 
     </span>
     <span class='ocr_line' id='line_1_39' title="bbox 74 2705 1785 2754; baseline 0.002 -14"><span class='ocrx_word' id='word_1_431' title='bbox 74 2705 121 2740; x_wconf 85' lang='lat' dir='ltr'>lis</span> <span class='ocrx_word' id='word_1_432' title='bbox 146 2717 212 2741; x_wconf 83' lang='lat' dir='ltr'>om.</span> <span class='ocrx_word' id='word_1_433' title='bbox 233 2706 362 2741; x_wconf 79' lang='lat' dir='ltr'>RLH</span> <span class='ocrx_word' id='word_1_434' title='bbox 379 2708 390 2753; x_wconf 90' lang='grc' dir='ltr'>ΙΙ</span> <span class='ocrx_word' id='word_1_435' title='bbox 408 2706 603 2753; x_wconf 85' lang='lat' dir='ltr'>honorem]</span> <span class='ocrx_word' id='word_1_436' title='bbox 625 2719 729 2743; x_wconf 88' lang='lat' dir='ltr'>oram</span> <span class='ocrx_word' id='word_1_437' title='bbox 749 2709 793 2743; x_wconf 91' lang='lat' dir='ltr'><em>H</em></span> <span class='ocrx_word' id='word_1_438' title='bbox 826 2719 974 2743; x_wconf 89' lang='lat' dir='ltr'>onorem</span> <span class='ocrx_word' id='word_1_439' title='bbox 997 2708 1037 2743; x_wconf 88' lang='lat' dir='ltr'>F</span> <span class='ocrx_word' id='word_1_440' title='bbox 1053 2709 1064 2754; x_wconf 90' lang='grc' dir='ltr'>ΙΙ</span> <span class='ocrx_word' id='word_1_441' title='bbox 1086 2712 1128 2743; x_wconf 93' lang='grc'>11</span> <span class='ocrx_word' id='word_1_442' title='bbox 1155 2709 1296 2754; x_wconf 83' lang='lat' dir='ltr'>posuit]</span> <span class='ocrx_word' id='word_1_443' title='bbox 1325 2709 1391 2744; x_wconf 88' lang='lat' dir='ltr'>sub</span> <span class='ocrx_word' id='word_1_444' title='bbox 1412 2714 1573 2754; x_wconf 81' lang='lat' dir='ltr'>augusto</span> <span class='ocrx_word' id='word_1_445' title='bbox 1600 2710 1685 2745; x_wconf 64' lang='lat' dir='ltr'>aad.</span> <span class='ocrx_word' id='word_1_446' title='bbox 1709 2710 1756 2744; x_wconf 90' lang='lat' dir='ltr'><em>M</em></span> <span class='ocrx_word' id='word_1_447' title='bbox 1774 2709 1785 2753; x_wconf 64' lang='lat' dir='ltr'>{l</span> 
     </span>
     <span class='ocr_line' id='line_1_40' title="bbox 75 2754 1783 2801; baseline 0.002 -14"><span class='ocrx_word' id='word_1_448' title='bbox 75 2754 270 2800; x_wconf 83' lang='lat' dir='ltr'>regnante]</span> <span class='ocrx_word' id='word_1_449' title='bbox 303 2754 512 2799; x_wconf 85' lang='lat' dir='ltr'>imperante</span> <span class='ocrx_word' id='word_1_450' title='bbox 538 2754 579 2789; x_wconf 89' lang='lat' dir='ltr'><em>F</em></span> <span class='ocrx_word' id='word_1_451' title='bbox 605 2757 617 2801; x_wconf 85' lang='grc' dir='ltr'>ΙΙ</span> <span class='ocrx_word' id='word_1_452' title='bbox 654 2767 676 2791; x_wconf 86' lang='lat' dir='ltr'>a</span> <span class='ocrx_word' id='word_1_453' title='bbox 701 2755 817 2801; x_wconf 86' lang='lat' dir='ltr'>pariis</span> <span class='ocrx_word' id='word_1_454' title='bbox 844 2756 887 2790; x_wconf 89' lang='lat' dir='ltr'><em>H</em></span> <span class='ocrx_word' id='word_1_455' title='bbox 920 2757 932 2801; x_wconf 73' lang='lat' dir='ltr'>ss</span> <span class='ocrx_word' id='word_1_456' title='bbox 972 2759 1015 2790; x_wconf 89' lang='lat'>13</span> <span class='ocrx_word' id='word_1_457' title='bbox 1041 2756 1349 2791; x_wconf 85' lang='lat' dir='ltr'>interdicentibus</span> <span class='ocrx_word' id='word_1_458' title='bbox 1375 2757 1535 2791; x_wconf 85' lang='lat' dir='ltr'>tribunis</span> <span class='ocrx_word' id='word_1_459' title='bbox 1561 2756 1681 2801; x_wconf 80' lang='lat' dir='ltr'>plebis</span> <span class='ocrx_word' id='word_1_460' title='bbox 1716 2768 1783 2792; x_wconf 82' lang='lat' dir='ltr'>om.</span> 
     </span>
    </p>
   </div>
   <div class='ocr_carea' id='block_1_7' title="bbox 2 2799 1786 2850">
    <p class='ocr_par' dir='ltr' id='par_1_10' title="bbox 2 2799 1786 2850">
     <span class='ocr_line' id='line_1_41' title="bbox 2 2799 1786 2850; baseline 0.003 -16"><span class='ocrx_word' id='word_1_461' title='bbox 2 2817 6 2819; x_wconf 59' lang='lat'>&gt;</span> <span class='ocrx_word' id='word_1_462' title='bbox 76 2799 206 2835; x_wconf 80' lang='lat' dir='ltr'>RLH</span> <span class='ocrx_word' id='word_1_463' title='bbox 211 2802 258 2835; x_wconf 87' lang='lat' dir='ltr'><em>M</em></span> <span class='ocrx_word' id='word_1_464' title='bbox 277 2802 288 2848; x_wconf 87' lang='grc' dir='ltr'>ΙΙ</span> <span class='ocrx_word' id='word_1_465' title='bbox 315 2801 633 2838; x_wconf 82' lang='lat' dir='ltr'>intercedentibus</span> <span class='ocrx_word' id='word_1_466' title='bbox 660 2803 869 2838; x_wconf 71' lang='lat' dir='ltr'>Masviccus</span> <span class='ocrx_word' id='word_1_467' title='bbox 894 2807 927 2838; x_wconf 82' lang='lat' dir='ltr'>et</span> <span class='ocrx_word' id='word_1_468' title='bbox 951 2803 1224 2850; x_wconf 66' lang='lat' dir='ltr'>Burmannus]</span> <span class='ocrx_word' id='word_1_469' title='bbox 1252 2802 1355 2848; x_wconf 85' lang='lat' dir='ltr'>plebi</span> <span class='ocrx_word' id='word_1_470' title='bbox 1381 2804 1421 2838; x_wconf 98' lang='lat' dir='ltr'>F</span> <span class='ocrx_word' id='word_1_471' title='bbox 1443 2805 1454 2850; x_wconf 79' lang='grc' dir='ltr'>ΙΙ</span> <span class='ocrx_word' id='word_1_472' title='bbox 1488 2808 1531 2838; x_wconf 88' lang='grc'>14</span> <span class='ocrx_word' id='word_1_473' title='bbox 1556 2804 1594 2838; x_wconf 89' lang='lat' dir='ltr'>in</span> <span class='ocrx_word' id='word_1_474' title='bbox 1622 2805 1678 2848; x_wconf 82' lang='lat' dir='ltr'>os]</span> <span class='ocrx_word' id='word_1_475' title='bbox 1706 2816 1786 2840; x_wconf 89' lang='lat' dir='ltr'>mos</span> 
     </span>
    </p>
   </div>
   <div class='ocr_carea' id='block_1_8' title="bbox 77 2847 1787 2897">
    <p class='ocr_par' dir='ltr' id='par_1_11' title="bbox 77 2847 1787 2897">
     <span class='ocr_line' id='line_1_42' title="bbox 77 2847 1787 2897; baseline 0.002 -15"><span class='ocrx_word' id='word_1_476' title='bbox 77 2847 113 2882; x_wconf 82' lang='lat' dir='ltr'><em>R</em></span> <span class='ocrx_word' id='word_1_477' title='bbox 137 2849 149 2894; x_wconf 87' lang='grc' dir='ltr'>ΙΙ</span> <span class='ocrx_word' id='word_1_478' title='bbox 177 2848 280 2884; x_wconf 87' lang='lat' dir='ltr'>cuius</span> <span class='ocrx_word' id='word_1_479' title='bbox 306 2859 432 2884; x_wconf 85' lang='lat' dir='ltr'>amore</span> <span class='ocrx_word' id='word_1_480' title='bbox 457 2852 692 2894; x_wconf 85' lang='lat' dir='ltr'>pugnaverat</span> <span class='ocrx_word' id='word_1_481' title='bbox 717 2862 782 2886; x_wconf 86' lang='lat' dir='ltr'>om.</span> <span class='ocrx_word' id='word_1_482' title='bbox 810 2850 942 2885; x_wconf 80' lang='lat' dir='ltr'>RLH</span> <span class='ocrx_word' id='word_1_483' title='bbox 962 2852 1062 2893; x_wconf 82' lang='lat' dir='ltr'>(add.</span> <span class='ocrx_word' id='word_1_484' title='bbox 1089 2852 1114 2895; x_wconf 82' lang='lat' dir='ltr'>l)</span> <span class='ocrx_word' id='word_1_485' title='bbox 1141 2852 1152 2897; x_wconf 88' lang='grc' dir='ltr'>ΙΙ</span> <span class='ocrx_word' id='word_1_486' title='bbox 1168 2851 1286 2886; x_wconf 75' lang='lat' dir='ltr'>&#39;cuius</span> <span class='ocrx_word' id='word_1_487' title='bbox 1312 2852 1351 2886; x_wconf 90' lang='lat' dir='ltr'>in</span> <span class='ocrx_word' id='word_1_488' title='bbox 1376 2862 1502 2886; x_wconf 84' lang='lat' dir='ltr'>amore</span> <span class='ocrx_word' id='word_1_489' title='bbox 1531 2852 1579 2886; x_wconf 82' lang='lat' dir='ltr'><em>M</em></span> <span class='ocrx_word' id='word_1_490' title='bbox 1602 2852 1613 2897; x_wconf 83' lang='grc' dir='ltr'>ΙΙ</span> <span class='ocrx_word' id='word_1_491' title='bbox 1647 2847 1689 2886; x_wconf 73' lang='grc'>15</span> <span class='ocrx_word' id='word_1_492' title='bbox 1716 2852 1787 2886; x_wconf 90' lang='lat' dir='ltr'>hoc</span> 
     </span>
    </p>
   </div>
   <div class='ocr_carea' id='block_1_9' title="bbox 0 2891 1787 2992">
    <p class='ocr_par' dir='ltr' id='par_1_12' title="bbox 0 2891 1787 2992">
     <span class='ocr_line' id='line_1_43' title="bbox 0 2891 1787 2944; baseline 0.002 -14"><span class='ocrx_word' id='word_1_493' title='bbox 0 2891 9 2929; x_wconf 65' lang='grc' dir='ltr'>,ἶ</span> <span class='ocrx_word' id='word_1_494' title='bbox 76 2895 276 2930; x_wconf 83' lang='lat' dir='ltr'>sacrarium</span> <span class='ocrx_word' id='word_1_495' title='bbox 303 2896 380 2931; x_wconf 83' lang='lat' dir='ltr'>SF</span> <span class='ocrx_word' id='word_1_496' title='bbox 407 2897 419 2942; x_wconf 81' lang='grc' dir='ltr'>ΙΙ</span> <span class='ocrx_word' id='word_1_497' title='bbox 450 2895 490 2931; x_wconf 88' lang='lat' dir='ltr'>id</span> <span class='ocrx_word' id='word_1_498' title='bbox 516 2899 574 2932; x_wconf 87' lang='lat' dir='ltr'>est</span> <span class='ocrx_word' id='word_1_499' title='bbox 599 2897 689 2932; x_wconf 89' lang='lat' dir='ltr'>belli</span> <span class='ocrx_word' id='word_1_500' title='bbox 715 2899 842 2942; x_wconf 84' lang='lat' dir='ltr'>portas</span> <span class='ocrx_word' id='word_1_501' title='bbox 868 2909 933 2933; x_wconf 88' lang='lat' dir='ltr'>om.</span> <span class='ocrx_word' id='word_1_502' title='bbox 961 2898 1090 2933; x_wconf 80' lang='lat' dir='ltr'>RLH</span> <span class='ocrx_word' id='word_1_503' title='bbox 1116 2899 1128 2943; x_wconf 89' lang='grc' dir='ltr'>ΙΙ</span> <span class='ocrx_word' id='word_1_504' title='bbox 1167 2903 1210 2933; x_wconf 87' lang='grc'>16</span> <span class='ocrx_word' id='word_1_505' title='bbox 1237 2910 1364 2933; x_wconf 90' lang='lat' dir='ltr'>umum</span> <span class='ocrx_word' id='word_1_506' title='bbox 1391 2899 1430 2933; x_wconf 89' lang='lat' dir='ltr'><em>F</em></span> <span class='ocrx_word' id='word_1_507' title='bbox 1458 2900 1469 2944; x_wconf 91' lang='grc' dir='ltr'>ΙΙ</span> <span class='ocrx_word' id='word_1_508' title='bbox 1501 2899 1732 2944; x_wconf 81' lang='lat' dir='ltr'>argelaetum</span> <span class='ocrx_word' id='word_1_509' title='bbox 1759 2899 1787 2933; x_wconf 77' lang='lat' dir='ltr'><strong><em>S</em></strong></span> 
     </span>
     <span class='ocr_line' id='line_1_44' title="bbox 0 2943 1785 2992; baseline 0.002 -15"><span class='ocrx_word' id='word_1_510' title='bbox 0 2964 6 2971; x_wconf 92' lang='lat'>-</span> <span class='ocrx_word' id='word_1_511' title='bbox 78 2943 283 2987; x_wconf 75' lang='lat' dir='ltr'>argeletum</span> <span class='ocrx_word' id='word_1_512' title='bbox 310 2943 345 2978; x_wconf 93' lang='lat' dir='ltr'><strong><em>L</em></strong></span> <span class='ocrx_word' id='word_1_513' title='bbox 368 2945 380 2990; x_wconf 77' lang='grc'>11</span> <span class='ocrx_word' id='word_1_514' title='bbox 413 2948 456 2979; x_wconf 90' lang='grc'>18</span> <span class='ocrx_word' id='word_1_515' title='bbox 483 2944 629 2988; x_wconf 79' lang='lat' dir='ltr'>Ianum]</span> <span class='ocrx_word' id='word_1_516' title='bbox 657 2945 797 2979; x_wconf 85' lang='lat' dir='ltr'>ianium</span> <span class='ocrx_word' id='word_1_517' title='bbox 824 2945 873 2989; x_wconf 90' lang='lat' dir='ltr'>F,</span> <span class='ocrx_word' id='word_1_518' title='bbox 898 2956 964 2981; x_wconf 88' lang='lat' dir='ltr'>om.</span> <span class='ocrx_word' id='word_1_519' title='bbox 992 2946 1020 2981; x_wconf 83' lang='lat' dir='ltr'><strong><em>S</em></strong></span> <span class='ocrx_word' id='word_1_520' title='bbox 1038 2947 1049 2992; x_wconf 81' lang='grc' dir='ltr'>Η</span> <span class='ocrx_word' id='word_1_521' title='bbox 1074 2946 1257 2982; x_wconf 87' lang='lat' dir='ltr'>bifontem</span> <span class='ocrx_word' id='word_1_522' title='bbox 1283 2946 1311 2981; x_wconf 80' lang='lat' dir='ltr'><strong><em>S</em></strong></span> <span class='ocrx_word' id='word_1_523' title='bbox 1335 2947 1441 2991; x_wconf 83' lang='lat' dir='ltr'>(corr.</span> <span class='ocrx_word' id='word_1_524' title='bbox 1468 2948 1500 2990; x_wconf 87' lang='lat' dir='ltr'>s)</span> <span class='ocrx_word' id='word_1_525' title='bbox 1520 2947 1531 2992; x_wconf 80' lang='grc' dir='ltr'>ΙΙ</span> <span class='ocrx_word' id='word_1_526' title='bbox 1557 2951 1689 2991; x_wconf 83' lang='lat' dir='ltr'>captus</span> <span class='ocrx_word' id='word_1_527' title='bbox 1714 2946 1751 2980; x_wconf 80' lang='lat' dir='ltr'><em>R</em></span> <span class='ocrx_word' id='word_1_528' title='bbox 1775 2946 1785 2985; x_wconf 53' lang='lat'>31</span> 
     </span>
    </p>
   </div>
   <div class='ocr_carea' id='block_1_10' title="bbox 77 2989 1787 3276">
    <p class='ocr_par' dir='ltr' id='par_1_13' title="bbox 77 2989 1787 3276">
     <span class='ocr_line' id='line_1_45' title="bbox 77 2989 1785 3039; baseline 0.002 -15"><span class='ocrx_word' id='word_1_529' title='bbox 77 2989 202 3025; x_wconf 85' lang='lat' dir='ltr'>faleris</span> <span class='ocrx_word' id='word_1_530' title='bbox 228 2990 351 3026; x_wconf 86' lang='lat' dir='ltr'><em>SRII</em></span> <span class='ocrx_word' id='word_1_531' title='bbox 356 2992 405 3026; x_wconf 89' lang='lat' dir='ltr'><em>M</em></span> <span class='ocrx_word' id='word_1_532' title='bbox 440 2990 582 3027; x_wconf 83' lang='lat' dir='ltr'>falleris</span> <span class='ocrx_word' id='word_1_533' title='bbox 607 2991 642 3026; x_wconf 89' lang='lat' dir='ltr'><strong><em>L</em></strong></span> <span class='ocrx_word' id='word_1_534' title='bbox 686 2992 855 3028; x_wconf 83' lang='lat' dir='ltr'>faleratis</span> <span class='ocrx_word' id='word_1_535' title='bbox 881 2992 922 3027; x_wconf 88' lang='lat' dir='ltr'><em>F</em></span> <span class='ocrx_word' id='word_1_536' title='bbox 949 2994 961 3039; x_wconf 84' lang='grc' dir='ltr'>ΙΙ</span> <span class='ocrx_word' id='word_1_537' title='bbox 999 2994 1216 3028; x_wconf 85' lang='lat' dir='ltr'>ciuitatibus</span> <span class='ocrx_word' id='word_1_538' title='bbox 1241 2994 1269 3028; x_wconf 82' lang='lat' dir='ltr'><strong><em>S</em></strong></span> <span class='ocrx_word' id='word_1_539' title='bbox 1277 2994 1310 3027; x_wconf 92' lang='lat' dir='ltr'><strong><em>L</em></strong></span> <span class='ocrx_word' id='word_1_540' title='bbox 1322 2993 1369 3028; x_wconf 83' lang='lat' dir='ltr'><em>M</em></span> <span class='ocrx_word' id='word_1_541' title='bbox 1399 2996 1436 3038; x_wconf 90' lang='lat' dir='ltr'>(a</span> <span class='ocrx_word' id='word_1_542' title='bbox 1461 2993 1614 3028; x_wconf 81' lang='lat' dir='ltr'>ciuitate</span> <span class='ocrx_word' id='word_1_543' title='bbox 1641 2995 1667 3038; x_wconf 81' lang='lat' dir='ltr'>l)</span> <span class='ocrx_word' id='word_1_544' title='bbox 1698 2995 1709 3039; x_wconf 86' lang='grc' dir='ltr'>ΙΙ</span> <span class='ocrx_word' id='word_1_545' title='bbox 1744 2997 1785 3027; x_wconf 87' lang='grc'>19</span> 
     </span>
     <span class='ocr_line' id='line_1_46' title="bbox 79 3038 1786 3087; baseline 0.001 -15"><span class='ocrx_word' id='word_1_546' title='bbox 79 3038 257 3080; x_wconf 81' lang='lat' dir='ltr'>quattuor</span> <span class='ocrx_word' id='word_1_547' title='bbox 281 3038 466 3074; x_wconf 84' lang='lat' dir='ltr'>frontibus</span> <span class='ocrx_word' id='word_1_548' title='bbox 491 3039 527 3074; x_wconf 80' lang='lat' dir='ltr'><strong><em>R</em></strong></span> <span class='ocrx_word' id='word_1_549' title='bbox 547 3040 558 3085; x_wconf 85' lang='grc' dir='ltr'>ΙΙ</span> <span class='ocrx_word' id='word_1_550' title='bbox 583 3043 628 3074; x_wconf 93' lang='grc'>20</span> <span class='ocrx_word' id='word_1_551' title='bbox 655 3039 751 3075; x_wconf 89' lang='lat' dir='ltr'>unde</span> <span class='ocrx_word' id='word_1_552' title='bbox 778 3068 786 3076; x_wconf 90' lang='lat'>.</span> <span class='ocrx_word' id='word_1_553' title='bbox 809 3068 816 3075; x_wconf 92' lang='lat'>.</span> <span class='ocrx_word' id='word_1_554' title='bbox 837 3068 845 3075; x_wconf 92' lang='lat'>.</span> <span class='ocrx_word' id='word_1_555' title='bbox 872 3042 929 3076; x_wconf 87' lang='lat' dir='ltr'>est</span> <span class='ocrx_word' id='word_1_556' title='bbox 952 3041 1184 3087; x_wconf 81' lang='lat' dir='ltr'>institutum]</span> <span class='ocrx_word' id='word_1_557' title='bbox 1211 3041 1366 3086; x_wconf 84' lang='lat' dir='ltr'>propter</span> <span class='ocrx_word' id='word_1_558' title='bbox 1391 3041 1490 3085; x_wconf 87' lang='lat' dir='ltr'>quod</span> <span class='ocrx_word' id='word_1_559' title='bbox 1515 3040 1554 3075; x_wconf 85' lang='lat' dir='ltr'>in</span> <span class='ocrx_word' id='word_1_560' title='bbox 1579 3041 1659 3076; x_wconf 84' lang='lat' dir='ltr'>foro</span> <span class='ocrx_word' id='word_1_561' title='bbox 1685 3045 1786 3075; x_wconf 84' lang='lat' dir='ltr'>tran-</span> 
     </span>
     <span class='ocr_line' id='line_1_47' title="bbox 80 3083 1787 3133; baseline 0.001 -15"><span class='ocrx_word' id='word_1_562' title='bbox 80 3083 210 3120; x_wconf 85' lang='lat' dir='ltr'>sitorio</span> <span class='ocrx_word' id='word_1_563' title='bbox 242 3085 485 3121; x_wconf 80' lang='lat' dir='ltr'>constitutum</span> <span class='ocrx_word' id='word_1_564' title='bbox 518 3088 576 3122; x_wconf 87' lang='lat' dir='ltr'>est</span> <span class='ocrx_word' id='word_1_565' title='bbox 606 3086 663 3121; x_wconf 90' lang='lat' dir='ltr'>illi</span> <span class='ocrx_word' id='word_1_566' title='bbox 689 3087 891 3122; x_wconf 83' lang='lat' dir='ltr'>sacrarium</span> <span class='ocrx_word' id='word_1_567' title='bbox 923 3087 1027 3123; x_wconf 85' lang='lat' dir='ltr'>aliud</span> <span class='ocrx_word' id='word_1_568' title='bbox 1060 3088 1161 3133; x_wconf 85' lang='lat' dir='ltr'>quod</span> <span class='ocrx_word' id='word_1_569' title='bbox 1192 3088 1362 3123; x_wconf 85' lang='lat' dir='ltr'>nouimus</span> <span class='ocrx_word' id='word_1_570' title='bbox 1393 3087 1578 3133; x_wconf 86' lang='lat' dir='ltr'>hodieque</span> <span class='ocrx_word' id='word_1_571' title='bbox 1610 3090 1787 3132; x_wconf 83' lang='lat' dir='ltr'>quattuor</span> 
     </span>
     <span class='ocr_line' id='line_1_48' title="bbox 81 3132 1786 3182; baseline 0.001 -17"><span class='ocrx_word' id='word_1_572' title='bbox 81 3132 206 3174; x_wconf 82' lang='lat' dir='ltr'>portas</span> <span class='ocrx_word' id='word_1_573' title='bbox 232 3133 369 3168; x_wconf 80' lang='lat' dir='ltr'>habere</span> <span class='ocrx_word' id='word_1_574' title='bbox 390 3133 436 3169; x_wconf 88' lang='lat' dir='ltr'>F.</span> <span class='ocrx_word' id='word_1_575' title='bbox 475 3135 597 3170; x_wconf 81' lang='lat' dir='ltr'>eadem</span> <span class='ocrx_word' id='word_1_576' title='bbox 622 3135 737 3170; x_wconf 71' lang='lat' dir='ltr'>edidit</span> <span class='ocrx_word' id='word_1_577' title='bbox 756 3135 965 3180; x_wconf 75' lang='lat' dir='ltr'>Stephanus</span> <span class='ocrx_word' id='word_1_578' title='bbox 983 3137 994 3182; x_wconf 85' lang='grc' dir='ltr'>ΙΙ</span> <span class='ocrx_word' id='word_1_579' title='bbox 1014 3136 1113 3180; x_wconf 87' lang='lat' dir='ltr'>quod</span> <span class='ocrx_word' id='word_1_580' title='bbox 1138 3147 1204 3171; x_wconf 88' lang='lat' dir='ltr'>om.</span> <span class='ocrx_word' id='word_1_581' title='bbox 1225 3135 1258 3169; x_wconf 83' lang='lat' dir='ltr'><strong><em>L</em></strong></span> <span class='ocrx_word' id='word_1_582' title='bbox 1285 3136 1383 3181; x_wconf 81' lang='lat' dir='ltr'>(add.</span> <span class='ocrx_word' id='word_1_583' title='bbox 1405 3137 1430 3178; x_wconf 83' lang='lat' dir='ltr'>l)</span> <span class='ocrx_word' id='word_1_584' title='bbox 1450 3136 1461 3181; x_wconf 84' lang='grc' dir='ltr'>ΙΙ</span> <span class='ocrx_word' id='word_1_585' title='bbox 1481 3135 1604 3170; x_wconf 87' lang='lat' dir='ltr'>Numa</span> <span class='ocrx_word' id='word_1_586' title='bbox 1630 3146 1694 3169; x_wconf 82' lang='lat' dir='ltr'>om.</span> <span class='ocrx_word' id='word_1_587' title='bbox 1716 3134 1759 3167; x_wconf 88' lang='lat' dir='ltr'><em>H</em></span> <span class='ocrx_word' id='word_1_588' title='bbox 1775 3133 1786 3178; x_wconf 71' lang='grc' dir='ltr'>Η</span> 
     </span>
     <span class='ocr_line' id='line_1_49' title="bbox 82 3181 1786 3230; baseline 0.002 -19"><span class='ocrx_word' id='word_1_589' title='bbox 82 3181 131 3230; x_wconf 46' lang='grc'>21.</span> <span class='ocrx_word' id='word_1_590' title='bbox 153 3190 267 3214; x_wconf 88' lang='lat' dir='ltr'>unum</span> <span class='ocrx_word' id='word_1_591' title='bbox 291 3181 473 3225; x_wconf 75' lang='lat' dir='ltr'>templum</span> <span class='ocrx_word' id='word_1_592' title='bbox 498 3193 564 3217; x_wconf 86' lang='lat' dir='ltr'>om.</span> <span class='ocrx_word' id='word_1_593' title='bbox 591 3181 620 3217; x_wconf 82' lang='lat' dir='ltr'><strong><em>S</em></strong></span> <span class='ocrx_word' id='word_1_594' title='bbox 644 3183 655 3228; x_wconf 92' lang='grc' dir='ltr'>ΙΙ</span> <span class='ocrx_word' id='word_1_595' title='bbox 682 3186 727 3217; x_wconf 91' lang='grc'>22</span> <span class='ocrx_word' id='word_1_596' title='bbox 753 3183 853 3228; x_wconf 86' lang='lat' dir='ltr'>apud</span> <span class='ocrx_word' id='word_1_597' title='bbox 879 3182 972 3218; x_wconf 90' lang='lat' dir='ltr'>alios</span> <span class='ocrx_word' id='word_1_598' title='bbox 998 3183 1197 3218; x_wconf 88' lang='lat' dir='ltr'>bifrontem</span> <span class='ocrx_word' id='word_1_599' title='bbox 1224 3182 1324 3227; x_wconf 87' lang='lat' dir='ltr'>apud</span> <span class='ocrx_word' id='word_1_600' title='bbox 1349 3182 1442 3217; x_wconf 87' lang='lat' dir='ltr'>alios</span> <span class='ocrx_word' id='word_1_601' title='bbox 1468 3183 1553 3217; x_wconf 80' lang='lat' dir='ltr'>SM</span> <span class='ocrx_word' id='word_1_602' title='bbox 1559 3182 1599 3216; x_wconf 89' lang='lat' dir='ltr'>F</span> <span class='ocrx_word' id='word_1_603' title='bbox 1615 3183 1626 3227; x_wconf 83' lang='grc' dir='ltr'>ΙΙ</span> <span class='ocrx_word' id='word_1_604' title='bbox 1651 3185 1696 3215; x_wconf 88' lang='grc'>23</span> <span class='ocrx_word' id='word_1_605' title='bbox 1722 3181 1786 3215; x_wconf 91' lang='lat' dir='ltr'>do-</span> 
     </span>
     <span class='ocr_line' id='line_1_50' title="bbox 83 3225 1730 3276; baseline 0.002 -18"><span class='ocrx_word' id='word_1_606' title='bbox 83 3225 238 3271; x_wconf 88' lang='lat' dir='ltr'>mmum]</span> <span class='ocrx_word' id='word_1_607' title='bbox 264 3226 456 3262; x_wconf 86' lang='lat' dir='ltr'>dominum</span> <span class='ocrx_word' id='word_1_608' title='bbox 481 3228 543 3264; x_wconf 91' lang='lat' dir='ltr'>uel</span> <span class='ocrx_word' id='word_1_609' title='bbox 568 3231 759 3265; x_wconf 86' lang='lat' dir='ltr'>auctorem</span> <span class='ocrx_word' id='word_1_610' title='bbox 784 3230 813 3266; x_wconf 70' lang='lat' dir='ltr'><strong><em>S</em></strong></span> <span class='ocrx_word' id='word_1_611' title='bbox 850 3232 1039 3265; x_wconf 81' lang='lat' dir='ltr'>auctorem</span> <span class='ocrx_word' id='word_1_612' title='bbox 1067 3230 1107 3265; x_wconf 86' lang='lat' dir='ltr'>F</span> <span class='ocrx_word' id='word_1_613' title='bbox 1141 3232 1306 3266; x_wconf 82' lang='lat' dir='ltr'>actorem</span> <span class='ocrx_word' id='word_1_614' title='bbox 1332 3231 1374 3276; x_wconf 82' lang='grc' dir='ltr'>ΖΙΙ</span> <span class='ocrx_word' id='word_1_615' title='bbox 1403 3231 1459 3265; x_wconf 87' lang='lat' dir='ltr'>est</span> <span class='ocrx_word' id='word_1_616' title='bbox 1485 3230 1537 3275; x_wconf 78' lang='lat' dir='ltr'>et]</span> <span class='ocrx_word' id='word_1_617' title='bbox 1565 3229 1664 3264; x_wconf 84' lang='lat' dir='ltr'>esset</span> <span class='ocrx_word' id='word_1_618' title='bbox 1689 3227 1730 3262; x_wconf 89' lang='lat' dir='ltr'>F</span> 
     </span>
    </p>
   </div>
  </div>
 </body>
</html>
