2092 3614
268 259 373 308 ,474
1061 254 1223 291 SERVII

285 380 539 421 EQVITAVIT
577 379 626 410 IN
664 378 810 410 ORBEs
855 365 1090 409 secundum
1135 367 1272 408 artem
1312 364 1523 408 militiaez'
1554 380 1656 407 nam
1699 380 1827 421 eques
1871 367 1991 408 stans

285 441 490 484 facillime
523 441 753 495 superatur
785 454 810 480 a
841 438 996 493 pedite.
1045 437 1092 479 in
1126 437 1295 479 laevam
1334 439 1479 479 autem
1515 439 1683 492 partem
1714 436 1811 479 ideo
1843 437 1992 480 circui-

286 513 376 569 bat,
400 514 450 554 ut
470 512 642 554 Aeneae
662 510 882 553 dexteram
899 511 1068 565 partem
1089 509 1431 565 circumveniret,
1457 523 1566 565 quae
1585 509 1735 564 utique
1752 508 1868 551 nuda
1887 511 1992 551 erat.

407 584 505 627 888.
558 600 629 627 ror
653 599 814 626 SPIGVLA
843 598 997 625 TAEDET
1029 581 1094 623 hic
1130 581 1304 624 ostendit
1336 581 1438 635 quid
1471 581 1525 623 sit
1562 579 1748 636 ςγ’ἳῃτῖέςῃιθ
1777 579 1993 634 volatque'.

241 664 262 696 5
410 655 508 698 889.
556 665 716 698 PVGNA
746 665 911 705 INIQVA
942 652 1073 708 pedes
1105 654 1254 695 contra
1286 652 1487 708 equitem.

410 727 509 769 890.
557 737 720 769 MVLTA
749 736 939 768 MOVENS
978 727 1124 767 utrum
1162 725 1208 766 in
1239 724 1399 780 ipsum,
1440 739 1495 766 an
1527 724 1573 766 in
1604 738 1761 780 equum
1792 723 1881 766 tela
1911 725 1996 765 tor-

290 801 460 855 queret‚·
491 813 574 855 quo
606 798 829 841 vulnerato
857 796 1095 839 Mezentius
1127 796 1303 843 carebat
1334 796 1503 852 effugio.
1604 807 1747 838 INTER
1778 805 1995 838 TEMPORA

288 870 332 912 id
365 872 432 913 est
461 869 507 912 in
536 869 738 913 frontem.
880 861 881 864 ¹

410 941 509 985 891.
557 952 852 984 BELLATORIS
878 952 994 992 EQVI
1025 955 1103 996 per
1134 955 1260 996 quem
1292 940 1454 982 bellum
1482 939 1659 995 geritur.
1703 939 1830 981 aliter
1860 938 1997 981 homi-

221 1022 265 1054 10
289 1028 388 1056 nem
421 1013 603 1055 dicimus
635 1013 909 1067 bellatorem,
941 1012 1014 1068 qui
1044 1011 1206 1054 bellum
1237 1011 1362 1067 gerit.

412 1085 510 1128 894.
559 1095 776 1127 INPLIOAT
814 1083 992 1139 inpedit.
1114 1094 1325 1126 OERNVVS
1358 1096 1540 1125 cernuus
1573 1096 1706 1137 equus
1738 1081 1893 1123 dicitur
1925 1081 2000 1136 qui

292 1157 409 1200 cadit
445 1156 491 1198 in
527 1155 700 1211 faciem,
738 1154 862 1211 quasi
898 1154 945 1197 in
982 1169 1078 1197 eam
1110 1156 1280 1210 partem
1313 1154 1468 1196 cadens
1501 1168 1586 1209 qua
1618 1153 1849 1196 cernimus:
1886 1152 2000 1195 unde

294 1230 338 1274 et
368 1227 490 1283 pueri
522 1242 630 1282 quos
662 1226 708 1270 in
738 1226 851 1269 ludis
878 1226 1072 1270 videmus
1099 1240 1149 1269 ea
1180 1229 1323 1281 parte,
1355 1240 1439 1281 qua
1471 1227 1668 1280 cernunt,
1700 1226 1883 1280 stantes,
1915 1238 2001 1266 cer-

293 1299 386 1342 nuli
418 1301 647 1354 vocantur,
677 1301 727 1341 ut
759 1299 891 1341 etiam
922 1297 1064 1340 Varro
1096 1298 1142 1340 in
1173 1297 1287 1340 ludis
1318 1297 1606 1339 theatralibus
1640 1295 1774 1338 docet.

226 1381 269 1412 15
415 1371 513 1414 895.
564 1381 785 1413 CLAMORE
817 1381 1089 1413 INOENDVNT
1123 1379 1312 1411 CAELVM
1342 1368 1538 1424 implent.
1600 1370 1643 1410 et
1676 1367 1851 1410 abusive
1883 1366 2003 1409 dixit.

357 1453 598 1494 TRonstn
630 1441 704 1484 hoc
733 1445 791 1485 est
824 1441 1000 1484 Troiani
1031 1440 1202 1497 gaudio.
1316 1451 1572 1490 LATINIQVE
1604 1439 1755 1482 seilicet
1784 1438 1943 1480 dolore.

416 1514 515 1557 896.
565 1530 617 1556 AD
627 1530 749 1557 νοιᾼφ
768 1529 923 1557 AENEAS
945 1512 1067 1554 multi
1084 1511 1182 1554 haee
1199 1511 1346 1554 nolunt
1364 1511 1574 1566 distinqui,
1599 1511 1719 1565 quasi
1737 1510 1863 1553 simul
1886 1510 2003 1564 siant.

417 1586 515 1628 899.
564 1596 735 1628 HAvsrr
763 1595 952 1627 CAELVM
979 1596 1026 1643 11.
1051 1596 1093 1626 R.
1123 1583 1206 1626 hoe
1239 1585 1306 1626 est
1334 1596 1494 1625 aerem:
1525 1581 1748 1625 Lueretius
1775 1581 1866 1637 <IV
1889 1581 2003 1636 132>

298 1658 349 1700 in
378 1657 475 1699 hoc
506 1657 666 1712 caelo,
699 1656 785 1712 qui
817 1656 1007 1699 dicitur
1039 1670 1133 1698 aer.
1185 1658 1228 1698 et
1258 1655 1341 1697 hoc
1367 1654 1488 1696 dicit:
1520 1656 1752 1710 postquam
1776 1653 2007 1709 respiravit

227 1739 272 1772 20
299 1731 343 1771 et
373 1730 562 1770 mentem
593 1727 757 1783 recepit
788 1730 889 1783 post
920 1726 1291 1783 perturbationem
1324 1740 1375 1768 ex
1407 1726 1506 1781 equi
1537 1724 1780 1770 venientem
1811 1725 1946 1767 ruina.

418 1800 518 1842 900.
567 1810 732 1842 Hos'rls
758 1810 918 1841 AMARE
946 1813 1108 1854 aspere.
1153 1799 1195 1840 et
1226 1797 1306 1840 hoc
1331 1796 1514 1840 Homeri
1546 1798 1612 1839 est
1644 1796 1695 1838 de
1721 1797 1808 1838 telo
1835 1796 2007 1851 dictum,

299 1871 413 1927 quod
443 1871 514 1913 hic
546 1871 599 1913 ad
630 1871 849 1914 hominem
880 1869 1126 1913 transtulit:
1158 1869 1231 1912 ille
1264 1869 1380 1911 enim
1413 1869 1474 1911 ait
1503 1865 1665 1923 πικρὸν
1698 1863 1863 1910 ὀιστόν.

419 1943 518 1985 901.
567 1953 760 1986 NVLLVM
792 1955 841 1985 ΙΝ
873 1953 1025 1986 CAEDE
1056 1952 1205 1984 NEFAS
1244 1941 1355 1983 mori
1392 1940 1485 1984 viro
1523 1939 1626 1982 forti
1657 1940 1779 1982 nefas
1810 1953 1898 1982 non
1930 1941 2007 1995 est,

400 2052 440 2084 11
470 2059 627 2084 cernuus
653 2058 683 2083 e.
711 2061 747 2094 q.
774 2048 819 2095 8.]
847 2047 892 2084 cf.
919 2047 1013 2084 Non.
1039 2059 1075 2093 p.
1101 2051 1159 2092 21,
1185 2051 1206 2083 3
1232 2045 1281 2082 M.
1306 2047 1319 2092 ΙΙ
1349 2050 1392 2082 21
1419 2045 1587 2091 Homeri]
1614 2045 1657 2081 Il.
1682 2045 1735 2082 IV
1762 2048 1828 2080 118

398 2148 417 2179 1
445 2145 543 2179 artes
569 2144 605 2179 A
639 2144 772 2189 (artem
799 2145 836 2187 a)
867 2144 879 2190 ΙΙ
910 2147 931 2178 2
958 2144 1103 2188 partem
1128 2153 1195 2178 om.
1222 2142 1309 2177 LH
1333 2143 1345 2187 ΙΙ
1376 2141 1557 2177 circuibat
1582 2140 1756 2176 ASLM
1789 2140 2010 2176 circumibat

302 2192 388 2228 RF
416 2192 582 2238 eircabat
600 2192 646 2226 H
659 2192 671 2238 ΙΙ
699 2195 720 2227 3
746 2192 789 2226 ut
807 2201 944 2227 aeneae
963 2190 1002 2225 in
1023 2190 1214 2226 dexteram
1234 2190 1377 2234 partem
1399 2189 1545 2224 ueniret
1562 2189 1599 2224 R
1616 2190 1629 2234 ΙΙ
1648 2190 1794 2234 partem
1819 2199 1885 2224 om.
1907 2188 1935 2223 S
1942 2188 1981 2222 F
1999 2187 2008 2233 Η

303 2244 325 2275 4
351 2241 401 2276 ad
418 2252 555 2274 'rmum
580 2250 607 2274 s.
628 2250 660 2274 v.
680 2238 797 2285 piget.
835 2238 897 2274 hic
925 2266 932 2273 .
954 2265 961 2272 .
983 2265 991 2274 .
1017 2238 1195 2283 uolatque
1217 2237 1250 2272 T
1265 2238 1278 2283 ΙΙ
1297 2249 1451 2273 εΡΕονιΑ
1470 2237 1510 2272 F
1526 2238 1537 2283 ΙΙ
1556 2236 1725 2282 fugitque
1748 2235 1782 2271 G
1799 2237 1812 2282 ΙΙ
1831 2239 1851 2271 5
1877 2235 2008 2281 pedes]

302 2300 368 2334 pes
394 2287 439 2322 de
465 2287 511 2322 H
542 2286 650 2331 pedis
676 2286 717 2321 F
738 2287 750 2332 [Ι
781 2286 963 2332 equitem]
990 2296 1088 2331 equa
1113 2286 1171 2320 est
1195 2285 1240 2320 H
1266 2287 1278 2330 ΙΙ
1310 2289 1329 2320 7
1355 2297 1391 2320 m
1416 2295 1579 2319 TEMPOBA
1603 2284 1734 2319 ASM
1761 2285 1774 2329 ΙΙ
1805 2287 1825 2319 9
1851 2282 1991 2329 geritur

303 2335 590 2380 πολεμιστηρίου
616 2335 701 2370 add.
727 2333 766 2368 D
785 2334 797 2380 ΙΙ
828 2333 938 2369 aliter
962 2344 1028 2369 om.
1055 2333 1096 2368 F
1111 2334 1123 2379 ΙΙ
1154 2332 1359 2378 hominem]
1386 2344 1458 2367 non
1485 2333 1578 2367 bene
1604 2331 1668 2376 Lss
1701 2334 1744 2365 10
1770 2330 1911 2376 geritur
1938 2330 1978 2365 F
2008 2329 2012 2376 Ι

307 2387 348 2418 11
377 2382 549 2418 cernulus
576 2381 617 2417 F
639 2383 796 2427 (pwneta
820 2382 926 2425 infra
943 2381 1071 2426 posuit
1094 2392 1198 2416 man..
1216 2382 1299 2424 rec.)
1319 2381 1332 2424 ΙΙ
1351 2378 1487 2415 dicitur
1513 2390 1628 2423 equus
1654 2378 1725 2414 AS
1733 2377 1773 2413 F
1787 2379 1800 2423 ΙΙ
1833 2381 1875 2414 12
1903 2388 2012 2423 quael

305 2430 344 2465 in
369 2441 414 2465 ea
437 2431 544 2474 parte
569 2429 616 2464 H
641 2430 654 2474 ΙΙ
691 2428 827 2464 cadens
853 2439 919 2464 om.
946 2426 1033 2463 LH
1039 2428 1088 2462 M
1116 2430 1128 2472 ΙΙ
1165 2439 1239 2472 qua
1264 2428 1400 2462 cadens
1427 2426 1464 2462 R
1495 2428 1507 2473 ΙΙ
1543 2437 1616 2471 qua
1641 2425 1724 2461 La:
1751 2437 1845 2471 quae
1871 2425 1956 2460 ΑΗ
1964 2425 2013 2460 Μ

306 2488 378 2522 que
405 2477 446 2512 F
479 2487 592 2521 quam
618 2477 825 2521 Stephanus
850 2479 883 2511 et
907 2475 1056 2511 Daniel.
1099 2486 1118 2511 e
1142 2475 1377 2520 Sauyalleusi
1402 2474 1580 2520 Haqeuus
1610 2474 1674 2519 qui
1705 2484 1785 2508 cum
1809 2474 2011 2509 Dauieliuo

306 2525 505 2569 exemplari
535 2535 615 2559 eum
646 2524 801 2559 contulit
830 2523 926 2558 nihil
956 2522 1124 2558 enotavit.
1151 2523 1162 2568 ΙΙ
1194 2521 1356 2557 cernitur
1381 2522 1417 2556 R
1443 2522 1456 2566 ss
1489 2525 1532 2556 13
1558 2532 1690 2566 pueros
1717 2521 1757 2555 F
1781 2522 1792 2567 ΙΙ
1823 2532 1916 2566 quos
1942 2549 1950 2557 .
1973 2548 1980 2555 .
2003 2547 2010 2555 .

307 2571 466 2617 stantes]
498 2582 593 2615 quos
623 2570 794 2606 ludentes
826 2569 998 2605 uidemus
1023 2570 1062 2605 et
1086 2580 1109 2604 a
1133 2570 1240 2614 parte
1272 2580 1347 2614 qua
1378 2570 1578 2604 cernuntur
1609 2569 1750 2604 stantes
1774 2568 1811 2603 R
1847 2570 1859 2615 ΙΙ
1895 2567 2010 2615 ludis]

306 2619 479 2654 ludenste
504 2618 550 2653 H
563 2620 575 2663 ΙΙ
595 2628 640 2653 ea
663 2629 686 2653 a
710 2619 815 2663 parte
837 2617 891 2660 L,
915 2618 977 2652 sed
1002 2628 1025 2652 a
1049 2617 1187 2660 eadem,
1212 2620 1255 2665 ut
1279 2617 1440 2660 videtur,
1465 2627 1598 2651 marius
1622 2617 1749 2652 delevit
1766 2616 1779 2661 ΙΙ
1798 2616 1888 2662 qua]
1916 2625 2011 2660 quae

308 2666 381 2703 AS
387 2666 433 2701 H
453 2667 560 2710 (corr.
581 2667 617 2711 a)
638 2666 649 2711 ΙΙ
676 2665 835 2711 stantes]
861 2664 1110 2712 κυβιστῶντες
1135 2664 1376 2700 Gommeliuus
1401 2676 1425 2699 a
1450 2664 1632 2699 Salmasio
1658 2664 1718 2709 (cf.
1741 2663 1843 2698 Pliu.
1869 2663 2010 2699 exercit.

302 2725 390 2760 pay.
419 2715 502 2758 148)
534 2714 690 2758 accepit,
724 2713 786 2748 sed
815 2713 909 2748 idem
940 2711 1145 2747 Salmasius
1169 2713 1224 2757 (p.
1252 2713 1335 2756 628)
1369 2713 1510 2747 stantes
1537 2712 1672 2757 probat
1703 2714 1735 2746 et
1759 2711 1868 2746 verba
1893 2710 2013 2746 Servii

307 2763 365 2798 his
394 2763 657 2806 iuterpretatur
685 2759 838 2796 ‘Geruui
855 2760 967 2805 pueri
990 2760 1032 2795 in
1058 2760 1156 2796 ludis
1180 2760 1394 2796 dicebautwr
1425 2760 1489 2804 qui
1519 2759 1636 2804 eapite
1665 2759 1708 2794 iu
1737 2759 1812 2794 solo
1839 2758 2013 2793 sistebant

301 2810 460 2855 pedibus
484 2809 527 2844 iu
551 2819 668 2844 aerem
692 2807 842 2844 erectis?
863 2808 875 2854 ΙΙ
904 2807 1046 2842 cernuli
1070 2807 1274 2843 ASRFL
1301 2808 1375 2851 (sed
1399 2807 1478 2841 nuli
1503 2807 1545 2842 iu
1569 2817 1642 2842 ras.
1664 2807 1689 2850 l)
1728 2805 1855 2840 cernui
1880 2804 1979 2839 HM
2000 2803 2013 2851 Η

310 2861 355 2892 14
380 2858 538 2892 uocatur
562 2856 604 2891 H
620 2856 634 2901 ΙΙ
651 2855 766 2901 ludis]
792 2854 962 2890 uidemus
990 2865 1034 2889 ea
1058 2856 1164 2900 parte
1191 2855 1274 2891 add.
1297 2854 1346 2898 F,
1372 2853 1476 2889 libris
1503 2854 1709 2899 Stephanus
1726 2853 1740 2898 ΙΙ
1757 2852 1846 2889 licet
1871 2852 1917 2887 H
1946 2851 2011 2887 do-

310 2906 370 2940 cet
393 2904 446 2947 L,
470 2904 532 2939 sed
557 2903 604 2939 do
629 2904 672 2938 iu
695 2914 768 2939 ras.
796 2903 809 2938 l
832 2904 845 2947 ΙΙ
872 2903 922 2937 ad
947 2915 1102 2937 cnmwvs
1127 2914 1159 2937 A.
1186 2913 1213 2938 s.
1239 2913 1270 2938 v.
1299 2913 1455 2938 cernuus
1481 2900 1618 2936 dicitur
1641 2899 1789 2946 proprie
1813 2898 2013 2935 inclinatus

309 2951 419 2997 quasi
443 2950 545 2995 quod
568 2951 708 2987 terram
733 2950 862 2986 cernat
887 2949 921 2984 T
948 2950 960 2996 ΙΙ
994 2953 1037 2985 15
1063 2951 1101 2985 et
1126 2961 1191 2985 om.
1219 2950 1260 2985 H
1289 2951 1301 2996 fl
1335 2953 1377 2984 17
1402 2961 1541 2985 nvom
1566 2948 1600 2984 G
1627 2948 1639 2994 ΙΙ
1669 2947 1762 2982 fiunt
1788 2945 1828 2981 F
1852 2948 1864 2991 ΙΙ
1894 2946 1944 2982 ad
1969 2959 2012 2981 m·

311 3011 420 3035 swan
443 3010 534 3033 msc
562 2998 606 3043 (v.
634 2999 717 3043 897)
743 2998 809 3034 aut
837 2997 988 3043 insuper
1019 2999 1084 3032 aut
1115 3008 1225 3042 super
1259 2996 1381 3042 ipsum
1411 2995 1579 3041 loquitur
1606 2995 1640 3029 T
1673 2996 1686 3040 ΙΙ
1723 2995 1772 3030 ad
1796 3005 1932 3029 arram
1955 3006 2013 3029 vis

309 3048 356 3092 (v.
383 3047 467 3091 898)
491 3046 592 3081 ultra
615 3046 819 3081 humanum
845 3044 997 3080 modum
1022 3044 1100 3080 fera
1129 3045 1162 3079 Τ
1195 3046 1209 3090 ΙΙ
1245 3048 1291 3080 20
1314 3043 1567 3080 turbationem
1592 3041 1719 3078 RLF
1748 3041 2013 3086 (perturbatio-

309 3105 395 3130 nem
420 3094 448 3139 l)
466 3094 479 3139 ΙΙ
506 3096 549 3128 21
578 3104 708 3138 aspere
734 3093 821 3129 libri
838 3093 852 3138 ΙΙ
870 3093 908 3128 et
932 3093 990 3128 est
1013 3091 1084 3127 hoc
1108 3092 1253 3128 homeri
1277 3091 1314 3126 R
1351 3093 1389 3127 et
1414 3091 1471 3125 est
1495 3089 1639 3126 homeri
1663 3089 1749 3123 LH
1783 3089 1868 3134 (hoc
1894 3094 1931 3124 et
1957 3088 2015 3124 est

309 3142 347 3178 h.
373 3142 399 3184 Z)
436 3143 475 3176 et
498 3141 570 3176 hoc
595 3142 652 3175 est
675 3140 712 3175 11.
740 3141 789 3175 M
805 3141 818 3186 ΙΙ
836 3144 881 3176 22
906 3150 970 3175 Kar
994 3152 1129 3175 muron
1148 3139 1222 3175 AS
1257 3151 1388 3174 muron
1412 3138 1447 3173 L
1482 3149 1620 3172 ruxpou
1645 3136 1690 3171 H
1703 3138 1716 3181 ΙΙ
1744 3140 1789 3171 23
1815 3146 1917 3171 more
1942 3135 2014 3170 uiri

310 3189 418 3224 fortis
444 3189 479 3223 L
506 3189 610 3234 (corr.
638 3188 664 3233 l)
690 3189 702 3234 ss
734 3198 810 3223 non
834 3188 908 3234 est]
934 3186 1031 3222 unde
1056 3186 1096 3221 in
1120 3186 1241 3232 primo
1267 3187 1341 3232 (94)
1367 3195 1502 3220 aeneas
1528 3186 1566 3219 et
1590 3183 1697 3220 fortis
1722 3185 1761 3219 et
1785 3183 1869 3229 pius
1894 3183 2012 3228 (indu-

312 3236 409 3271 citur
433 3237 519 3273 ada'.
540 3235 756 3282 Fabricius)
783 3235 835 3272 sic
860 3235 1015 3280 loquens
1043 3234 1080 3270 ‘o
1106 3235 1237 3279 terque
1263 3235 1466 3279 quaterque
1491 3231 1608 3268 beati’
1636 3232 1721 3267 add.
1741 3230 1782 3266 D
