2092 3614
559 239 711 276 COMM.
738 239 791 276 IN
817 239 961 276 VERG.
987 238 1099 274 AEN.
1125 238 1160 273 X
1186 241 1384 274 592-617.
1741 234 1830 276 453

240 351 339 393 609.
389 361 552 393 VIVIDA
571 351 617 393 id
634 353 692 392 est
714 349 853 404 fortis,
878 351 927 391 ut
946 347 1016 404 <V
1040 347 1153 403 754>
1180 348 1266 390 sed
1291 347 1429 389 bello
1454 346 1628 389 vivida
1652 345 1831 389 virtus.

238 423 338 466 611.
390 434 466 465 CVI
506 433 617 465 IVNO
660 431 889 465 SVMMISSA
928 419 1118 462 humilis.
1181 421 1225 460 et
1266 419 1367 474 quia
1404 418 1620 460 intellexit
1656 417 1832 472 obliqua

120 492 408 537 Troianorum
451 492 724 536 accusatione
766 492 998 548 inpugnari
1036 505 1162 532 suum
1199 490 1424 545 pudorem,
1465 490 1596 532 etiam
1633 489 1730 544 ipsa
1768 503 1830 530 re-

123 565 308 620 spondet
340 564 526 621 oblique.

64 629 69 634 ’
241 637 340 679 612.
390 647 575 679 TRISTIA
612 636 673 678 vel
702 649 806 690 quae
837 636 993 678 tristem
1021 634 1203 687 faciant:
1242 632 1303 675 vel
1332 647 1437 687 quae
1473 646 1638 675 severa:
1677 632 1834 674 Teren-

122 709 209 750 tius
234 708 412 750 tristis
441 707 635 750 veritas
668 708 806 749 inest
831 707 884 748 in
907 706 1053 748 vultu
1079 706 1232 760 atque
1259 704 1312 746 in
1337 704 1510 746 verbis
1542 703 1696 759 fides,
1728 704 1833 746 item

122 781 272 822 contra
304 778 521 834 Vergilius
554 778 719 820 furias
752 791 1051 832 amnemque
1083 769 1335 830 severum,
1367 776 1414 818 id
1442 779 1501 818 est
1530 776 1698 818 tristem.

243 850 342 893 615.
393 861 509 901 QVIN
553 852 602 892 ut
644 864 749 892 non:
792 864 894 892 nam
939 848 1239 891 confirmativa
1275 847 1489 902 particula
1527 850 1604 890 est.
1665 847 1835 902 quidam

121 922 230 965 hunc
260 922 443 964 ordinem
473 935 555 964 esse
584 921 748 963 volunt:
785 910 963 975 namque
992 921 1032 963 si
1061 919 1183 972 mihi,
1215 933 1320 973 quae
1349 919 1557 973 quondam
1586 919 1742 974 fuerat,
1774 920 1836 961 vis

121 995 168 1036 in
198 1007 337 1036 amore
371 993 493 1048 foret,
531 1007 614 1035 non
651 992 723 1035 hoc
753 993 859 1035 mihi
888 1006 1074 1047 neyares,
1111 992 1212 1045 quin
1235 1004 1398 1045 possem
1420 1004 1589 1046 puynae
1618 991 1836 1033 subducere

127 1066 327 1108 Turnum.
383 1065 462 1108 alii
491 1064 564 1107 hoc
589 1078 719 1119 yenus
749 1064 985 1106 elocutionis
1016 1058 1241 1118 accipiunt,
1271 1066 1319 1105 ut
1342 1076 1419 1116 per
1449 1076 1497 1104 ea
1527 1076 1631 1116 quae
1652 1076 1732 1117 per
1756 1077 1835 1116 pa-

121 1137 328 1180 renthesin
360 1136 499 1190 posita
535 1139 650 1190 sunt,
687 1136 844 1190 reliquo
880 1136 1019 1178 sensui
1055 1137 1312 1189 occurratur,
1347 1148 1432 1176 non
1468 1134 1534 1176 his
1569 1148 1674 1188 quae
1698 1135 1837 1190 primo

118 1210 258 1263 posita
279 1211 405 1251 sunt:
442 1207 508 1250 hic
537 1208 647 1249 enim
677 1208 734 1250 ad
762 1207 871 1250 illud
898 1207 1007 1261 quod
1035 1207 1234 1249 insertum
1264 1209 1323 1248 est
1353 1205 1452 1248 ‘non
1481 1205 1555 1248 hoc
1584 1205 1689 1248 mihi
1718 1220 1836 1248 nam-

123 1295 199 1334 que
228 1293 397 1335 neyarcs
427 1277 701 1334 omnipotens'
740 1277 858 1332 ‘quin
888 1282 926 1321 et
946 1291 1114 1333 puynae
1143 1277 1360 1320 subducere
1392 1277 1583 1319 Turnum
1614 1280 1652 1319 et
1679 1277 1836 1320 Dauno

118 1365 280 1406 possem
317 1351 560 1393 incolumem
598 1364 761 1393 servare
790 1348 991 1404 parenti'.
1053 1350 1240 1403 alioquin
1276 1350 1440 1403 dempta
1478 1348 1555 1391 hac
1587 1349 1838 1403 parenthesi,

123 1437 208 1466 non
246 1423 434 1478 conyruit
457 1422 645 1477 primum
676 1436 769 1464 cum
797 1425 1021 1476 postremo,
1057 1422 1095 1463 si
1123 1422 1187 1463 ita
1217 1421 1332 1463 dicas
1363 1419 1416 1463 ‘si
1445 1420 1550 1462 mihi
1579 1435 1683 1475 quae
1712 1435 1838 1474 quon-

124 1496 222 1538 dam
250 1495 392 1548 fuerat
422 1507 623 1548 quamque
653 1507 735 1536 csse
765 1493 941 1548 decebat,
971 1493 1033 1535 vis
1061 1493 1108 1534 in
1132 1506 1271 1535 amore
1295 1490 1458 1549 (foret),
1487 1492 1589 1545 quin
1614 1495 1652 1534 et
1674 1506 1840 1547 puynae

126 1567 322 1609 abducere
350 1564 541 1608 Turnum
565 1568 604 1608 et
626 1565 783 1608 Dauno
814 1565 1058 1607 incolumem
1081 1577 1244 1618 possem
1274 1577 1436 1606 servare
1458 1563 1672 1618 parenti':
1706 1563 1840 1606 Plau-

126 1642 191 1680 tus
227 1639 274 1680 in
310 1636 547 1680 Cistellaria
583 1637 626 1679 is
664 1650 851 1692 servus,
890 1637 975 1679 sed
1012 1635 1190 1678 abhinc
1227 1649 1385 1677 annos
1422 1635 1609 1688 factum
1646 1639 1715 1678 est
1745 1654 1840 1691 xm,

126 1723 231 1752 cum
262 1709 579 1762 conspicatus
609 1711 680 1751 est
704 1708 869 1762 primo
900 1707 1187 1762 crepusculo
1210 1707 1433 1761 puellam
1464 1708 1651 1761 exponi.

247 1781 344 1823 617.
395 1791 522 1822 NVNC
564 1791 743 1822 PEREAT
787 1790 1078 1830 ruvomsovn
1121 1790 1199 1821 Plo
1243 1791 1336 1821 DET
1382 1789 1617 1821 sAnevmn
1660 1790 1839 1822 ronnAs

127 1853 280 1895 ductus
313 1854 397 1906 est3
436 1866 538 1893 nam
575 1865 664 1894 non
703 1851 794 1907 agit
831 1853 880 1893 ut
917 1853 1084 1906 pereat,
1122 1849 1197 1892 sed
1234 1850 1376 1905 magis
1415 1849 1534 1892 favet
1565 1850 1656 1892 eius
1690 1851 1840 1893 saluti:

127 1937 228 1985 nam
264 1923 406 1966 statim
442 1923 660 1978 subicitur,
697 1935 771 1965 cur
807 1923 974 1977 indiyne
1009 1923 1087 1976 fiat
1117 1921 1200 1964 ‘ille
1231 1925 1367 1963 tamen
1397 1925 1541 1965 nostra
1571 1923 1731 1965 deducit
1759 1923 1841 1965 ori-

125 1996 221 2050 qine
249 1993 425 2050 nomen',
461 1998 509 2036 ut
537 1995 585 2037 in
614 1994 786 2037 secundo
819 1993 965 2049 <103>
998 1994 1286 2036 iamdudum
1315 1994 1491 2036 sumite
1514 2007 1720 2048 poenas,
1756 1993 1843 2036 hoc

128 2066 335 2109 Ithacus
371 2066 493 2108 velit
527 2069 572 2108 et
607 2079 779 2120 mayno
816 2068 1090 2108 mercentur
1120 2065 1346 2107 Atridae.
1409 2065 1522 2121 quod
1562 2066 1706 2107 autem
1738 2064 1843 2108 dicit

131 2138 218 2193 ‘pio
247 2136 486 2194 sanguine'‚
519 2137 691 2179 Aeneae
725 2152 821 2179 eum
854 2138 1041 2180 latenter
1067 2139 1298 2192 exaequat,
1331 2137 1405 2191 qui
1437 2136 1596 2191 ubique
1627 2136 1843 2180 inducitur

130 2208 272 2251 cultor
304 2208 493 2251 deorum.

226 2317 247 2349 5
273 2313 484 2360 Terentius]
514 2314 625 2349 Andr.
652 2314 686 2349 V
706 2317 740 2358 2,
763 2317 804 2349 16
824 2315 836 2361 ΙΙ
856 2317 875 2349 7
902 2313 1032 2360 furias]
1059 2324 1185 2360 georg.
1214 2313 1266 2349 III
1287 2317 1331 2349 37
1351 2315 1363 2361 ΙΙ
1394 2316 1436 2349 18
1462 2313 1618 2349 Plautus
1644 2313 1681 2349 in
1709 2314 1842 2350 Cistel-

132 2361 244 2408 laria]
272 2361 392 2397 Oasin.
419 2362 515 2407 prol.
543 2366 587 2397 39

229 2461 246 2491 1
275 2456 357 2503 sed]
384 2468 471 2493 seuo
496 2457 542 2492 Η
574 2456 624 2493 sit
650 2455 691 2492 F
705 2457 719 2502 ss
742 2460 763 2492 2
790 2456 981 2503 intellegit
1005 2456 1046 2492 F
1062 2458 1074 2504 ΙΙ
1100 2461 1119 2492 3
1146 2456 1375 2492 troianorum
1401 2467 1446 2492 ex
1472 2457 1710 2493 accusatione
1736 2457 1809 2493 AS
1832 2457 1847 2505 f}

134 2508 155 2539 5
181 2505 231 2540 ad
255 2504 396 2539 rmum
420 2515 447 2540 s.
469 2516 500 2540 v.
522 2515 654 2540 seuera
677 2505 740 2540 uel
765 2516 860 2549 quae
885 2506 1032 2541 tristem
1056 2503 1200 2540 faciunt
1222 2504 1256 2539 T
1273 2505 1324 2551 {16
1351 2504 1490 2541 ueritas
1516 2506 1623 2550 libri,
1648 2506 1724 2540 nisi
1748 2507 1845 2551 quod

133 2551 311 2587 seueritas
337 2552 380 2597 ΖΙΙ
398 2552 436 2587 in
463 2562 529 2588 om.
545 2552 585 2587 F
601 2553 612 2599 ΙΙ
632 2554 744 2598 atque
771 2580 779 2588 .
801 2581 808 2588 .
831 2582 838 2589 .
864 2552 956 2588 fides
980 2563 1047 2588 om.
1062 2552 1103 2587 F
1118 2553 1130 2599 ΙΙ
1149 2552 1240 2587 fides
1266 2552 1323 2587 H:
1349 2552 1465 2587 fidens
1485 2552 1576 2596 RL,
1602 2564 1666 2590 om.
1690 2553 1819 2588 ΑΒΜ
1834 2553 1843 2599 Η

135 2603 153 2634 7
182 2610 201 2634 e
228 2600 358 2635 contra
384 2599 424 2633 F
438 2600 451 2645 ΙΙ
478 2599 656 2645 uer-gilius
683 2600 723 2635 F
738 2601 751 2648 ΙΙ
777 2603 799 2635 8
825 2611 898 2635 non
924 2611 990 2635 om.
1017 2600 1051 2634 L
1075 2601 1087 2646 ΙΙ
1112 2600 1214 2646 nam]
1241 2600 1315 2634 iam
1343 2600 1382 2643 S,
1408 2611 1475 2637 om.
1496 2600 1538 2635 H
1560 2602 1572 2646 ΙΙ
1596 2600 1785 2636 firmatiua
1810 2601 1844 2635 L

135 2646 361 2682 affirmatius.
385 2648 493 2692 vulyo
510 2648 523 2691 ΙΙ
541 2647 616 2693 est]
637 2659 712 2683 non
738 2649 795 2683 est
813 2647 887 2683 AS
904 2648 916 2693 ΙΙ
935 2647 1088 2692 quidam
1108 2675 1117 2684 .
1139 2675 1146 2683 .
1169 2674 1177 2683 .
1197 2647 1363 2692 puellam
1389 2648 1524 2692 exponi
1548 2649 1630 2683 hab.
1656 2648 1689 2683 T
1703 2650 1714 2694 ΙΙ
1734 2652 1754 2683 9
1780 2659 1843 2683 uo-

134 2695 217 2729 lunt
242 2704 321 2729 esse
351 2693 384 2728 T
397 2695 410 2739 ΙΙ
436 2694 623 2739 quandam
649 2694 714 2740 GH
737 2694 887 2730 fuerant
912 2695 952 2730 F
973 2696 986 2740 ΙΙ
1019 2698 1061 2730 10
1088 2690 1230 2741 amore]
1257 2706 1359 2731 mare
1385 2694 1426 2729 F
1441 2697 1453 2741 ΙΙ
1477 2694 1589 2742 foret]
1618 2695 1749 2731 fuisset
1778 2696 1810 2730 T
1835 2696 1844 2741 Η

134 2753 286 2777 necares
306 2741 373 2786 Fu
392 2741 658 2777 subduceretur
682 2753 769 2778 nam
789 2742 830 2777 F
845 2743 857 2787 ΙΙ
887 2746 928 2777 11
957 2753 1024 2787 per
1048 2742 1290 2787 parenthesin
1314 2743 1360 2778 T:
1387 2742 1620 2787 parenthesis
1640 2742 1681 2778 F
1715 2754 1844 2788 paren-

134 2789 233 2825 thesi
246 2788 384 2824 Daniel
408 2788 447 2823 in
466 2788 683 2834 parenthesi
703 2790 943 2825 Commelinus
962 2790 974 2835 {l
995 2793 1038 2824 13
1058 2791 1147 2836 non]
1168 2800 1256 2825 nam
1274 2790 1314 2824 F
1329 2790 1343 2835 ΙΙ
1363 2794 1407 2825 14
1427 2789 1678 2837 omnipotens]
1701 2801 1844 2826 accom-

135 2837 308 2872 modatur
325 2837 567 2882 supplendum
582 2837 736 2874 videtwr.
763 2836 823 2872 dic
844 2837 943 2872 enim
964 2837 1000 2882 (l.
1018 2838 1077 2882 13)
1097 2837 1296 2873 Schoellius
1315 2839 1326 2883 ΙΙ
1357 2841 1400 2873 15
1421 2840 1548 2883 empta
1563 2837 1603 2872 F
1618 2839 1630 2883 ΙΙ
1653 2837 1844 2884 parentesi

139 2885 172 2919 T
188 2886 201 2931 [l
222 2888 264 2920 16
284 2884 405 2930 primo
425 2884 466 2918 F
481 2885 493 2928 ΙΙ
518 2884 550 2919 si
575 2887 660 2919 ante
678 2882 772 2919 mihi
797 2894 864 2919 om.
885 2884 919 2919 G
938 2885 949 2930 ΙΙ
976 2887 1019 2919 17
1038 2885 1097 2920 uis
1114 2884 1154 2920 in
1173 2896 1299 2921 amore
1323 2885 1355 2919 T
1390 2885 1490 2921 iusta
1509 2885 1549 2919 F
1573 2886 1706 2930 (ortum
1724 2897 1768 2921 ex
1786 2886 1844 2920 uis

136 2931 161 2968 i.
187 2933 236 2978 a.)
255 2933 269 2978 ΙΙ
302 2935 344 2967 19
372 2930 595 2967 cistellarius
621 2942 749 2966 seruus
775 2931 816 2966 F
851 2931 1053 2968 cistellaria
1077 2943 1205 2968 seruus
1236 2933 1268 2967 T
1283 2933 1296 2979 ΙΙ
1323 2933 1443 2968 factus
1473 2933 1506 2967 T
1522 2934 1534 2979 n
1560 2945 1622 2968 xv1
1651 2933 1684 2968 T
1719 2933 1783 2968 xui
1808 2933 1848 2967 F

138 2992 214 3014 xm.
241 2979 380 3015 Daniel
407 2980 420 3025 ΙΙ
451 2983 496 3014 22
523 2979 656 3014 ductus
682 2980 740 3014 est
764 2979 861 3015 libri.
900 2979 945 3022 ef.
973 2978 1172 3016 Fortunat.
1199 2991 1261 3015 ars
1285 2980 1372 3015 rhet.
1398 2980 1415 3014 I
1441 2983 1461 3015 5
1488 2983 1537 3025 (p.
1566 2984 1623 3026 84,
1643 2985 1688 3016 23
1715 2981 1844 3025 Halm)

140 3026 245 3071 ‘quid
269 3030 320 3062 est
344 3026 505 3063 ductus?
539 3037 609 3072 quo
633 3027 738 3061 modo
763 3029 841 3062 tota
865 3037 978 3062 causa
1002 3028 1145 3073 ayenda
1169 3027 1243 3063 sit?
1280 3028 1433 3071 fortasse
1459 3027 1590 3063 ductus
1615 3028 1764 3064 subtilis
1791 3029 1847 3063 est

138 3074 285 3118 scripsit
309 3073 469 3111 Servius.
508 3076 553 3118 cf.
581 3074 781 3109 Fortunat.
809 3074 831 3110 l.
859 3074 879 3108 l.
901 3085 942 3119 p.
969 3077 1025 3118 85,
1049 3079 1066 3110 1
1096 3075 1257 3111 ‘subtilis
1288 3075 1353 3121 qui
1384 3074 1462 3110 est?
1494 3086 1573 3111 cum
1600 3076 1706 3111 aliud
1731 3079 1780 3110 est
1804 3075 1846 3110 in

139 3121 307 3165 themate,
331 3122 437 3158 aliud
460 3123 504 3157 in
527 3122 670 3168 ayentis
689 3121 901 3157 voluntate’.
940 3123 1042 3166 apud
1061 3122 1228 3158 Servium
1254 3132 1374 3157 sermo
1400 3121 1592 3167 obliquus,
1617 3133 1691 3157 non
1718 3124 1846 3167 aperte

141 3168 273 3203 (luctus
297 3169 412 3204 edidit
431 3169 650 3213 Fabricius,
674 3169 807 3214 reliqui
829 3168 1053 3213 Stephanum
1077 3171 1191 3206 secuti
1214 3173 1301 3206 sunt
1325 3170 1389 3214 qui
1414 3167 1601 3210 δεικτικός
1625 3170 1724 3204 dedit
1742 3170 1756 3214 ss
1773 3180 1845 3204 non

141 3215 237 3250 enim
266 3215 305 3250 F
327 3217 340 3262 ΙΙ
370 3220 415 3251 23
441 3218 509 3251 ιῐιῖι
534 3218 572 3262 (i.
599 3228 626 3252 e.
656 3216 821 3260 ουεεένιΰ)
848 3216 887 3250 F
909 3217 922 3262 ΙΙ
953 3219 998 3251 24
1023 3217 1211 3253 addudum
1239 3217 1279 3251 F

1490 3276 1562 3311 30*

1864 997 1907 1028 10

1866 1355 1908 1388 15

1865 1715 1911 1746 20

1867 2071 1913 2103 25
