2092 3614
504 261 654 298 COMM.
682 261 733 296 IN
759 260 902 295 VEEG.
932 259 1041 294 AEN.
1072 258 1119 293 lX
1147 261 1346 293 207-229.
1698 254 1785 296 329

77 375 150 417 hoc
186 377 244 417 est
276 374 442 427 futuros
484 371 645 426 πρήσω
691 370 877 423 alioquin
918 368 1115 423 quomodo
1158 366 1337 408 excitat?
1380 370 1419 409 et
1454 368 1581 409 totum
1618 364 1791 407 iunctim

80 446 290 502 leyendum
320 448 395 499 est,
428 447 476 486 ut
503 443 630 486 simul
661 445 699 485 et
729 442 882 484 dietum
912 442 950 482 et
975 439 1135 493 factum
1165 439 1362 480 videatur.

199 517 296 560 220.
349 525 660 565 SERVANTQVE
699 523 833 555 VICES
872 511 943 553 hic
980 509 1331 566 distinguendum
1370 510 1454 560 est,
1492 508 1599 551 alias
1639 522 1790 550 sensus

79 604 167 632 non
197 587 406 643 procedit.
504 601 693 628 STATIONE
718 600 881 626 RELIOTA
911 582 984 625 hoc
1014 582 1071 624 ad
1095 581 1249 624 Nisum
1279 583 1317 622 et
1339 579 1579 634 Euryalum
1601 580 1792 634 pertinet,

79 665 126 702 ut
154 660 210 702 sit
238 672 380 702 sensus
412 657 600 700 ‘statione
629 655 771 697 relicta
801 655 887 708 ipse
916 667 1044 696 eomes
1075 652 1180 695 Niso
1213 649 1450 706 yraditur':
1488 651 1657 705 quidam
1689 650 1790 693 ‘ser-
1818 659 1839 690 5

79 735 252 785 eantque
275 730 380 772 vices
403 729 576 772 statione
599 725 756 788 relicta⁹
777 739 857 782 pro
884 724 1088 768 ‘stationis
1105 724 1269 766 relictae
1287 724 1390 766 vices
1410 721 1588 765 servant'
1614 723 1793 785 intellegi

80 803 238 858 volunt,
276 805 323 843 ut
354 800 405 855 <1
438 800 522 854 75>
553 802 599 841 et
626 797 842 853 pulchra
875 797 1038 850 faeiat
1074 799 1116 839 te
1142 795 1286 850 prole
1315 797 1589 849 parentem,
1626 793 1700 837 hoe
1736 798 1795 837 est

74 874 272 929 pulchrae
295 873 438 927 prolis.
1150 886 1154 890 -

199 945 299 987 221.
348 954 602 994 REGEMQVE
643 952 911 993 REQVIRVNT
956 940 1002 982 iel
1042 943 1102 982 est
1142 939 1258 995 regis
1296 939 1454 994 filium,
1496 940 1546 980 ut
1584 936 1677 992 <VI
1708 938 1793 992 28>

80 1031 315 1073 magnum
346 1015 557 1071 reginae
590 1013 678 1055 sed.
709 1012 843 1054 enim
875 1011 1149 1053 miseratus
1183 1024 1416 1053 amorem.
1821 1017 1864 1047 10

199 1088 298 1130 222.
349 1097 534 1129 CETERA
566 1097 656 1127 PER
682 1095 860 1126 TEEEAS
888 1093 1044 1126 OMNES
1078 1084 1314 1138 exaggerat
1345 1096 1464 1126 more
1497 1096 1575 1124 suo
1611 1080 1792 1137 vigilan-

80 1162 171 1202 tum
205 1159 412 1201 laborem.
1453 1195 1466 1205 ⁷

199 1230 298 1274 225.
350 1241 605 1273 coNS1LIVM
638 1240 810 1271 SVMMIS
842 1239 987 1270 ΗΕΘΜ
1018 1238 1082 1268 DE
1115 1237 1262 1268 REBVS
1295 1237 1544 1267 HABEBANT
1577 1224 1792 1267 ‘suminis'

80 1307 221 1346 utrum
251 1302 467 1356 maximis,
498 1314 556 1342 an
585 1300 694 1354 quod
714 1299 923 1354 putabant
952 1312 1022 1341 eas
1052 1299 1100 1341 in
1130 1300 1306 1341 extremo
1331 1297 1464 1340 sitas?
1496 1299 1534 1339 et
1556 1299 1616 1338 est
1639 1295 1794 1338 Lucilii

80 1389 228 1418 versus
260 1388 344 1415 uno
376 1373 549 1414 tantum
581 1385 778 1413 sermone
805 1372 992 1426 mutato3
1023 1384 1124 1412 nam
1156 1369 1228 1412 ille
1255 1368 1318 1412 ait
1349 1367 1630 1411 consilium
1664 1382 1792 1409 sum-
1823 1375 1865 1407 15

81 1446 174 1488 mis
205 1445 469 1488 hominum
501 1442 559 1485 de
590 1442 742 1484 rebus
774 1442 1048 1504 habebant.

199 1517 298 1560 226.
348 1527 432 1558 ΙΑΜ
464 1525 669 1557 NVNTIVS
701 1525 838 1556 ESSET
872 1512 1002 1556 ‘iam'
1036 1514 1111 1555 aut
1143 1513 1248 1568 cito,
1288 1515 1335 1554 ut
1361 1511 1644 1565 festinandum
1675 1511 1731 1553 sit
1759 1513 1797 1553 et

80 1590 167 1632 iam
191 1587 473 1650 nuntiandum
497 1585 660 1628 Aeneae
684 1599 755 1628 nee
779 1585 1075 1638 differendum:
1109 1586 1184 1627 aut
1214 1599 1311 1627 cum
1341 1583 1507 1626 nullum
1539 1581 1795 1637 invenirent,

80 1662 137 1704 ael
165 1659 503 1715 desperationem,
534 1657 656 1711 quasi
686 1670 803 1699 nemo
834 1660 934 1700 esset
961 1657 1065 1712 iam,
1098 1656 1172 1710 qui
1193 1658 1333 1710 posset
1361 1655 1522 1697 audere.

200 1732 300 1774 227.
348 1746 495 1774 Aomxz
515 1745 656 1772 HASTIS
679 1729 790 1771 mira
813 1728 940 1782 facies
964 1729 1127 1771 consilii
1135 1742 1148 1770 .·
1174 1728 1220 1770 in
1244 1727 1362 1770 rebus
1386 1727 1522 1769 dubiis
1543 1740 1628 1769 non
1646 1727 1794 1778 sedent,
1820 1735 1866 1765 20

80 1806 151 1848 secl
177 1807 300 1847 stant.
421 1813 589 1843 ADNIXI
622 1811 786 1843 HASTIS
826 1800 1016 1843 ostendit
1052 1799 1140 1842 iam
1179 1814 1251 1842 eos
1291 1798 1445 1841 diurna
1477 1798 1664 1841 statione
1695 1798 1794 1840 fati-

81 1878 220 1932 gatos.
280 1873 393 1930 quod
425 1874 570 1915 autem
603 1874 724 1914 stant
755 1873 800 1914 et
829 1871 1017 1914 Romani
1050 1871 1185 1914 moris
1219 1873 1285 1913 est
1317 1872 1360 1913 et
1391 1870 1573 1913 bellicae
1605 1870 1794 1912 necessi-

81 1947 197 1989 tatis.
259 1945 373 1988 hunc
412 1946 555 1987 autem
596 1942 740 1986 standi
779 1942 979 1986 habitum
1018 1944 1062 1985 et
1100 1942 1333 1985 Sallustius
1374 1943 1701 1994 commemorat,
1745 1943 1794 1983 ut

60 2018 208 2060 vfessi
241 2032 388 2060 arma
421 2031 510 2058 sua
542 2016 763 2071 quisque
797 2016 996 2057 stantes
1029 2014 1336 2057 incumbere.

201 2089 300 2131 228.
351 2099 629 2130 CASTRORVM
654 2098 715 2128 ET
744 2098 888 2128 CAMPI
917 2097 1067 2128 MEDIO
1101 2085 1147 2128 in
1179 2086 1320 2129 medio
1354 2086 1495 2141 campi
1528 2084 1688 2140 spatio,
1720 2085 1794 2140 qui
1819 2093 1865 2124 25

82 2175 259 2216 campus
292 2161 532 2203 castrorum
565 2158 730 2200 medius
763 2157 856 2200 fuit.
975 2174 1204 2201 CASTRORVM
1227 2175 1280 2201 ET
1302 2175 1422 2201 GAMPJ
1445 2159 1584 2210 MEDJO]
1617 2157 1718 2211 quia
1747 2158 1794 2199 iu

82 2233 227 2275 mediis
266 2232 414 2274 eastris
445 2231 661 2285 principia
702 2232 802 2273 sunt
834 2243 1001 2284 semper.
1063 2232 1100 2271 et
1137 2229 1231 2271 bene
1268 2228 1426 2283 ‘campi‘
1461 2227 1626 2280 medio',
1668 2242 1794 2282 quam

84 2304 245 2358 ‘campo
275 2302 453 2346 meclio⁷.·
491 2305 588 2345 tune
617 2302 727 2344 enim
760 2300 922 2355 ‘eampo
953 2300 1084 2343 medio
1094 2299 1119 2356 '7
1155 2314 1243 2342 euin
1278 2300 1435 2353 aliquot
1464 2300 1601 2353 campi
1630 2302 1729 2342 sunt
1758 2302 1795 2342 et

81 2389 190 2418 ‘cuius
221 2378 279 2418 est
308 2374 466 2417 medius
490 2387 676 2428 campus,
708 2371 887 2427 ‘campi’
921 2374 1058 2414 autem
1084 2370 1258 2414 ‘medio'
1290 2372 1337 2413 in
1362 2371 1498 2414 media
1521 2374 1644 2425 parte
1667 2371 1794 2413 unius

83 2448 230 2501 campi.
1558 2453 1564 2458 ·
1819 2452 1865 2481 30

201 2518 300 2560 229.
349 2533 522 2560 ALAGRES
562 2510 773 2559 concitati:
815 2515 1027 2558 Terentius
1063 2516 1183 2569 quial
1219 2518 1270 2557 tu
1307 2528 1354 2558 es
1386 2514 1580 2557 tristis?
1618 2510 1815 2568 quidve*

181 2627 224 2659 14
249 2621 385 2658 Lucilii
410 2622 554 2668 versus]
582 2622 645 2657 lib.
673 2621 689 2655 I
714 2620 845 2666 fragm.
873 2619 924 2656 VI
950 2631 1008 2665 ap.
1036 2620 1163 2655 Muell.
1190 2632 1225 2665 p.
1253 2624 1273 2655 2
1306 2621 1318 2666 ΙΙ
1358 2624 1399 2655 18
1426 2619 1502 2655 iam
1528 2648 1535 2655 .
1558 2648 1564 2655 .
1589 2647 1596 2655 .
1623 2618 1792 2655 differen—

83 2672 188 2718 dum]
216 2671 262 2708 cf.
287 2670 381 2706 Don.
409 2670 457 2705 ad
481 2669 564 2705 Ter.
590 2669 682 2704 Eun.
709 2669 743 2703 II
771 2673 809 2711 1,
839 2672 899 2710 133
925 2667 994 2704 Ad.
1022 2667 1056 2702 II
1085 2671 1122 2711 1,
1149 2666 1389 2711 213'Phor1n.
1416 2667 1450 2702 II
1476 2671 1515 2711 3,
1541 2671 1564 2702 4
1591 2668 1603 2713 ΙΙ
1640 2671 1685 2702 23
1713 2667 1792 2702 Sal-

82 2718 233 2765 lustius]
260 2718 347 2753 hist.
373 2717 425 2753 ΙΙΙ
449 2721 493 2752 ’12
519 2716 696 2761 Dietsch.,
723 2720 767 2752 87
788 2715 852 2751 Kr.
878 2714 924 2751 cf.
944 2714 1029 2750 Keil
1054 2716 1252 2761 grammat.
1278 2715 1359 2751 Lat.
1379 2714 1448 2750 VII
1473 2726 1508 2760 p.
1531 2718 1599 2750 478
1619 2715 1631 2761 ΙΙ
1650 2719 1693 2750 31
1722 2714 1793 2750 Tc-

82 2766 241 2813 rentius]
269 2766 362 2801 Eun.
388 2764 427 2800 11<
449 2768 481 2809 3,
510 2768 553 2799 13

180 2866 196 2896 1
232 2862 281 2897 ad
304 2873 444 2896 vmlnes
472 2873 499 2895 s.
526 2872 557 2894 E.
584 2871 656 2893 1LL1
680 2869 707 2894 s.
733 2870 765 2894 v.
791 2856 948 2899 iunctim
980 2858 1037 2893 est
1065 2857 1137 2894 hoc
1167 2857 1460 2904 intellegendum
1495 2857 1573 2902 (sic)
1606 2857 1649 2892 ut
1681 2857 1791 2892 simul

82 2909 225 2945 dictum
250 2911 288 2944 et
314 2908 455 2943 factum
480 2905 724 2952 intellegatur
751 2906 784 2940 Τ
801 2906 813 2952 ll
838 2904 1006 2941 iunctum
1030 2905 1071 2941 F
1086 2907 1098 2952 ΙΙ
1126 2910 1146 2942 2
1173 2906 1232 2952 ut]
1259 2907 1298 2941 et
1323 2905 1363 2940 F
1378 2906 1391 2952 ΙΙ
1424 2910 1467 2940 10
1492 2903 1689 2940 miseratur
1714 2904 1760 2939 H
1781 2905 1792 2959 j)

86 2962 128 2992 13
149 2958 198 2993 acl
224 2968 350 2992 svmms
370 2970 401 2990 R.
422 2969 457 2990 D.
477 2968 508 2990 R.
530 2955 609 2990 siue
627 2952 801 2988 maximis
822 2952 902 2987 siue
921 2952 960 2988 in
980 2955 1145 2989 extremo
1172 2953 1254 2989 sitis
1278 2953 1311 2988 Τ
1325 2954 1337 3000 {1
1359 2957 1402 2988 14
1427 2964 1490 2988 eas
1516 2952 1570 2998 in]
1599 2952 1762 2987 eafineG
1781 2952 1792 2997 ΙΙ

83 3004 188 3039 lucili
214 3004 253 3038 F
269 3005 282 3050 ΙΙ
308 3007 352 3038 15
378 3002 544 3038 consiliis
570 3001 611 3037 F
627 3002 639 3048 ss
665 3000 800 3036 summi
825 3000 871 3035 H
885 3001 897 3047 11
924 3004 967 3036 18
991 3001 1221 3037 inuenissent
1245 3001 1375 3036 ASM
1381 3002 1393 3036 l
1412 3002 1423 3047 ΙΙ
1451 3004 1497 3035 20
1523 3002 1572 3035 acl
1596 3011 1628 3034 v.
1656 3003 1724 3034 227
1752 3000 1792 3033 iu

84 3062 197 3097 mary.
223 3051 318 3086 mira
338 3077 366 3085 ..
387 3078 394 3085 .
416 3051 518 3086 stant
540 3050 573 3084 Τ
590 3050 601 3096 ΙΙ
620 3052 664 3084 21
693 3049 794 3084 stant
819 3048 984 3084 ostendit
1003 3059 1092 3094 ergo
1117 3048 1193 3084 iam
1214 3060 1277 3084 eos
1297 3059 1324 3084 e.
1344 3060 1375 3093 q.
1396 3060 1423 3083 s.
1446 3048 1486 3082 F
1502 3049 1513 3094 ΙΙ
1533 3047 1708 3082 diuturna.
1724 3046 1764 3080 F
1781 3046 1790 3089 J]

86 3103 130 3134 25
164 3097 289 3151 campi
319 3098 440 3144 spatio
467 3097 520 3133 F:
557 3097 681 3143 campi
714 3095 826 3132 statio
851 3095 1025 3132 Serviani
1056 3097 1160 3141 libri,
1191 3097 1267 3131 nisi
1297 3096 1392 3141 quod
1424 3095 1565 3140 campis
1591 3095 1636 3129 H
1670 3093 1789 3137 campi

85 3147 142 3182 cst
168 3146 281 3181 stat1o
308 3146 514 3191 Stephanus
538 3146 549 3191 ΙΙ
580 3148 624 3181 27
651 3143 839 3190 principes
865 3142 1005 3180 Daniel
1023 3145 1035 3190 {l
1062 3145 1149 3179 sunt
1173 3154 1240 3179 om.
1268 3143 1298 3178 G
1327 3145 1338 3189 ΙΙ
1370 3147 1414 3178 28
1441 3155 1524 3178 cum
1551 3141 1696 3186 aliquot
1721 3166 1729 3175 .
1751 3167 1758 3174 .
1781 3167 1788 3174 .
1822 3138 1827 3143 '

86 3193 213 3228 autem
238 3193 360 3228 medio
385 3203 451 3229 om.
473 3193 507 3228 G
526 3193 538 3239 ss
562 3196 607 3228 29
633 3193 682 3228 acl
707 3203 908 3228 cAs'rRoEvM
932 3205 964 3227 E.
990 3205 1020 3229 c.
1046 3204 1083 3228 M.
1109 3202 1135 3228 s.
1162 3202 1195 3228 v.
1222 3189 1374 3239 quidam
1399 3190 1625 3236 intellegunt
1650 3188 1689 3223 in
1714 3198 1788 3225 me-

85 3240 148 3277 dia
171 3242 277 3288 parte
303 3240 411 3276 unius
438 3238 561 3287 campi
590 3239 623 3276 Τ
