2092 3614
498 254 649 292 COMM.
676 255 729 291 IN
753 254 896 291 VERG.
922 253 1033 291 AEN.
1059 255 1148 291 VIII
1171 259 1371 293 454-477.
1693 257 1779 300 269

65 362 138 405 1ἰ“ο
179 363 321 405 tutos
363 362 622 405 dimittam
662 363 953 420 opibusque
991 364 1193 407 iuvabo.
1314 377 1464 409 HEROS
1502 366 1585 409 hoc
1622 381 1780 410 nomen

65 449 154 477 non
177 436 350 477 tantum
374 435 615 490 praesentis
642 438 710 478 est
733 436 926 492 virtutis,
953 436 1027 478 sed
1053 438 1096 478 et
1120 436 1401 491 praeteritae:
1433 438 1546 480 unde
1573 441 1641 480 est
1665 438 1780 495 quod

65 506 315 549 Euandrum
341 506 518 550 heroem
544 507 665 564 dicit,
697 523 794 551 eum
822 508 880 551 sit
903 507 1081 551 virtutis
1110 508 1328 551 emeritae.
1377 509 1627 565 plerumque
1651 510 1779 553 heros

65 579 110 619 et
141 579 312 634 generis
345 581 422 621 est.

183 649 282 692 465.
332 662 602 693 MATv‘rmvs
630 662 813 696 AGEBAT
844 666 936 693 rem
961 652 1171 708 temporis
1198 651 1251 694 ad
1276 665 1507 707 personam
1539 654 1779 696 transtulit.

182 721 268 763 467
273 755 282 764 .
331 739 428 766 JVNG
437 739 512 765 vm·
535 739 716 764 anrffls
744 723 803 764 sic
833 724 944 765 enim
973 737 1016 766 se
1045 724 1208 777 antiqui
1237 724 1487 766 salutabant.

183 793 282 835 468.
332 805 489 837 morro
522 805 716 837 TANDEM
747 806 964 837 SERMONE
999 794 1232 851 ‘tandem',
1269 795 1371 850 quia
1408 796 1635 839 amborum
1668 797 1779 839 desi-

66 863 183 906 derio
215 878 301 906 nox
333 864 497 908 fecerat
528 880 714 908 moram:
745 867 806 908 vel
837 865 1045 909 ‘tandem'
1077 868 1172 909 dato
1203 870 1360 909 secreto.

181 936 281 979 470.
330 954 488 979 MAXIME
515 954 687 981 TEVOROR
695 955 750 981 VM
782 939 950 981 dicendo
983 937 1206 981 ‘maxime’
1238 939 1440 982 subtiliter
1478 941 1651 983 ostendit
1687 955 1780 983 eum

54 1007 268 1061 pontificis
298 1010 475 1051 maximi
504 1013 542 1051 et
570 1010 784 1052 scientiam
814 1014 854 1053 et
874 1014 1117 1065 potestatem
1146 1010 1302 1054 habere.

181 1079 282 1120 471.
330 1091 562 1131 NVMQVAM
588 1093 671 1124 RES
698 1093 915 1132 EQVIDEM
941 1094 1111 1125 TRolAE
1132 1094 1295 1125 vlc'rAs
1323 1083 1429 1125 satis
1455 1085 1622 1126 mature
1648 1083 1779 1139 ‘equi-

63 1149 175 1192 dem’
209 1149 334 1206 dixit,
366 1151 410 1193 id
442 1154 508 1194 est
538 1166 620 1207 ego
653 1153 826 1208 quidem
853 1153 1027 1196 Troiam
1060 1157 1104 1196 te
1133 1155 1232 1197 vivo
1265 1154 1424 1197 victam
1455 1169 1545 1197 non
1578 1155 1779 1211 arbitror,

63 1224 273 1277 quantum
305 1226 371 1265 est
402 1223 447 1265 in
479 1224 682 1279 opinione
715 1240 823 1267 mea.

181 1294 279 1336 472.
329 1306 420 1337 PRO
452 1306 634 1338 NOMINE
667 1308 824 1339 TANTO
856 1312 936 1352 pro
967 1297 1033 1339 tui
1063 1297 1252 1340 nominis
1286 1298 1439 1354 gloria.

182 1366 282 1408 474.
333 1383 428 1410 navo
456 1384 639 1411 nvrvws
669 1385 817 1411 Panmr
847 1368 921 1411 hoo
950 1372 1009 1412 est
1040 1369 1186 1424 <146>
1216 1383 1335 1424 qens
1365 1371 1546 1426 eadem,
1586 1385 1708 1425 quae
1740 1374 1781 1413 te

62 1438 254 1480 crudeli
296 1437 505 1481 Daunia
551 1439 674 1481 bello
717 1439 1010 1494 insequitur.
1142 1452 1199 1482 ET
1243 1444 1415 1484 MVRVM'
1454 1453 1780 1485 OIROVMSONAT

64 1520 203 1551 ARMIS
237 1511 280 1551 et
311 1510 572 1553 brevitatem
611 1510 678 1553 sui
717 1512 908 1555 ostendit
947 1512 1119 1568 imperii
1151 1515 1195 1555 et
1226 1512 1432 1555 hostilem
1463 1515 1782 1569 necessitatem,

63 1581 118 1624 ob
148 1596 276 1636 quam
304 1596 348 1624 se
374 1583 548 1637 penitus
574 1598 796 1626 exarmare
821 1599 912 1627 non
937 1586 1123 1640 poterat.
1173 1583 1322 1627 ‘amni'
1349 1587 1496 1628 autem
1523 1584 1780 1628 ‘claudimur

62 1652 225 1695 Tuseo'
270 1653 366 1696 ideo
405 1654 531 1711 dixit,
576 1655 676 1711 quia
714 1656 807 1712 ipse
846 1656 930 1698 fuit
966 1657 1153 1699 Romani
1190 1656 1289 1699 finis
1328 1657 1517 1712 imperii:
1562 1658 1779 1701 Iuvenalis

64 1723 200 1779 <VIII
234 1725 350 1780 264>
384 1729 434 1768 et
466 1716 600 1782 quaes
629 1727 838 1783 imperii
876 1728 1011 1771 fines
1045 1728 1347 1771 Tiberinum
1379 1729 1528 1786 virgo
1561 1730 1778 1772 natavit.

181 1795 281 1839 475.
331 1808 419 1839 SED
446 1810 540 1839 ΤῙΒΙ
565 1809 659 1841 EGO
692 1799 925 1842 artificiose
951 1800 1059 1857 agit,
1091 1803 1141 1843 ut
1172 1800 1303 1843 etiam
1337 1815 1447 1856 quae
1480 1805 1781 1845 monstrantur

65 1868 244 1924 auxilia,
276 1868 413 1924 ipsius
447 1884 540 1911 esse
574 1870 811 1914 videantur.
873 1871 1105 1928 ‘ingentes'
1140 1875 1284 1915 autem
1317 1872 1533 1929 ‘populos'
1565 1889 1654 1916 non
1687 1874 1782 1920 sine,

63 1955 193 1982 eausa
225 1939 351 1982 dixit:
389 1955 489 1983 nam
522 1941 681 1985 Tuscia
713 1943 938 1986 duodecim
969 1945 1220 1987 lucumones
1257 1944 1430 2001 habuit,
1468 1945 1513 1986 id
1544 1944 1610 1987 est
1641 1960 1780 2002 reges,

63 2012 218 2068 quibus
245 2027 355 2054 unus
381 2015 598 2068 praeerat:
630 2014 744 2057 unde
772 2018 839 2058 est
865 2015 933 2071 <X
952 2016 1069 2072 202>
1098 2030 1221 2073 gens
1248 2016 1329 2058 il'li
1361 2016 1572 2072 triplex,
1598 2016 1780 2072 populi

64 2084 157 2125 sub
191 2086 344 2139 gente
377 2086 627 2140 quaterni.

181 2155 282 2198 476.
331 2167 462 2207 QVAM
495 2169 611 2200 Fons
645 2170 841 2202 INOPINA
879 2160 962 2203 hoe
998 2160 1254 2203 beneficium
1292 2175 1417 2203 casus
1455 2162 1667 2215 praestat,
1705 2160 1780 2215 qui

65 2227 195 2270 efficit
214 2229 263 2269 ut
283 2241 333 2270 eo
359 2230 553 2284 tempore
580 2244 760 2286 quaeras
789 2231 1006 2287 auxilium,
1034 2247 1117 2288 quo
1139 2231 1351 2288 Tyrrheni
1371 2232 1520 2275 ducem
1541 2233 1778 2288 requirunt.

182 2299 283 2341 477.
332 2310 464 2342 FArls
507 2313 600 2344 nvo
637 2314 695 2344 TE
731 2314 1046 2346 Poscnnrmvs
1087 2315 1241 2346 ADFER
1281 2316 1414 2359 perge
1453 2304 1558 2347 illuc
1598 2319 1777 2360 poscen-

64 2370 182 2412 tibus
214 2369 338 2425 fatis3
368 2386 470 2413 nam
502 2372 603 2415 talis
636 2376 702 2415 est
735 2389 904 2430 sensus,
937 2375 974 2418 si
1000 2375 1156 2431 legeris
1184 2374 1349 2417 ‘adfer'.
1392 2377 1435 2417 et
1461 2376 1660 2418 similiter
1685 2376 1778 2418 iun-

67 2439 133 2496 git
162 2440 381 2483 fortunam
411 2442 522 2499 fato,
559 2446 608 2486 ut
639 2460 786 2501 supra,
829 2445 903 2488 ubi
937 2446 998 2488 ait
1029 2446 1174 2501 <334>
1207 2446 1418 2489 fortuna
1451 2448 1778 2502 omnipotens

68 2514 116 2553 et
147 2511 490 2557 ineluctabile
515 2514 689 2557 fatum.
740 2516 777 2558 si
803 2518 947 2559 autem
973 2518 1129 2573 legeris
1157 2516 1343 2573 ‘adfers’,
1370 2533 1523 2561 sensus
1550 2519 1632 2562 erit
1657 2520 1777 2562 talis:

165 2669 181 2699 1
209 2664 299 2699 totis
319 2665 365 2699 H
390 2666 511 2701 laetos
535 2665 727 2713 Veryilius.
754 2669 799 2712 ef.
820 2670 912 2705 Aen.
934 2669 950 2704 I
970 2673 1036 2706 571
1058 2671 1071 2715 ΙΙ
1090 2674 1110 2706 2
1130 2671 1338 2716 praesentis
1359 2672 1431 2719 est]
1453 2673 1688 2718 praesentem
1708 2673 1745 2708 R
1764 2673 1777 2720 Η

68 2717 89 2747 3
114 2713 291 2748 herodem
311 2712 351 2747 F
367 2714 378 2759 ΙΙ
398 2714 448 2749 ad
472 2714 650 2750 emeritae
674 2716 761 2751 haec
784 2717 826 2752 in
850 2728 965 2763 mary.
987 2718 1103 2753 adscr.
1126 2719 1139 2754 l
1162 2719 1202 2754 id
1227 2721 1284 2756 est
1307 2719 1383 2755 iam
1409 2731 1485 2756 non
1509 2720 1660 2765 poterat
1680 2721 1777 2756 mili-

67 2760 151 2796 tari.
197 2762 236 2795 et
259 2760 357 2796 unde
384 2760 477 2796 dicit
502 2761 666 2798 emerite.
711 2763 817 2808 quasi
843 2763 922 2799 sine
948 2764 1092 2800 meritis
1118 2765 1157 2801 id
1183 2769 1239 2802 est
1263 2766 1507 2803 sinewilitia
1535 2769 1548 2813 ΙΙ
1579 2771 1599 2803 6
1626 2769 1676 2804 ad
1700 2781 1775 2804 1vN-

68 2819 160 2843 Gvnr
179 2821 213 2842 1).
240 2818 340 2853 supr.
360 2819 448 2844 vers.
476 2808 528 2844 sic
554 2820 592 2844 se
613 2808 829 2846 salutabant
849 2811 994 2858 antiqui
1018 2812 1051 2847 Τ
1066 2814 1080 2858 ΙΙ
1099 2825 1137 2849 se
1162 2814 1309 2860 antiqui
1335 2825 1374 2850 se
1394 2814 1435 2850 F
1450 2817 1462 2861 ss
1482 2819 1501 2850 7
1529 2815 1619 2859 quia
1643 2816 1778 2851 maiori

68 2855 260 2890 amborum
286 2855 470 2891 desiderio
496 2855 589 2892 ΑΕΖ
607 2858 619 2902 ΙΙ
650 2860 671 2892 8
698 2858 914 2894 adanon
938 2870 1039 2905 supr.
1065 2871 1155 2897 vers.
1182 2861 1271 2898 dato
1298 2864 1442 2898 secreto
1472 2863 1505 2897 T
1527 2864 1539 2910 ΙΙ
1571 2867 1591 2898 9
1618 2863 1776 2899 dicendo

70 2930 100 2939 ..
117 2931 125 2939 .
146 2902 283 2938 habere
302 2903 384 2939 hab.
401 2903 435 2938 T
450 2904 463 2949 ΙΙ
482 2904 671 2949 suptiliter
692 2905 726 2939 T
742 2907 754 2949 ΙΙ
775 2909 818 2940 10
844 2907 997 2942 maximi
1021 2908 1201 2945 honorem
1227 2911 1266 2945 et
1289 2910 1527 2956 prudentiam
1552 2911 1691 2947 habere
1714 2911 1747 2946 T
1764 2911 1776 2957 Η

71 2953 112 2984 11
140 2961 207 2996 ego
234 2950 404 2996 equidem
430 2950 471 2986 F
492 2952 504 2998 {l
534 2955 576 2986 13
604 2954 784 2998 quantum
810 2981 817 2990 .
840 2981 847 2988 .
869 2981 877 2989 .
903 2967 1013 2990 'muro
1038 2967 1104 2992 om.
1131 2957 1166 2992 L
1191 2958 1290 3003 (add.
1318 2958 1344 3004 l)
1370 2959 1382 3003 ΙΙ
1415 2961 1459 2993 15
1483 2958 1590 2994 schol.
1618 2959 1668 2994 ad
1692 2971 1775 2993 nmo

68 3009 100 3031 u.
114 3009 153 3047 ⁴1³.
172 3001 259 3042 post
283 2997 430 3034 natavit
452 2999 534 3035 hab.
555 2999 596 3034 F
611 3001 623 3045 ΙΙ
645 3004 687 3036 18
715 3001 763 3036 ob
787 3001 914 3048 quam]
942 3002 990 3038 ob
1016 3014 1129 3049 quam
1154 3015 1234 3040 rem
1254 3005 1383 3052 F1121
1413 3006 1493 3051 agit
1537 3006 1592 3041 ait
1615 3005 1706 3041 RH
1709 3005 1749 3040 F
1764 3005 1776 3051 ΙΙ

69 3044 111 3078 ut
135 3055 200 3081 om.
227 3045 269 3080 H
286 3046 299 3091 ΙΙ
326 3049 371 3081 22
396 3045 476 3092 ipse
502 3046 593 3082 RH
606 3048 618 3094 [1
636 3047 799 3094 ingentis
824 3049 862 3085 R
879 3050 892 3096 ΙΙ
919 3053 964 3086 28
988 3052 1120 3098 nomn]
1146 3065 1180 3089 A.
1207 3053 1295 3088 libri
1313 3057 1462 3097 praeter
1551 3054 1616 3099 qui
1639 3065 1774 3088 Ani-*mm

70 3137 208 3172 exhibet
226 3139 238 3184 ΙΙ
257 3142 302 3175 29
328 3139 433 3175 adfer
458 3142 497 3177 et
520 3141 647 3177 ΑΒΗ
649 3141 704 3177 F:
732 3143 823 3179 affer
847 3145 886 3179 et
909 3143 977 3180 Ra
1014 3113 1157 3193 afferffil
1179 3146 1214 3181 L
1240 3147 1292 3192 (et
1316 3158 1416 3192 supr.
1443 3159 1511 3184 scr.
1538 3149 1563 3191 l)
1590 3148 1712 3183 adfert
1737 3147 1776 3182 et

71 3183 288 3268 ffigssuffist
312 3186 352 3221 F
367 3189 380 3233 ΙΙ
411 3191 457 3223 30
481 3189 546 3224 ubi
571 3200 638 3225 om.
664 3190 739 3227 AS
761 3192 773 3237 ΙΙ
804 3195 846 3227 31
875 3192 906 3227 si
930 3195 1057 3230 autem
1085 3220 1092 3228 .
1115 3209 1152 3229 :.
1179 3193 1322 3230 factum
1348 3196 1406 3230 est
1431 3207 1498 3232 om.
1525 3196 1560 3230 L
1586 3195 1684 3240 (add.
1711 3195 1738 3241 l)
1763 3194 1776 3242 ΙΙ

1808 1023 1851 1055 10

1806 1741 1851 1773 20

1804 2098 1850 2131 25

1804 2457 1849 2488 30
