2092 3614
289 259 377 301 540
1063 258 1224 295 SERVII

291 368 564 411 siderandum
604 382 715 419 esse,
754 368 826 410 sed
866 369 1008 411 robur.
1069 373 1107 411 et
1141 372 1200 411 est
1234 368 1332 412 ordo
1370 368 1408 411 ‘o
1443 370 1598 422 Turne,
1634 372 1762 413 audeo
1792 384 1996 413 occurrere

289 439 476 483 turmae'.

408 512 508 554 503.
560 521 835 554 OCCVRRERE
867 523 1058 554 TVRMAE
1093 511 1321 567 equitatui:
1353 527 1453 554 nam
1484 515 1653 568 partem
1684 528 1762 569 pro
1794 515 1888 556 toto
1919 528 1994 569 po-

290 584 388 626 suit.
446 583 578 626 Varro
610 586 792 625 turmam
823 584 995 638 triyinta
1025 597 1095 625 sex
1124 583 1274 636 equites
1297 585 1451 637 posuit.

242 663 262 695 5
407 654 506 697 506.
561 672 614 698 TV
642 671 765 697 PEDES
800 672 853 698 AD
884 672 1014 698 Mvnos
1043 671 1228 697 SVBSISTE
1266 655 1360 697 bene
1401 654 1601 698 Camillae
1636 656 1773 709 yloria
1812 659 1995 711 auyetur,

287 730 345 781 ut,
375 740 467 768 cum
497 740 588 768 eam
616 727 750 779 faeiat
779 727 995 770 adversum
1024 726 1154 769 hostes
1179 729 1323 769 cuncta
1343 727 1581 780 promittere
1604 741 1707 780 quae
1728 728 1893 780 faciunt
1914 728 1996 770 viri

285 798 422 852 fortes,
452 799 576 840 etiam
611 798 753 840 Turno
785 812 1000 841 murorum
1031 798 1257 840 custodiam
1288 799 1458 840 inducat
1487 797 1785 840 mandantem.⁴

407 870 505 912 507.
558 887 602 913 oo
610 887 700 913 nos
730 887 938 913 HORRENDA
970 886 1016 912 nv
1050 886 1210 914 VIRGINE
1238 887 1308 912 ΗΧ
1316 887 1358 913 Vs
1387 871 1583 924 figyurate:
1614 870 1674 912 vel
1699 870 1832 912 oculos
1855 871 1994 926 fiyens,

287 941 349 984 vel
379 942 486 996 fiscos
515 941 678 984 habens.
742 940 976 984 ‘horrenda'
1008 944 1144 983 autem
1167 956 1249 996 pro
1281 940 1594 992 ‘admirabili-52·
1632 942 1787 995 alioqui
1816 941 1995 984 hostibus

219 1020 263 1052 10
287 1012 502 1056 horrenda.
826 1004 830 1008 ⁴

408 1085 505 1128 508.
557 1096 674 1136 QVAS
701 1096 871 1127 DICERE
899 1096 1077 1128 GRATES
1107 1099 1183 1139 pro
1216 1084 1435 1138 ‘quantas'‚
1459 1099 1688 1139 pronomen
1713 1099 1792 1139 pro
1817 1086 1992 1128 nomine.

288 1159 326 1198 et
350 1156 585 1199 secundum
611 1156 872 1199 rhetoricam
898 1156 1172 1212 disciplinam
1198 1156 1302 1198 dicit
1322 1171 1365 1198 se
1388 1156 1519 1199 verba
1537 1157 1731 1199 invenire
1749 1171 1836 1199 non
1855 1171 1993 1212 posse,

289 1228 443 1283 quibus
484 1227 575 1269 eius
614 1227 828 1283 exprimat
865 1228 1031 1283 laudes,
1070 1243 1166 1270 cum
1205 1227 1363 1270 dixerit
1400 1227 1441 1270 ‘o
1481 1228 1607 1270 decus
1642 1227 1811 1283 Italiae,
1847 1227 1993 1282 viryo':

289 1299 350 1341 sic
387 1299 492 1341 alibi
525 1299 669 1354 <125>
708 1300 895 1355 quibus
934 1300 1077 1342 caelo
1110 1302 1159 1341 te
1191 1299 1431 1341 laudibus
1466 1300 1702 1355 aequem?
1748 1314 1843 1341 cum
1876 1313 1993 1354 prae-

219 1379 261 1410 15
287 1370 454 1413 miserit
486 1385 511 1413 o
541 1370 678 1413 fama
708 1371 912 1427 ingens,
943 1372 1212 1427 ingentior
1243 1371 1399 1413 armis
1432 1372 1514 1414 vir
1544 1370 1777 1414 Troiane.

403 1442 501 1485 509.
551 1454 637 1485 SED
674 1454 799 1485 NVNC
838 1443 942 1485 ordo
981 1444 1047 1485 est
1085 1442 1176 1485 ‘sed
1213 1457 1327 1484 nunc
1364 1457 1530 1485 mecum
1567 1442 1729 1496 partire
1765 1442 1994 1486 laborem':

283 1529 383 1556 nam
427 1528 505 1570 per
542 1515 822 1569 parenthesin
866 1515 1030 1557 dictum
1075 1516 1140 1556 est
1185 1513 1376 1569 ‘quando
1421 1514 1504 1556 iste
1546 1514 1713 1555 animus
1758 1516 1824 1555 est
1862 1528 1993 1569 supra

283 1584 458 1640 omnia',
502 1585 545 1627 id
587 1588 652 1628 est
690 1586 901 1641 siquidem
939 1601 982 1628 es
1021 1586 1319 1641 magnanima,
1357 1589 1432 1627 aut
1466 1599 1595 1639 supra
1626 1599 1763 1628 omnes
1789 1589 1926 1640 yrates
1956 1589 1995 1628 et

281 1670 414 1711 supra
444 1670 561 1699 omne
583 1659 822 1711 praemium
852 1658 960 1711 quod
989 1658 1137 1710 referri
1160 1660 1303 1711 potest.
1349 1656 1539 1712 epartire'
1574 1659 1718 1698 autem
1749 1657 1857 1708 ideo,
1891 1657 1991 1712 quia

214 1736 258 1768 20
283 1728 362 1770 illa
394 1728 564 1771 dixerat
596 1727 790 1784 ‘solaque
823 1728 1073 1784 Tyrrhenos
1107 1728 1270 1784 equites
1302 1728 1364 1771 ire
1398 1728 1527 1770 obvia
1559 1727 1737 1772 contra'.

402 1799 500 1842 511.
552 1817 707 1843 AENEAS
743 1818 792 1843 vr
820 1817 926 1843 FAMA
960 1818 1087 1843 From!
1114 1801 1367 1842 oeconomia:
1405 1801 1632 1842 educuntur
1662 1800 1758 1842 hinc
1787 1800 1916 1852 duces,
1947 1803 1994 1842 ut

283 1875 447 1914 servata
472 1886 611 1915 eorum
635 1872 842 1915 honestate
862 1873 1063 1925 fortitudo
1088 1872 1262 1926 viryinis
1279 1872 1415 1925 possit
1439 1871 1601 1934 induci;
1627 1872 1784 1925 alioqui
1809 1872 1992 1914 indecens

281 1943 422 1996 fuerat
442 1944 730 1998 praesentibus
764 1944 906 1986 Turno
937 1947 975 1986 et
1004 1944 1156 1986 Aenea.

401 2014 500 2059 513.
552 2027 836 2066 QVATERENT
870 2026 1049 2058 eAMPos
1082 2015 1135 2057 ad
1167 2029 1416 2070 camporum
1448 2014 1832 2070 perturbationem.

212 2093 256 2124 25
326 2107 330 2110 ·
403 2086 501 2129 515.
550 2098 707 2128 FVRTA
744 2098 865 2129 PARO
903 2098 1045 2128 BELLI
1083 2085 1279 2128 insidias:
1319 2085 1552 2128 Sallustius
1591 2101 1712 2139 gens
1752 2085 1810 2127 ad
1849 2085 1991 2128 furta

282 2157 410 2200 belli
442 2157 733 2213 peridonea.

402 2227 500 2270 516.
551 2239 702 2271 BIVIAS
735 2239 913 2271 FAVCES
945 2229 1093 2271 fauces
1126 2228 1325 2270 dicuntur
1357 2228 1514 2270 itinera
1545 2228 1656 2270 inter
1688 2229 1794 2271 duos
1820 2230 1989 2271 montes

281 2300 440 2354 locata,
472 2302 660 2355 angusta
692 2302 735 2341 et
766 2300 931 2355 pervia:
967 2300 1082 2342 dicta
1114 2314 1139 2341 a
1170 2299 1358 2341 faucium
1393 2300 1687 2342 similitudine.
1759 2296 1761 2298 ’

401 2370 498 2412 517.
551 2382 781 2414 CONLATIS
808 2363 975 2414 EXOiPE
1004 2382 1156 2413 SIGNIS
1190 2371 1428 2413 coniunctis
1461 2371 1639 2413 ducibus
1672 2385 1778 2426 quos
1804 2386 1990 2414 comme-

375 2502 420 2534 25
447 2498 662 2544 Sallustius]
698 2499 785 2534 hist.
812 2500 828 2534 I
853 2503 897 2536 86
924 2498 967 2534 D.
995 2500 1033 2534 et
1058 2498 1120 2533 Kr.
1157 2498 1171 2544 ΙΙ
1207 2502 1250 2534 27
1277 2499 1404 2534 fauces
1431 2499 1604 2534 dicuntur
1629 2524 1638 2533 .
1659 2527 1666 2534 .
1688 2528 1695 2534 .
1724 2499 1986 2546 similitudine]

281 2557 395 2582 exscr.
421 2546 507 2582 Isid.
535 2558 587 2582 or.
613 2546 699 2582 XIV
724 2550 757 2590 8,
784 2550 830 2582 26

378 2668 396 2699 1
422 2665 555 2701 robore
580 2665 733 2701 testor-io
758 2665 866 2700 turne
893 2664 948 2707 F,
975 2675 1066 2700 corr.
1087 2664 1226 2699 Daniel
1244 2666 1255 2711 ΙΙ
1285 2668 1308 2699 4
1330 2666 1478 2700 turnam
1505 2665 1553 2700 F.
1580 2668 1732 2701 ceterum
1757 2666 1803 2709 of.
1828 2677 1920 2711 quae
1944 2677 1988 2701 ex

284 2712 491 2748 Turonensi
514 2714 564 2749 ad
588 2724 620 2749 v.
641 2716 711 2749 500
736 2713 912 2758 exscripsi
929 2713 942 2757 ΙΙ
961 2715 981 2747 5
1009 2711 1188 2747 Camillae
1214 2713 1362 2757 scripsi:
1389 2724 1434 2748 ex
1459 2713 1562 2748 mille
1582 2713 1623 2748 F
1658 2724 1703 2749 ex
1726 2713 1881 2749 muliere
1906 2713 1986 2748 Da-

279 2761 355 2796 niel
373 2761 384 2807 ΙΙ
405 2765 425 2796 6
451 2771 525 2805 qua
549 2760 590 2795 F
604 2762 616 2807 ΙΙ
641 2764 662 2796 8
689 2761 738 2796 ad
763 2772 893 2796 oovnos
918 2772 953 2794 n.
974 2772 997 2796 1.
1020 2773 1053 2795 v.
1074 2773 1104 2794 r.
1131 2771 1158 2795 s.
1179 2771 1211 2796 v.
1237 2760 1396 2805 figurate
1424 2789 1431 2796 .
1455 2790 1461 2796 .
1483 2789 1491 2796 .
1517 2761 1669 2796 habens.
1707 2760 1894 2796 horrenda
1919 2761 1986 2796 ad—

280 2807 444 2842 mirabili
469 2807 611 2853 alioqui
635 2807 822 2843 horrenda
849 2806 992 2843 scilicet
1016 2806 1187 2842 hostibus
1211 2807 1372 2843 terribili
1395 2809 1428 2843 Τ
1444 2810 1455 2854 ΙΙ
1477 2812 1518 2843 11
1539 2809 1589 2844 ad
1608 2820 1696 2848 QvAs
1716 2818 1743 2843 s.
1762 2819 1794 2843 v.
1815 2809 1985 2852 quantas,

280 2856 329 2890 ad
354 2867 484 2889 DICERE
509 2865 537 2891 s.
563 2867 595 2891 v.
624 2854 747 2891 dicere
772 2866 838 2900 pro
864 2854 1122 2901 praesentibus
1147 2855 1337 2891 beneficiis
1367 2856 1400 2890 T
1427 2857 1440 2902 ΙΙ
1475 2867 1543 2901 pro
1570 2855 1787 2901 pronomine
1812 2854 1867 2899 F,
1893 2866 1984 2890 corr.

278 2902 522 2937 Burmannus
549 2904 561 2949 ΙΙ
594 2906 637 2938 12
665 2914 703 2938 se
729 2913 795 2938 om.
821 2902 895 2938 AS
923 2903 934 2949 ΙΙ
969 2906 1010 2937 13
1037 2902 1211 2947 exprimit
1236 2903 1286 2937 M
1310 2904 1322 2948 ΙΙ
1355 2907 1398 2939 18
1425 2903 1565 2949 omnia]
1593 2902 1799 2948 praemium
1823 2902 1907 2938 add.
1936 2902 1985 2946 F,

279 2950 408 2986 delevit
429 2950 637 2986 Masvicius
655 2952 666 2996 [1
685 2949 942 2997 magnanima]
967 2961 1104 2995 magna
1124 2950 1212 2985 RH
1226 2952 1237 2994 ΙΙ
1257 2952 1321 2985 aut
1345 2962 1423 2996 eqo:
1449 2952 1492 2986 ut
1511 2951 1551 2985 F
1566 2951 1580 3004 Ι]
1597 2950 1739 2996 grates]
1766 2950 1896 2995 gentes
1916 2950 1951 2985 G
1975 2950 1984 2996 Η

279 2998 329 3033 ad
363 3009 519 3032 Rursum
547 3008 574 3033 s.
600 3009 631 3034 v.
658 2997 794 3033 referre
826 3009 894 3043 pro
925 2997 1154 3043 praeteritis,
1187 2999 1236 3033 acl
1267 3010 1408 3038 Qvanno
1438 3010 1465 3034 s.
1493 3009 1523 3034 v.
1551 2996 1752 3042 mquidem,
1785 2998 1834 3032 ad
1858 3007 1889 3032 v.
1916 3001 1985 3033 510

281 3055 394 3090 supra
426 3044 551 3080 omnia
581 3043 621 3080 id
654 3046 711 3080 est
742 3044 982 3090 magnanima
1012 3055 1061 3079 es.
1095 3044 1172 3080 siue
1207 3056 1316 3091 super
1348 3057 1475 3081 omnes
1510 3045 1635 3090 grates
1669 3043 1747 3079 siue
1780 3055 1890 3089 supra
1919 3072 1926 3080 .
1948 3074 1955 3081 .
1977 3071 1985 3079 .

278 3093 405 3137 potest
428 3092 462 3126 Τ
474 3093 487 3137 ΙΙ
511 3096 556 3128 20
581 3091 648 3127 ille
667 3092 756 3127 HF
771 3094 783 3139 Π
808 3096 852 3128 21
878 3104 905 3129 s.
925 3103 957 3128 v.
984 3094 1051 3126 511
1077 3091 1177 3126 bona
1202 3092 1419 3128 oeconomia
1444 3092 1651 3128 educuntur
1678 3120 1685 3128 .
1707 3120 1715 3128 .
1737 3118 1744 3126 .
1771 3102 1887 3127 aenea
1920 3091 1954 3126 T
1976 3092 1986 3136 Η

279 3139 487 3175 educuntur
510 3139 614 3186 hine]
641 3140 666 3175 i.
687 3151 713 3175 e.
740 3152 764 3175 a
783 3141 906 3176 ceteris
929 3140 1173 3183 seiunyuntur
1192 3141 1203 3186 [Ι
1231 3144 1275 3175 22
1295 3140 1437 3187 induci]
1465 3139 1617 3184 agnosci
1642 3139 1675 3174 T
1688 3140 1700 3185 ΙΙ
1730 3138 1898 3184 alioquin
1919 3139 1953 3174 G
1971 3138 1983 3185 ΙΙ

278 3190 322 3222 25
350 3187 458 3234 gens]
485 3197 598 3233 agens
616 3187 706 3222 RH
719 3189 732 3232 ΙΙ
763 3187 888 3223 futura
911 3187 957 3222 H
975 3187 988 3233 ΙΙ
1018 3189 1063 3222 28
1089 3186 1228 3234 locata]
1256 3188 1339 3224 loca
1364 3188 1401 3223 R
1438 3187 1563 3223 locata
1587 3187 1625 3222 et
1649 3187 1693 3222 H
1714 3188 1726 3233 ΙΙ
1753 3190 1798 3221 29
1824 3187 1874 3223 ad
1899 3196 1983 3223 con-

279 3245 381 3270 mus
406 3247 438 3270 E.
460 3247 487 3271 s.
514 3246 542 3271 s.
562 3246 593 3272 v.
622 3235 675 3270 sic
700 3234 895 3271 dicebatur
920 3263 928 3271 .
950 3263 958 3272 .
980 3261 988 3270 .
1014 3234 1110 3270 esset
1138 3234 1172 3269 T
1273 3260 1276 3263 -
