2124 3600
760 818 1246 870 PRAEFATIO.

271 1014 468 1067 Codices,
501 1027 606 1068 quos
640 1011 693 1053 ad
725 1011 937 1052 librorum
970 1007 1178 1052 VI-——XII
1211 1007 1544 1050 commentarios
1576 1003 1861 1048 recensendos

153 1086 350 1141 adhibui,
389 1102 428 1142 p.
462 1085 484 1127 1
519 1082 863 1127 commemoravi.
928 1079 1425 1122 Autissiodorensi
1458 1076 1538 1135 (G)
1573 1093 1658 1133 qua
1694 1075 1863 1118 ratione

153 1174 255 1201 usus
290 1159 371 1200 sim
402 1157 532 1213 paulo
566 1154 807 1198 accuratius
848 1152 1148 1208 explicandum
1187 1166 1279 1193 esse
1318 1151 1460 1193 video:
1499 1165 1599 1191 nam
1639 1163 1748 1204 quae
1779 1148 1805 1190 l.
1838 1148 1864 1189 l.

154 1230 204 1272 (16
238 1245 288 1272 ea
318 1244 364 1271 re
397 1228 484 1270 dixi
517 1228 569 1269 ad
601 1226 736 1269 libros
769 1224 843 1267 VI.
875 1226 918 1266 et
950 1223 1048 1266 VII.
1068 1223 1313 1279 pertinent,
1345 1223 1388 1264 in
1422 1222 1578 1278 quibus
1611 1236 1662 1263 ex
1695 1219 1865 1275 Hageni

153 1302 383 1344 collatione
416 1299 574 1342 codicis
603 1297 852 1340 testimonia
878 1295 986 1337 dedi.
1037 1295 1135 1337 inde
1162 1295 1215 1337 ab
1244 1297 1396 1336 octavo
1423 1294 1534 1335 libro
1562 1295 1609 1334 ut
1634 1291 1865 1334 Danielina

153 1373 336 1427 scholia,
375 1387 483 1428 quae
522 1370 692 1426 quidem
728 1369 772 1410 in
805 1367 1175 1410 Autissiodorensi
1209 1368 1359 1408 extant
1390 1363 1461 1422 (cf.
1495 1363 1629 1420 praef.
1661 1379 1701 1418 p.
1733 1360 1865 1419 LXI),

153 1444 244 1500 ipse
276 1459 446 1500 possem
482 1442 696 1496 conferre,
735 1439 892 1482 eximia
932 1438 1139 1494 praefecti
1173 1438 1463 1481 bibliothecae
1495 1435 1727 1479 Beruensis
1760 1435 1863 1476 libe-

153 1515 325 1557 ralitate
352 1515 551 1557 effectum
577 1516 653 1568 est,
680 1512 754 1568 qui
780 1512 834 1554 ab
860 1509 1044 1566 Hageno
1072 1525 1167 1553 mea
1194 1525 1323 1552 causa
1353 1510 1532 1565 rogatus
1565 1508 1678 1550 hunc
1705 1506 1863 1548 librum

155 1601 250 1629 cum
273 1587 513 1629 Turonensi
533 1585 868 1640 Heidelbergam
889 1583 1022 1625 misit.
1065 1597 1118 1625 ne
1146 1581 1469 1625 adnotationem
1496 1579 1710 1622 inutiliter
1739 1591 1865 1633 auge-

155 1674 263 1711 rem,
295 1674 403 1714 quae
437 1658 602 1701 scholia
634 1657 766 1699 codex
798 1655 994 1710 haberet,
1027 1654 1069 1697 id
1096 1655 1209 1711 quod
1236 1654 1280 1696 in
1306 1653 1450 1710 priore
1477 1651 1588 1694 sexti
1617 1650 1715 1692 libri
1741 1652 1864 1705 parte

153 1730 429 1773 indicandum
455 1745 548 1772 esse
574 1729 716 1771 visum
744 1730 826 1783 est,
857 1742 944 1769 non
974 1726 1179 1780 indicavi,
1211 1740 1348 1781 neque
1375 1724 1449 1766 ubi
1475 1738 1572 1766 cum
1598 1721 1865 1765 Floriacensi

155 1802 371 1844 consentit
402 1817 499 1843 eum
532 1815 789 1843 consensum
822 1798 1081 1855 significavi,
1115 1797 1188 1839 sed
1222 1797 1328 1839 satis
1359 1795 1493 1837 habui
1526 1810 1575 1838 ea
1605 1809 1712 1850 quae
1740 1794 1866 1836 aliter

155 1877 283 1928 atque
328 1873 374 1914 in
412 1872 675 1915 Floriacensi
719 1871 879 1926 scripta
924 1872 1041 1925 sunt,
1085 1868 1333 1924 protulisse.
1394 1867 1542 1923 itaque
1582 1881 1632 1908 ea
1670 1866 1864 1908 Danielis

146 1944 340 2000 ¹scholia,
373 1944 423 1985 de
457 1944 613 1998 quibus
645 1942 755 1984 nihil
788 1957 837 1983 ex
871 1940 1240 1983 Autissiodorensi
1274 1939 1497 1993 adnotavi,
1535 1940 1610 1980 aut
1642 1938 1788 1980 deesse
1820 1938 1864 1979 in

155 2031 204 2058 eo
249 2016 392 2058 codice
443 2018 517 2057 aut
561 2013 800 2057 consentire
853 2027 949 2054 cum
992 2011 1258 2054 Floriacensi
1301 2010 1640 2066 intellegendum
1685 2011 1761 2051 est.
1809 2033 1863 2038 -—-

155 2087 478 2143 Lipsiensem
511 2086 699 2129 codicem
732 2099 865 2140 usque
899 2084 952 2126 ad
983 2083 1064 2138 XI,
1091 2085 1146 2127 28
1180 2083 1356 2126 contuli.

275 2158 532 2201 Gratissimo
560 2158 704 2200 animo
733 2156 939 2213 profiteor
960 2155 1277 2198 Fridericum
1303 2153 1527 2207 86110611,
1554 2152 1626 2208 qui
1653 2151 1695 2193 in
1722 2151 1865 2206 priore

156 2230 373 2274 volumine
406 2228 654 2272 adornando
687 2232 730 2271 et
762 2228 942 2271 consilio
975 2230 1018 2269 et
1049 2227 1165 2270 facto
1197 2242 1263 2268 me
1292 2225 1474 2280 adiuvit,
1505 2225 1550 2266 in
1583 2224 1664 2266 hac
1697 2238 1864 2278 quoque

156 2303 296 2357 operis
320 2305 445 2357 parte
471 2301 570 2344 inde
592 2316 616 2344 a
637 2300 822 2356 septimo
848 2299 960 2342 libro
988 2314 1084 2342 cum
1111 2298 1301 2355 plagulis
1323 2296 1585 2353 corrigendis
1613 2298 1704 2350 tum
1725 2309 1863 2336 emen·

155 2374 306 2416 dandis
344 2374 675 2416 scholiastarum
716 2371 856 2414 verbis
889 2372 1125 2413 maximum
1158 2371 1263 2412 mihi
1296 2369 1447 2412 tulisse
1481 2368 1700 2411 auxilium.
1764 2366 1865 2408 dum

155 2446 461 2501 quaterniones
481 2444 679 2499 IX—XI‚
696 2442 1110 2486 XXXI—XXXVII
1130 2443 1437 2498 imprimuntur
1458 2455 1555 2483 cum
1579 2438 1866 2494 Heidelberga

156 2516 339 2571 abesset,
372 2531 663 2572 quaecumque
696 2517 741 2558 in
770 2516 839 2558 his
870 2514 1055 2557 correxit
1081 2516 1124 2556 et
1150 2514 1275 2556 aliter
1302 2516 1429 2568 atque
1457 2526 1537 2568 ego
1564 2510 1866 2554 constituenda

156 2601 248 2629 esse
281 2588 471 2642 putavit,
502 2587 602 2630 huic
634 2588 728 2630 loco
762 2585 1020 2629 reservanda
1051 2588 1185 2628 erant.
1233 2585 1306 2627 sed
1339 2585 1463 2626 nerin
1490 2582 1665 2638 reliquis
1693 2582 1865 2637 quidem

158 2658 512 2714 quaternionibus
544 2659 629 2701 nisi
663 2658 916 2714 typothetae
948 2657 1123 2713 negotio
1156 2658 1270 2699 ultra
1302 2656 1477 2699 modum
1510 2657 1634 2697 aucto
1667 2654 1760 2695 fieri
1792 2668 1867 2708 po-

155 2731 258 2784 tuit,
292 2732 339 2771 ut
370 2731 514 2772 omnia
540 2745 647 2786 quae
674 2730 745 2771 ille
771 2730 995 2771 invenerat
1021 2729 1109 2770 suis
1137 2729 1242 2771 locis
1271 2726 1539 2770 adnotationi
1566 2726 1865 2768 insererentur.

156 2801 254 2843 inde
288 2801 394 2843 satis
428 2815 586 2857 magna
619 2801 909 2844 addendorum
943 2800 1068 2856 copia
1099 2799 1256 2842 extitit.
1304 2798 1419 2854 quod
1444 2798 1690 2853 praeclaras
1718 2796 1865 2839 Otto-

156 2873 235 2914 nis
273 2872 401 2915 Iahn
447 2873 786 2928 emendationes,
831 2873 873 2914 in
914 2871 1134 2914 Leutschii
1172 2871 1402 2927 Philologo
1448 2870 1585 2912 editas
1630 2870 1673 2911 in
1716 2869 1864 2911 critico

158 2946 465 2987 commentario
504 2945 793 3000 praetermisi,
837 2944 928 2986 eius
969 2943 1270 3000 neglegentiae
1312 2941 1507 2984 conscius
1547 2940 1715 2983 veniam
1755 2942 1865 2995 peto.

276 3017 366 3059 Lib.
394 3016 465 3058 VI.
492 3031 536 3070 p.
569 3017 614 3070 8,
640 3017 697 3058 20
736 3031 867 3071 quam
900 3050 907 3057 .
935 3049 943 3057 .
971 3048 979 3057 .
1013 3015 1307 3058 condiderunt.
1361 3017 1410 3056 ut
1447 3028 1580 3068 supra
1618 3013 1671 3055 ab
1711 3011 1865 3063 insula,

159 3103 271 3130 nunc
299 3103 323 3129 a
349 3088 523 3130 civitate
550 3088 790 3130 nominavit
814 3088 874 3130 vel
900 3086 1017 3129 dedit
1044 3086 1267 3141 epitheton
1286 3086 1510 3129 Schoellius
1533 3085 1546 3139 ΙΙ
1562 3099 1606 3138 p.
1627 3084 1666 3137 9,
1682 3083 1734 3124 21
1757 3080 1864 3136 Hip-

159 3158 411 3214 pophorbas
432 3159 601 3201 Aethlii
625 3160 686 3202 vel
711 3158 849 3213 Elati,
880 3158 981 3200 Idas
1003 3157 1204 3213 Arcadis,
1231 3157 1518 3199 Antimachus
1539 3152 1748 3207 Euandri,
1778 3151 1864 3193 Me-

162 3226 305 3272 n'estes
339 3229 531 3273 Suniatis
562 3232 623 3274 vel
654 3229 819 3285 Suniei,
856 3229 1040 3272 Pidocus
1074 3229 1382 3282 Rhamnuntis,
1416 3227 1653 3269 Demoleon
1686 3223 1864 3279 Cydami
