2124 3600
850 274 1135 313 PRAEFATIO.
1818 289 1849 319 v

137 400 284 433 τοισιν
314 386 650 444 διηνεκέεσσι
673 387 687 442 ΙΙ
715 401 760 442 p.
786 386 962 442 229,16
997 386 1107 428 alius
1139 385 1202 429 ita
1233 385 1392 441 inquit:
1425 385 1570 441 imago
1603 385 1721 429 vocis
1754 399 1849 428 eva-

139 460 259 516 dens,
299 474 560 516 quamquam
592 458 755 502 relictis
789 458 988 514 collibus,
1025 456 1246 500 inauditur
1277 456 1520 512 Sclioeltius,
1551 460 1598 499 ut
1626 456 1691 500 his
1720 457 1851 499 verbis

138 532 272 575 Servii
302 531 500 575 dubitatio
533 529 590 587 (si
623 530 737 573 enim
765 563 774 572 .
796 564 804 572 .
825 563 835 573 .
861 529 915 572 ab
941 528 1146 585 Hercule)
1178 529 1388 582 refutetur.
1437 529 1511 571 sub
1542 529 1743 583 corruptis
1774 528 1848 571 alii

138 604 200 646 ita
229 617 350 658 posse
380 606 418 645 et
449 603 681 657 interpretis
710 615 857 644 nomen
889 602 1013 645 latere
1048 601 1061 656 ΙΙ
1099 616 1141 655 p.
1174 601 1280 656 243,
1305 601 1333 643 2
1373 600 1434 643 sic
1465 599 1671 643 Deianira
1701 601 1809 643 idem
1839 597 1850 657 Η

130 690 174 731 p.
202 676 300 731 244,
325 675 379 717 15
405 675 615 717 Bursiani
644 674 916 731 coniecturam
949 674 1008 716 ita
1030 672 1204 728 perfecit
1228 672 1470 724 Schoellius,
1501 675 1547 714 ut
1579 672 1649 714 hio
1675 671 1849 714 Faunus

137 747 343 790 habuisse
369 746 504 789 filiam
531 745 685 788 dicitur
706 745 891 789 Romam
923 746 1033 787 mira
1065 745 1266 787 castitate
1300 747 1343 786 et
1375 744 1615 799 disciplinis
1649 743 1849 786 omnibus

137 819 350 861 eruditam
375 818 583 861 scriberet:
607 817 716 872 quod
737 818 983 871 recepissem,
1007 817 1045 859 si
1062 817 1315 871 illacrobius,
1340 817 1413 870 qui
1437 815 1525 859 Sat.
1545 816 1565 858 I
1588 816 1655 871 12,
1675 816 1849 858 21—29

136 892 184 933 de
202 890 328 932 Bona
347 889 443 933 Dea
467 890 599 932 multa
621 889 810 943 protulit,
837 888 995 932 Romae
1019 902 1166 931 nomen
1191 891 1550 931 commemorasset.
1582 885 1651 944 (ef.
1665 901 1850 943 praeser-

139 963 212 1005 tim
239 963 265 1015 ἓ
292 959 380 1017 27.)
411 975 480 1015 eqo
511 960 714 1003 eximiam
747 961 947 1003 castitate
972 973 1271 1015 proposueram
1295 959 1309 1015 ΙΙ
1325 975 1369 1015 p.
1391 960 1490 1015 247,
1513 960 1566 1002 16
1598 974 1666 1015 eqo
1697 974 1718 1002 e
1751 960 1848 1003 Var-

136 1048 233 1077 rone
264 1038 301 1077 d.
333 1034 357 1076 t.
391 1033 416 1075 l.
450 1032 488 1075 V
521 1033 578 1076 30
611 1031 750 1075 Varro
782 1032 974 1075 Tiberim
1008 1047 1032 1075 a
1064 1032 1225 1074 Thebri
1264 1032 1451 1087 quodam
1483 1032 1640 1084 Tusco,
1679 1032 1752 1088 qui
1790 1031 1852 1074 ibi

138 1105 330 1162 perierit,
356 1105 519 1147 dictum
545 1103 680 1146 tradit
704 1105 965 1160 scripseram,
994 1105 1064 1147 sed
1085 1118 1160 1147 suo
1185 1105 1277 1146 iure
1301 1103 1526 1147 Schoetlius
1551 1104 1618 1146 vel
1645 1119 1670 1147 a
1695 1104 1853 1147 mutari

49 1171 51 1173 ’
137 1178 282 1220 vetuit:
309 1178 434 1219 immo
460 1177 636 1219 alteram
663 1177 865 1219 Varronis
883 1178 931 1219 de
953 1176 1111 1219 Tiberis
1135 1177 1300 1219 nomine
1325 1177 1566 1218 memoriam
1592 1176 1853 1230 intercidisse,

137 1252 185 1291 ut
213 1249 486 1303 reponendum
517 1249 572 1291 sit
601 1248 669 1291 vel
701 1263 726 1290 a
758 1247 961 1290 Tiberino
994 1247 1251 1290 Latinorum
1283 1262 1402 1304 rege,
1436 1248 1510 1304 qui
1540 1248 1603 1291 ibi
1635 1248 1813 1303 perierit
1843 1246 1854 1303 Η

128 1335 174 1375 p.
197 1321 294 1375 249,
315 1320 372 1362 20
404 1320 648 1376 adplicatur
672 1320 733 1362 vel
759 1319 947 1375 adplicat
979 1322 1027 1362 ut
1053 1319 1166 1376 quod
1192 1319 1417 1362 Schoellius
1440 1321 1454 1375 ΙΙ
1470 1335 1515 1374 p.
1535 1320 1634 1375 249,
1656 1320 1714 1362 24
1739 1319 1853 1376 quod

139 1394 207 1435 est
230 1392 392 1447 verius,
422 1405 527 1447 quae
551 1395 611 1435 est
634 1390 768 1434 ASF
795 1392 993 1435 librorum
1023 1392 1241 1447 scriptura,
1267 1391 1402 1435 Servii
1432 1406 1513 1435 esse
1544 1399 1674 1435 censet
1702 1393 1809 1434 idem
1843 1390 1853 1424 ³}

131 1478 175 1518 p.
196 1463 296 1519 250,
320 1465 340 1505 1
376 1478 426 1506 eo
459 1463 574 1519 quod
600 1478 730 1519 capro
757 1463 797 1506 ei
822 1463 889 1519 fit,
922 1478 1031 1520 quae
1064 1466 1131 1506 est
1160 1463 1306 1506 hostia
1332 1462 1475 1506 Liberi
1508 1464 1684 1519 propria
1709 1465 1816 1506 idem
1844 1475 1854 1516 ,ς

130 1550 174 1590 p.
196 1535 294 1591 251,
318 1534 372 1578 15
403 1536 635 1592 quaesivit,
669 1550 724 1577 an
756 1535 989 1591 quoiquam
1023 1535 1197 1578 obviam
1229 1534 1415 1578 fuissent
1444 1537 1551 1579 idem
1575 1536 1588 1591 ΙΙ
1610 1550 1655 1590 p.
1676 1536 1776 1591 256,
1801 1536 1854 1578 10

137 1607 256 1650 verba
281 1621 385 1661 quae
408 1610 506 1650 sunt
536 1622 586 1649 ex
621 1621 669 1649 eo
703 1606 815 1663 quod
844 1621 934 1650 non
959 1607 1153 1650 timuerit
1182 1621 1291 1650 sana
1315 1621 1397 1650 esse
1414 1611 1540 1662 putat
1564 1608 1689 1660 idem,
1720 1607 1854 1661 eisque

138 1679 396 1722 enuntiatum
426 1680 568 1733 finiri:
600 1693 724 1733 quam
757 1679 1061 1722 distinctionem
1091 1680 1231 1734 recepi.
1275 1682 1371 1722 ante
1401 1694 1514 1721 nune
1543 1713 1578 1723 ..
1602 1713 1610 1722 .
1643 1678 1766 1721 venio
1799 1680 1855 1721 ad

138 1765 185 1792 ea
215 1764 318 1804 qitae
342 1751 593 1805 praecedunt
622 1751 853 1793 retuleram.
889 1751 902 1807 ΙΙ
936 1766 982 1805 p.
1014 1752 1112 1807 260,
1137 1751 1165 1794 5
1199 1754 1242 1793 et
1284 1751 1518 1794 secundum
1550 1751 1739 1793 Plinium
1772 1786 1779 1794 .
1808 1785 1817 1794 .
1847 1785 1853 1792 .

138 1822 279 1864 reddit
311 1822 475 1865 colores
509 1836 632 1866 exscr.
664 1822 861 1878 mythoyr.
894 1822 960 1865 III
987 1823 1027 1878 8,
1055 1823 1110 1865 14
1134 1822 1147 1878 ΙΙ
1174 1837 1219 1877 p.
1252 1822 1351 1876 265,
1377 1822 1404 1865 5
1438 1823 1540 1878 quia
1571 1822 1735 1865 fulmen
1766 1837 1854 1865 non

140 1893 226 1935 nisi
257 1893 484 1935 trisulcum
517 1896 599 1936 est:
633 1896 708 1936 aui:
740 1895 856 1937 enim
889 1895 1082 1938 terebrat
1113 1898 1188 1937 aut
1219 1894 1411 1937 incendit
1438 1897 1480 1936 et
1507 1895 1594 1937 urit
1620 1897 1694 1936 aut
1726 1894 1851 1936 dissi-

139 1968 214 2020 pat
244 1964 539 2008 Schmeisserus
565 1966 589 2008 l.
611 1966 635 2008 l.
648 1980 694 2020 p.
714 1966 769 2008 27
796 1966 809 2021 ΙΙ
825 1980 870 2020 p.
890 1967 990 2021 267,
1009 1967 1036 2009 3
1069 1977 1253 2010 RAP1DIS
1287 1967 1384 2009 citis
1411 1966 1634 2010 Sclioellius
1657 1966 1670 2021 ΙΙ
1691 1980 1732 2020 p.
1753 1967 1853 2021 273,

143 2037 195 2078 16
227 2037 271 2078 in
311 2051 360 2079 eo
400 2039 467 2079 est
507 2038 621 2079 enim
661 2051 877 2093 serenum,
916 2037 1030 2093 quod
1069 2053 1141 2080 aer
1180 2038 1373 2094 aperitur
1409 2039 1526 2081 idem.
1570 2038 1620 2091 cf.
1653 2037 1766 2080 Serv.
1799 2039 1856 2080 ad

134 2122 266 2163 yeory.
297 2107 318 2149 I
344 2109 429 2151 393
455 2108 468 2164 ΙΙ
493 2123 539 2163 p.
572 2110 671 2164 277,
697 2110 723 2151 2
756 2109 871 2165 quod
902 2109 1156 2153 secluseram.
1206 2109 1448 2162 Schoeltius,
1481 2125 1576 2152 cum
1710 2111 1853 2152 osten-

138 2180 213 2222 dat
242 2193 293 2222 ne
316 2181 373 2223 ad
401 2180 722 2236 reprehendunt
746 2181 981 2234 referantur
1005 2182 1226 2224 cavendum
1251 2195 1334 2224 esse
1358 2182 1609 2237 intellcyens,
1640 2185 1716 2224 aut
1740 2181 1853 2237 quod

137 2252 401 2308 servandum,
432 2256 508 2295 aut
537 2267 612 2295 cur
641 2253 897 2296 scribendum
929 2267 1016 2296 esse.
1041 2254 1204 2296 monuit
1235 2254 1249 2309 ΙΙ
1276 2268 1321 2308 p.
1354 2255 1454 2309 277,
1490 2254 1543 2297 18
1579 2254 1854 2296 Turonensem

138 2323 395 2377 interpretem
426 2324 498 2367 hoc
526 2325 699 2367 votuisse
729 2325 832 2368 coni.
857 2325 1080 2368 Schoellius
1112 2325 1264 2368 deinde
1295 2326 1409 2368 infra
1442 2326 1559 2368 dedit
1590 2327 1852 2381 potestatem

139 2395 399 2438 obffinendae
430 2396 678 2453 provinciae
711 2395 820 2452 ‘ipse
853 2399 1108 2440 oratores-e.
1128 2412 1165 2452 q.
1184 2411 1214 2441 s.
1240 2397 1254 2452 ΙΙ
1270 2412 1315 2452 p.
1342 2398 1443 2452 291,
1463 2398 1520 2440 22
1552 2413 1606 2440 ne
1638 2397 1853 2440 castitatis

138 2466 300 2509 famam
327 2467 543 2510 castitatis
570 2482 728 2523 amore,
747 2469 1027 2512 Floriaeensis
1045 2470 1305 2524 scripturam,
1323 2469 1510 2523 praefert
1528 2470 1633 2512 idem
1658 2470 1672 2524 ΙΙ
1687 2484 1733 2524 p.
1754 2455 1854 2524 295,

142 2539 196 2581 12
228 2539 351 2595 virga
382 2539 536 2595 rigabis
568 2540 675 2582 idem
698 2540 712 2595 ΙΙ
728 2555 773 2594 p.
800 2541 899 2596 300,
925 2542 954 2583 4
986 2542 1040 2584 ab
1075 2555 1223 2597 aegro,
1254 2538 1395 2599 ὑπτίῳ
1427 2543 1574 2596 partu,
1606 2541 1650 2583 id
1682 2544 1748 2600 est
1781 2541 1854 2596 qui

141 2624 165 2651 a
197 2610 377 2664 pedibus
408 2611 601 2653 nascitur
631 2612 738 2655 idem
762 2611 776 2667 ΙΙ
804 2627 848 2666 p.
875 2614 974 2668 303,
1005 2614 1056 2656 18
1091 2614 1214 2656 aiunt
1244 2614 1389 2668 plures
1424 2612 1703 2669 Cleopatram
1736 2614 1853 2656 idem.

170 2702 173 2703 ⁷
258 2682 349 2724 Lib.
368 2681 440 2725 IX.
458 2697 504 2736 p.
523 2683 622 2735 309,
643 2685 669 2725 3
703 2684 937 2727 secundum
970 2684 1207 2728 Hesiodum
1241 2687 1415 2740 poetam
1447 2685 1732 2728 Thaumantis
1764 2685 1854 2727 filia

139 2752 365 2796 Schoellius
400 2754 414 2808 ΙΙ
449 2768 492 2807 p.
525 2755 611 2797 312
643 2755 750 2798 inter
789 2756 1024 2799 secundum
1056 2760 1094 2799 et
1122 2756 1337 2799 Melonem
1369 2758 1572 2811 quaedam
1602 2758 1854 2799 intercidisse

139 2828 269 2868 censet
292 2826 417 2880 idem,
443 2825 566 2868 veluti
589 2826 686 2869 haec
711 2827 943 2870 secundum
970 2827 1079 2870 alios
1106 2829 1258 2884 tribus,
1285 2827 1355 2885 (ef.
1374 2829 1518 2872 deinde
1543 2829 1617 2884 qui
1641 2833 1789 2871 tamen
1809 2830 1852 2870 eb

139 2896 232 2951 ipse
258 2911 288 2939 e.
307 2911 343 2951 q.
363 2894 416 2954 s.)
443 2897 676 2940 secundum
695 2899 915 2941 Titianum
941 2902 1058 2942 octo:
1091 2904 1134 2942 et
1153 2899 1300 2957 Nilus,
1326 2916 1453 2957 quem
1478 2900 1612 2944 latine
1639 2900 1851 2943 dicebant.

142 2981 243 3010 nam
266 2968 427 3011 Melam
459 2968 584 3011 latere
605 2970 678 3012 sub
699 2969 949 3026 ‘Melonem',
980 2972 1123 3014 multis
1153 2973 1200 3015 de
1231 2974 1367 3016 causis
1391 2987 1475 3015 non
1494 2986 1613 3027 posse
1632 2973 1814 3026 probari.

132 3053 177 3093 p.
210 3040 313 3093 318,
346 3040 404 3082 24
435 3041 614 3083 verbum
646 3041 697 3083 de
730 3042 899 3098 origine
932 3056 1028 3084 cum
1060 3046 1182 3085 motu
1214 3045 1321 3086 idem
1362 3044 1377 3099 ΙΙ
1410 3058 1455 3098 p.
1488 3045 1592 3096 323,
1626 3044 1679 3086 27
1715 3057 1852 3095 mane,

141 3111 346 3166 quoniam
379 3111 463 3154 diei
494 3111 577 3154 hoc
603 3112 833 3167 optimum,
866 3113 981 3169 quod
1008 3114 1271 3157 matutinum
1303 3116 1421 3159 idem.
1453 3116 1503 3168 cf.
1524 3116 1581 3157 ad
1600 3114 1703 3157 Aen.
1724 3113 1743 3154 I
1767 3113 1850 3155 139

139 3185 178 3223 et
214 3182 347 3225 Varro
377 3184 415 3225 d.
448 3183 473 3225 l.
506 3184 529 3225 l.
562 3183 625 3226 VI
657 3184 695 3226 4.
736 3183 822 3226 diei
851 3186 982 3239 recepi
1017 3185 1031 3240 ΙΙ
1060 3200 1104 3239 p.
1137 3186 1237 3241 335,
1264 3187 1322 3229 30
1353 3187 1528 3242 proprie
1561 3186 1674 3227 enim
1708 3184 1852 3238 ‘super

141 3247 226 3294 his‘s’
259 3252 353 3307 ‘pro
385 3253 469 3296 his’
502 3254 720 3311 significat
750 3254 974 3299 Schoetlius
997 3257 1099 3300 conl.
1124 3257 1234 3300 Serv.
1260 3259 1316 3300 ad
1339 3259 1443 3300 Aen.
1464 3257 1527 3300 IV
1547 3256 1632 3299 233
1657 3256 1671 3310 ΙΙ
1687 3269 1731 3309 p.
1753 3256 1850 3311 338,
