<?xml version="1.0" encoding="UTF-8"?>
<!DOCTYPE html PUBLIC "-//W3C//DTD XHTML 1.0 Transitional//EN"
    "http://www.w3.org/TR/xhtml1/DTD/xhtml1-transitional.dtd">
<html xmlns="http://www.w3.org/1999/xhtml" xml:lang="en" lang="en">
 <head>
  <title>
</title>
<meta http-equiv="Content-Type" content="text/html;charset=utf-8" />
  <meta name='ocr-system' content='tesseract 3.04.00' />
  <meta name='ocr-capabilities' content='ocr_page ocr_carea ocr_par ocr_line ocrx_word'/>
</head>
<body>
  <div class='ocr_page' id='page_1' title='image "./invergiliicarmin02servuoft_0189.png"; bbox 0 0 2092 3614; ppageno 0'>
   <div class='ocr_carea' id='block_1_1' title="bbox 497 271 1779 314">
    <p class='ocr_par' dir='ltr' id='par_1_1' title="bbox 497 271 1779 314">
     <span class='ocr_line' id='line_1_1' title="bbox 497 271 1779 314; baseline -0.002 -5"><span class='ocrx_word' id='word_1_1' title='bbox 497 271 648 310; x_wconf 83' lang='lat' dir='ltr'>COMM.</span> <span class='ocrx_word' id='word_1_2' title='bbox 676 272 727 308; x_wconf 89' lang='lat' dir='ltr'>IN</span> <span class='ocrx_word' id='word_1_3' title='bbox 753 271 896 308; x_wconf 81' lang='lat' dir='ltr'>VERG.</span> <span class='ocrx_word' id='word_1_4' title='bbox 923 272 1034 307; x_wconf 85' lang='lat' dir='ltr'><strong>AEN.</strong></span> <span class='ocrx_word' id='word_1_5' title='bbox 1060 271 1129 307; x_wconf 86' lang='lat' dir='ltr'>VII</span> <span class='ocrx_word' id='word_1_6' title='bbox 1155 277 1352 309; x_wconf 80' lang='lat'>615—637.</span> <span class='ocrx_word' id='word_1_7' title='bbox 1692 271 1779 314; x_wconf 78' lang='lat'>175</span> 
     </span>
    </p>
   </div>
   <div class='ocr_carea' id='block_1_2' title="bbox 63 382 1780 1944">
    <p class='ocr_par' dir='ltr' id='par_1_2' title="bbox 65 382 1780 653">
     <span class='ocr_line' id='line_1_2' title="bbox 66 382 1780 438; baseline -0.001 -12"><span class='ocrx_word' id='word_1_8' title='bbox 66 383 183 426; x_wconf 87' lang='lat' dir='ltr'>nitas</span> <span class='ocrx_word' id='word_1_9' title='bbox 215 385 343 426; x_wconf 85' lang='lat' dir='ltr'>creat.</span> <span class='ocrx_word' id='word_1_10' title='bbox 465 394 701 434; x_wconf 78' lang='lat' dir='ltr'>TIBVRQVE</span> <span class='ocrx_word' id='word_1_11' title='bbox 734 394 977 425; x_wconf 83' lang='lat' dir='ltr'>SVPERBVM</span> <span class='ocrx_word' id='word_1_12' title='bbox 1015 384 1090 424; x_wconf 83' lang='lat' dir='ltr'>aut</span> <span class='ocrx_word' id='word_1_13' title='bbox 1126 382 1292 424; x_wconf 82' lang='lat' dir='ltr'>nobile:</span> <span class='ocrx_word' id='word_1_14' title='bbox 1334 385 1410 424; x_wconf 81' lang='lat' dir='ltr'>aut</span> <span class='ocrx_word' id='word_1_15' title='bbox 1440 397 1516 438; x_wconf 89' lang='lat' dir='ltr'>per</span> <span class='ocrx_word' id='word_1_16' title='bbox 1549 383 1780 426; x_wconf 72' lang='lat' dir='ltr'><strong>transitum</strong></span> 
     </span>
     <span class='ocr_line' id='line_1_3' title="bbox 67 454 1779 511; baseline 0 -14"><span class='ocrx_word' id='word_1_17' title='bbox 67 455 215 511; x_wconf 85' lang='lat' dir='ltr'>tetigit</span> <span class='ocrx_word' id='word_1_18' title='bbox 244 455 352 497; x_wconf 91' lang='lat' dir='ltr'>illud</span> <span class='ocrx_word' id='word_1_19' title='bbox 385 455 498 510; x_wconf 91' lang='lat' dir='ltr'>quod</span> <span class='ocrx_word' id='word_1_20' title='bbox 526 454 761 510; x_wconf 87' lang='lat' dir='ltr'>aliquando</span> <span class='ocrx_word' id='word_1_21' title='bbox 788 468 885 496; x_wconf 90' lang='lat' dir='ltr'>cum</span> <span class='ocrx_word' id='word_1_22' title='bbox 911 469 937 496; x_wconf 88' lang='lat' dir='ltr'>a</span> <span class='ocrx_word' id='word_1_23' title='bbox 964 456 1116 496; x_wconf 86' lang='lat' dir='ltr'>senatu</span> <span class='ocrx_word' id='word_1_24' title='bbox 1143 454 1305 495; x_wconf 83' lang='lat' dir='ltr'>auxilia</span> <span class='ocrx_word' id='word_1_25' title='bbox 1330 457 1557 509; x_wconf 87' lang='lat' dir='ltr'>poscerent</span> <span class='ocrx_word' id='word_1_26' title='bbox 1577 454 1779 497; x_wconf 78' lang='lat' dir='ltr'><strong>Tiburtes</strong></span> 
     </span>
     <span class='ocr_line' id='line_1_4' title="bbox 67 525 1779 580; baseline 0.001 -12"><span class='ocrx_word' id='word_1_27' title='bbox 67 527 146 569; x_wconf 88' lang='lat' dir='ltr'>sub</span> <span class='ocrx_word' id='word_1_28' title='bbox 179 526 591 569; x_wconf 80' lang='lat' dir='ltr'>commemoratione</span> <span class='ocrx_word' id='word_1_29' title='bbox 623 525 928 568; x_wconf 90' lang='lat' dir='ltr'>beneficiorum</span> <span class='ocrx_word' id='word_1_30' title='bbox 961 539 989 567; x_wconf 87' lang='lat' dir='ltr'>a</span> <span class='ocrx_word' id='word_1_31' title='bbox 1018 539 1059 568; x_wconf 83' lang='lat' dir='ltr'>se</span> <span class='ocrx_word' id='word_1_32' title='bbox 1082 525 1237 580; x_wconf 71' lang='lat' dir='ltr'>populo</span> <span class='ocrx_word' id='word_1_33' title='bbox 1269 525 1460 568; x_wconf 74' lang='lat' dir='ltr'>Romano</span> <span class='ocrx_word' id='word_1_34' title='bbox 1483 527 1779 580; x_wconf 74' lang='lat' dir='ltr'>praebitorum,</span> 
     </span>
     <span class='ocr_line' id='line_1_5' title="bbox 65 596 1577 653; baseline 0 -13"><span class='ocrx_word' id='word_1_35' title='bbox 65 597 147 640; x_wconf 89' lang='lat' dir='ltr'>hoc</span> <span class='ocrx_word' id='word_1_36' title='bbox 180 600 349 640; x_wconf 88' lang='lat' dir='ltr'>tantum</span> <span class='ocrx_word' id='word_1_37' title='bbox 381 613 407 640; x_wconf 89' lang='lat' dir='ltr'>a</span> <span class='ocrx_word' id='word_1_38' title='bbox 439 601 592 640; x_wconf 88' lang='lat' dir='ltr'>senatu</span> <span class='ocrx_word' id='word_1_39' title='bbox 624 612 882 653; x_wconf 88' lang='lat' dir='ltr'>responsum</span> <span class='ocrx_word' id='word_1_40' title='bbox 915 599 1175 652; x_wconf 89' lang='lat' dir='ltr'>acceperunt</span> <span class='ocrx_word' id='word_1_41' title='bbox 1208 596 1407 652; x_wconf 75' lang='lat' dir='ltr'>‘superbi</span> <span class='ocrx_word' id='word_1_42' title='bbox 1439 596 1577 640; x_wconf 89' lang='lat' dir='ltr'>estis&#39;.</span> 
     </span>
    </p>

    <p class='ocr_par' dir='ltr' id='par_1_3' title="bbox 63 667 1780 1155">
     <span class='ocr_line' id='line_1_6' title="bbox 184 667 1778 720; baseline 0 -8"><span class='ocrx_word' id='word_1_43' title='bbox 184 670 282 712; x_wconf 83' lang='lat'>631.</span> <span class='ocrx_word' id='word_1_44' title='bbox 333 681 724 720; x_wconf 79' lang='lat' dir='ltr'><strong>GRVSTVMERIQVE</strong></span> <span class='ocrx_word' id='word_1_45' title='bbox 745 668 951 711; x_wconf 88' lang='lat' dir='ltr'>mutavit:</span> <span class='ocrx_word' id='word_1_46' title='bbox 977 684 1079 711; x_wconf 88' lang='lat' dir='ltr'>nam</span> <span class='ocrx_word' id='word_1_47' title='bbox 1100 667 1446 711; x_wconf 74' lang='lat' dir='ltr'>Crustumerium</span> <span class='ocrx_word' id='word_1_48' title='bbox 1470 669 1640 716; x_wconf 83' lang='lat' dir='ltr'>dicitur.</span> <span class='ocrx_word' id='word_1_49' title='bbox 1683 669 1778 712; x_wconf 81' lang='lat' dir='ltr'>Cas-</span> 
     </span>
     <span class='ocr_line' id='line_1_7' title="bbox 63 740 1779 796; baseline 0.001 -14"><span class='ocrx_word' id='word_1_50' title='bbox 63 741 153 783; x_wconf 82' lang='lat' dir='ltr'>sius</span> <span class='ocrx_word' id='word_1_51' title='bbox 182 741 370 784; x_wconf 75' lang='lat' dir='ltr'>Hemina</span> <span class='ocrx_word' id='word_1_52' title='bbox 401 742 590 794; x_wconf 77' lang='lat' dir='ltr'><em>tradidit,</em></span> <span class='ocrx_word' id='word_1_53' title='bbox 630 741 817 784; x_wconf 81' lang='lat' dir='ltr'>Siculum</span> <span class='ocrx_word' id='word_1_54' title='bbox 853 741 1058 794; x_wconf 73' lang='lat' dir='ltr'>quendam</span> <span class='ocrx_word' id='word_1_55' title='bbox 1087 741 1253 782; x_wconf 72' lang='lat' dir='ltr'>nomine</span> <span class='ocrx_word' id='word_1_56' title='bbox 1282 741 1427 783; x_wconf 76' lang='lat' dir='ltr'>uxoris</span> <span class='ocrx_word' id='word_1_57' title='bbox 1455 755 1555 784; x_wconf 84' lang='lat' dir='ltr'>suae</span> <span class='ocrx_word' id='word_1_58' title='bbox 1586 740 1779 796; x_wconf 70' lang='lat' dir='ltr'>Clyteme-</span> 
     </span>
     <span class='ocr_line' id='line_1_8' title="bbox 64 812 1780 868; baseline 0.001 -14"><span class='ocrx_word' id='word_1_59' title='bbox 64 815 173 854; x_wconf 80' lang='lat' dir='ltr'><em>strae</em></span> <span class='ocrx_word' id='word_1_60' title='bbox 215 813 440 855; x_wconf 76' lang='lat' dir='ltr'>condidisse</span> <span class='ocrx_word' id='word_1_61' title='bbox 483 812 820 868; x_wconf 70' lang='lat' dir='ltr'>Clytemestrum,</span> <span class='ocrx_word' id='word_1_62' title='bbox 868 826 964 854; x_wconf 82' lang='lat' dir='ltr'>mox</span> <span class='ocrx_word' id='word_1_63' title='bbox 1011 816 1200 867; x_wconf 75' lang='lat' dir='ltr'>corrupto</span> <span class='ocrx_word' id='word_1_64' title='bbox 1245 813 1411 855; x_wconf 74' lang='lat' dir='ltr'>nomine</span> <span class='ocrx_word' id='word_1_65' title='bbox 1453 812 1780 856; x_wconf 76' lang='lat' dir='ltr'>Crustumerium</span> 
     </span>
     <span class='ocr_line' id='line_1_9' title="bbox 64 884 1780 939; baseline 0.001 -14"><span class='ocrx_word' id='word_1_66' title='bbox 64 884 228 927; x_wconf 79' lang='lat' dir='ltr'>dictum.</span> <span class='ocrx_word' id='word_1_67' title='bbox 290 884 368 926; x_wconf 87' lang='lat' dir='ltr'>alii</span> <span class='ocrx_word' id='word_1_68' title='bbox 404 885 546 927; x_wconf 82' lang='lat' dir='ltr'>volunt</span> <span class='ocrx_word' id='word_1_69' title='bbox 575 899 603 926; x_wconf 86' lang='lat' dir='ltr'>a</span> <span class='ocrx_word' id='word_1_70' title='bbox 633 885 817 927; x_wconf 77' lang='lat' dir='ltr'>crustula</span> <span class='ocrx_word' id='word_1_71' title='bbox 846 884 995 939; x_wconf 74' lang='lat' dir='ltr'>panis,</span> <span class='ocrx_word' id='word_1_72' title='bbox 1032 897 1158 938; x_wconf 78' lang='lat' dir='ltr'>quam</span> <span class='ocrx_word' id='word_1_73' title='bbox 1195 884 1371 926; x_wconf 76' lang='lat' dir='ltr'>Troiani</span> <span class='ocrx_word' id='word_1_74' title='bbox 1407 885 1534 927; x_wconf 81' lang='lat' dir='ltr'>coacti</span> <span class='ocrx_word' id='word_1_75' title='bbox 1567 885 1681 938; x_wconf 82' lang='lat' dir='ltr'>fame</span> <span class='ocrx_word' id='word_1_76' title='bbox 1717 899 1780 927; x_wconf 75' lang='lat' dir='ltr'>ex-</span> 
     </span>
     <span class='ocr_line' id='line_1_10' title="bbox 64 956 1780 1012; baseline 0.001 -15"><span class='ocrx_word' id='word_1_77' title='bbox 64 956 191 998; x_wconf 79' lang='lat' dir='ltr'>edisse</span> <span class='ocrx_word' id='word_1_78' title='bbox 215 957 426 1012; x_wconf 78' lang='lat' dir='ltr'>dicuntur‚</span> <span class='ocrx_word' id='word_1_79' title='bbox 457 956 721 1010; x_wconf 72' lang='lat' dir='ltr'>appellatum.</span> <span class='ocrx_word' id='word_1_80' title='bbox 823 966 1121 997; x_wconf 81' lang='lat' dir='ltr'><strong>TVRRIGERAE</strong></span> <span class='ocrx_word' id='word_1_81' title='bbox 1146 967 1405 998; x_wconf 81' lang='lat' dir='ltr'>ANTEMNAE</span> <span class='ocrx_word' id='word_1_82' title='bbox 1439 957 1546 998; x_wconf 89' lang='lat' dir='ltr'>bene</span> <span class='ocrx_word' id='word_1_83' title='bbox 1573 959 1780 999; x_wconf 88' lang='lat' dir='ltr'>muratae.</span> 
     </span>
     <span class='ocr_line' id='line_1_11' title="bbox 65 1026 1779 1085; baseline 0.001 -16"><span class='ocrx_word' id='word_1_84' title='bbox 65 1026 307 1070; x_wconf 75' lang='lat' dir='ltr'>Antemnae</span> <span class='ocrx_word' id='word_1_85' title='bbox 347 1029 492 1070; x_wconf 89' lang='lat' dir='ltr'>autem</span> <span class='ocrx_word' id='word_1_86' title='bbox 534 1027 674 1070; x_wconf 87' lang='lat' dir='ltr'>dictae</span> <span class='ocrx_word' id='word_1_87' title='bbox 716 1030 834 1083; x_wconf 89' lang='lat' dir='ltr'>sunt,</span> <span class='ocrx_word' id='word_1_88' title='bbox 879 1027 992 1083; x_wconf 89' lang='lat' dir='ltr'>quod</span> <span class='ocrx_word' id='word_1_89' title='bbox 1030 1042 1104 1070; x_wconf 88' lang='lat' dir='ltr'>eas</span> <span class='ocrx_word' id='word_1_90' title='bbox 1142 1028 1282 1070; x_wconf 88' lang='lat' dir='ltr'>amnis</span> <span class='ocrx_word' id='word_1_91' title='bbox 1320 1028 1610 1084; x_wconf 84' lang='lat' dir='ltr'>praeterfluit,</span> <span class='ocrx_word' id='word_1_92' title='bbox 1655 1029 1779 1085; x_wconf 80' lang='lat' dir='ltr'>quasi</span> 
     </span>
     <span class='ocr_line' id='line_1_12' title="bbox 66 1099 581 1155; baseline 0.002 -15"><span class='ocrx_word' id='word_1_93' title='bbox 66 1101 164 1141; x_wconf 82' lang='lat' dir='ltr'>ante</span> <span class='ocrx_word' id='word_1_94' title='bbox 198 1101 368 1141; x_wconf 82' lang='lat' dir='ltr'>a&#39;mnem</span> <span class='ocrx_word' id='word_1_95' title='bbox 399 1099 581 1155; x_wconf 79' lang='lat' dir='ltr'>positae.</span> 
     </span>
    </p>

    <p class='ocr_par' dir='ltr' id='par_1_4' title="bbox 67 1169 1778 1299">
     <span class='ocr_line' id='line_1_13' title="bbox 185 1169 1778 1214; baseline 0.001 -2"><span class='ocrx_word' id='word_1_96' title='bbox 185 1170 282 1212; x_wconf 77' lang='lat'>632.</span> <span class='ocrx_word' id='word_1_97' title='bbox 333 1181 558 1213; x_wconf 74' lang='lat' dir='ltr'>SALIGNAs</span> <span class='ocrx_word' id='word_1_98' title='bbox 584 1182 813 1213; x_wconf 82' lang='lat' dir='ltr'>VMBONVM</span> <span class='ocrx_word' id='word_1_99' title='bbox 840 1182 1018 1214; x_wconf 82' lang='lat' dir='ltr'><strong>ORATES</strong></span> <span class='ocrx_word' id='word_1_100' title='bbox 1051 1173 1100 1213; x_wconf 84' lang='lat' dir='ltr'>ut</span> <span class='ocrx_word' id='word_1_101' title='bbox 1124 1170 1228 1213; x_wconf 85' lang='lat' dir='ltr'>dicit</span> <span class='ocrx_word' id='word_1_102' title='bbox 1254 1169 1486 1214; x_wconf 83' lang='lat' dir='ltr'>Sallustius</span> <span class='ocrx_word' id='word_1_103' title='bbox 1514 1171 1778 1214; x_wconf 78' lang='lat' dir='ltr'>deLucanis</span> 
     </span>
     <span class='ocr_line' id='line_1_14' title="bbox 67 1242 1299 1299; baseline 0.002 -16"><span class='ocrx_word' id='word_1_104' title='bbox 67 1242 152 1298; x_wconf 92' lang='lat' dir='ltr'>qui</span> <span class='ocrx_word' id='word_1_105' title='bbox 186 1242 243 1284; x_wconf 87' lang='lat' dir='ltr'>de</span> <span class='ocrx_word' id='word_1_106' title='bbox 277 1242 465 1284; x_wconf 87' lang='lat' dir='ltr'>vimine</span> <span class='ocrx_word' id='word_1_107' title='bbox 497 1242 637 1285; x_wconf 87' lang='lat' dir='ltr'>facta</span> <span class='ocrx_word' id='word_1_108' title='bbox 671 1245 820 1285; x_wconf 89' lang='lat' dir='ltr'>scuta</span> <span class='ocrx_word' id='word_1_109' title='bbox 851 1243 1009 1286; x_wconf 85' lang='lat' dir='ltr'>coriis</span> <span class='ocrx_word' id='word_1_110' title='bbox 1041 1243 1299 1299; x_wconf 82' lang='lat' dir='ltr'>tegebant.</span> 
     </span>
    </p>

    <p class='ocr_par' dir='ltr' id='par_1_5' title="bbox 65 1313 1780 1513">
     <span class='ocr_line' id='line_1_15' title="bbox 185 1313 1778 1371; baseline 0.002 -16"><span class='ocrx_word' id='word_1_111' title='bbox 185 1313 283 1356; x_wconf 86' lang='lat'>633.</span> <span class='ocrx_word' id='word_1_112' title='bbox 334 1325 581 1356; x_wconf 80' lang='lat' dir='ltr'>THORAOAS</span> <span class='ocrx_word' id='word_1_113' title='bbox 625 1326 773 1357; x_wconf 81' lang='lat' dir='ltr'>AENOS</span> <span class='ocrx_word' id='word_1_114' title='bbox 819 1314 928 1356; x_wconf 90' lang='lat' dir='ltr'>bene</span> <span class='ocrx_word' id='word_1_115' title='bbox 973 1313 1235 1370; x_wconf 74' lang='lat' dir='ltr'>ethoracas&#39;3</span> <span class='ocrx_word' id='word_1_116' title='bbox 1284 1330 1383 1357; x_wconf 89' lang='lat' dir='ltr'>nam</span> <span class='ocrx_word' id='word_1_117' title='bbox 1436 1315 1548 1371; x_wconf 85' lang='lat' dir='ltr'>apud</span> <span class='ocrx_word' id='word_1_118' title='bbox 1593 1317 1778 1359; x_wconf 86' lang='lat' dir='ltr'>maiores</span> 
     </span>
     <span class='ocr_line' id='line_1_16' title="bbox 65 1384 1780 1442; baseline 0.002 -15"><span class='ocrx_word' id='word_1_119' title='bbox 65 1385 222 1427; x_wconf 87' lang='lat' dir='ltr'>loricae</span> <span class='ocrx_word' id='word_1_120' title='bbox 277 1387 452 1440; x_wconf 83' lang='lat' dir='ltr'>pectora</span> <span class='ocrx_word' id='word_1_121' title='bbox 501 1387 671 1427; x_wconf 84' lang='lat' dir='ltr'>tantum</span> <span class='ocrx_word' id='word_1_122' title='bbox 722 1386 952 1441; x_wconf 87' lang='lat' dir='ltr'>tegebant:</span> <span class='ocrx_word' id='word_1_123' title='bbox 1017 1384 1183 1428; x_wconf 85' lang='lat' dir='ltr'>Statius</span> <span class='ocrx_word' id='word_1_124' title='bbox 1240 1386 1450 1442; x_wconf 82' lang='lat' dir='ltr'>triplici</span> <span class='ocrx_word' id='word_1_125' title='bbox 1506 1390 1780 1430; x_wconf 86' lang='lat' dir='ltr'>servantur</span> 
     </span>
     <span class='ocr_line' id='line_1_17' title="bbox 66 1456 1557 1513; baseline 0.002 -15"><span class='ocrx_word' id='word_1_126' title='bbox 66 1459 279 1512; x_wconf 82' lang='lat' dir='ltr'>pectora</span> <span class='ocrx_word' id='word_1_127' title='bbox 308 1456 465 1499; x_wconf 85' lang='lat' dir='ltr'>ferro:</span> <span class='ocrx_word' id='word_1_128' title='bbox 497 1459 729 1512; x_wconf 86' lang='lat' dir='ltr'>pectora,</span> <span class='ocrx_word' id='word_1_129' title='bbox 761 1472 874 1499; x_wconf 88' lang='lat' dir='ltr'>nam</span> <span class='ocrx_word' id='word_1_130' title='bbox 905 1460 1053 1513; x_wconf 85' lang='lat' dir='ltr'>tergo</span> <span class='ocrx_word' id='word_1_131' title='bbox 1084 1457 1257 1500; x_wconf 88' lang='lat' dir='ltr'>nullus</span> <span class='ocrx_word' id='word_1_132' title='bbox 1289 1461 1469 1501; x_wconf 87' lang='lat' dir='ltr'>metus.</span> <span class='ocrx_word' id='word_1_133' title='bbox 1552 1461 1557 1467; x_wconf 70' lang='lat'><em>⁷</em></span> 
     </span>
    </p>

    <p class='ocr_par' dir='ltr' id='par_1_6' title="bbox 67 1528 1780 1656">
     <span class='ocr_line' id='line_1_18' title="bbox 184 1528 1780 1585; baseline 0.001 -15"><span class='ocrx_word' id='word_1_134' title='bbox 184 1528 282 1570; x_wconf 85' lang='lat'>634.</span> <span class='ocrx_word' id='word_1_135' title='bbox 330 1540 486 1572; x_wconf 78' lang='lat' dir='ltr'>LENTO</span> <span class='ocrx_word' id='word_1_136' title='bbox 524 1540 715 1572; x_wconf 72' lang='lat' dir='ltr'>Dvcvn&#39;r</span> <span class='ocrx_word' id='word_1_137' title='bbox 755 1540 972 1571; x_wconf 80' lang='lat' dir='ltr'><strong>ARGENTO</strong></span> <span class='ocrx_word' id='word_1_138' title='bbox 1014 1528 1147 1571; x_wconf 86' lang='lat' dir='ltr'>flexili</span> <span class='ocrx_word' id='word_1_139' title='bbox 1185 1532 1366 1585; x_wconf 84' lang='lat' dir='ltr'>argento</span> <span class='ocrx_word' id='word_1_140' title='bbox 1409 1530 1588 1585; x_wconf 89' lang='lat' dir='ltr'>ducunt,</span> <span class='ocrx_word' id='word_1_141' title='bbox 1628 1530 1671 1572; x_wconf 88' lang='lat' dir='ltr'>id</span> <span class='ocrx_word' id='word_1_142' title='bbox 1715 1533 1780 1572; x_wconf 84' lang='lat' dir='ltr'>est</span> 
     </span>
     <span class='ocr_line' id='line_1_19' title="bbox 67 1599 1462 1656; baseline 0 -14"><span class='ocrx_word' id='word_1_143' title='bbox 67 1599 316 1642; x_wconf 81' lang='lat' dir='ltr'>extendunt.</span> <span class='ocrx_word' id='word_1_144' title='bbox 377 1602 443 1642; x_wconf 92' lang='lat' dir='ltr'>est</span> <span class='ocrx_word' id='word_1_145' title='bbox 474 1603 619 1642; x_wconf 87' lang='lat' dir='ltr'>autem</span> <span class='ocrx_word' id='word_1_146' title='bbox 652 1600 919 1656; x_wconf 86' lang='lat' dir='ltr'>spondiazon</span> <span class='ocrx_word' id='word_1_147' title='bbox 951 1602 995 1643; x_wconf 89' lang='lat' dir='ltr'>et</span> <span class='ocrx_word' id='word_1_148' title='bbox 1025 1600 1268 1655; x_wconf 89' lang='lat' dir='ltr'>reciprocus</span> <span class='ocrx_word' id='word_1_149' title='bbox 1302 1615 1462 1643; x_wconf 89' lang='lat' dir='ltr'>versus.</span> 
     </span>
    </p>

    <p class='ocr_par' dir='ltr' id='par_1_7' title="bbox 65 1671 1778 1944">
     <span class='ocr_line' id='line_1_20' title="bbox 184 1671 1778 1727; baseline 0.001 -13"><span class='ocrx_word' id='word_1_150' title='bbox 184 1672 281 1714; x_wconf 81' lang='lat'>637.</span> <span class='ocrx_word' id='word_1_151' title='bbox 333 1683 552 1715; x_wconf 77' lang='lat' dir='ltr'>OLAssmA</span> <span class='ocrx_word' id='word_1_152' title='bbox 578 1682 757 1722; x_wconf 79' lang='lat' dir='ltr'><strong>IAMQVE</strong></span> <span class='ocrx_word' id='word_1_153' title='bbox 785 1683 971 1714; x_wconf 80' lang='lat' dir='ltr'>SONANT</span> <span class='ocrx_word' id='word_1_154' title='bbox 1004 1671 1113 1714; x_wconf 89' lang='lat' dir='ltr'>bene</span> <span class='ocrx_word' id='word_1_155' title='bbox 1141 1672 1289 1727; x_wconf 80' lang='lat' dir='ltr'>posuit</span> <span class='ocrx_word' id='word_1_156' title='bbox 1313 1671 1645 1727; x_wconf 89' lang='lat' dir='ltr'>amphiboliam:</span> <span class='ocrx_word' id='word_1_157' title='bbox 1678 1688 1778 1716; x_wconf 87' lang='lat' dir='ltr'>nam</span> 
     </span>
     <span class='ocr_line' id='line_1_21' title="bbox 66 1743 1778 1805; baseline 0.001 -19"><span class='ocrx_word' id='word_1_158' title='bbox 66 1743 291 1786; x_wconf 83' lang='lat' dir='ltr'>classicum</span> <span class='ocrx_word' id='word_1_159' title='bbox 325 1743 505 1786; x_wconf 89' lang='lat' dir='ltr'>dicimus</span> <span class='ocrx_word' id='word_1_160' title='bbox 538 1747 582 1786; x_wconf 89' lang='lat' dir='ltr'>et</span> <span class='ocrx_word' id='word_1_161' title='bbox 614 1743 767 1785; x_wconf 85' lang='lat' dir='ltr'>tubam</span> <span class='ocrx_word' id='word_1_162' title='bbox 798 1743 938 1799; x_wconf 86' lang='lat' dir='ltr'>ipsam</span> <span class='ocrx_word' id='word_1_163' title='bbox 971 1747 1015 1786; x_wconf 89' lang='lat' dir='ltr'>et</span> <span class='ocrx_word' id='word_1_164' title='bbox 1047 1758 1212 1786; x_wconf 89' lang='lat' dir='ltr'>sonum.</span> <span class='ocrx_word' id='word_1_165' title='bbox 1274 1743 1501 1786; x_wconf 82' lang='lat' dir='ltr'>classicum</span> <span class='ocrx_word' id='word_1_166' title='bbox 1534 1746 1679 1805; x_wconf 81' lang='lat' dir='ltr'>autem</span> <span class='ocrx_word' id='word_1_167' title='bbox 1713 1748 1778 1788; x_wconf 90' lang='lat' dir='ltr'>est</span> 
     </span>
     <span class='ocr_line' id='line_1_22' title="bbox 65 1814 1778 1871; baseline 0.002 -15"><span class='ocrx_word' id='word_1_168' title='bbox 65 1814 219 1856; x_wconf 87' lang='lat' dir='ltr'>flexilis</span> <span class='ocrx_word' id='word_1_169' title='bbox 250 1814 367 1857; x_wconf 86' lang='lat' dir='ltr'>tuba.</span> <span class='ocrx_word' id='word_1_170' title='bbox 489 1826 690 1858; x_wconf 82' lang='lat' dir='ltr'>TESSERA</span> <span class='ocrx_word' id='word_1_171' title='bbox 723 1826 895 1858; x_wconf 79' lang='lat' dir='ltr'>SIGNVM</span> <span class='ocrx_word' id='word_1_172' title='bbox 929 1815 1175 1871; x_wconf 87' lang='lat' dir='ltr'>symbolum</span> <span class='ocrx_word' id='word_1_173' title='bbox 1207 1815 1428 1871; x_wconf 84' lang='lat' dir='ltr'>bellicum,</span> <span class='ocrx_word' id='word_1_174' title='bbox 1468 1816 1582 1871; x_wconf 88' lang='lat' dir='ltr'>quod</span> <span class='ocrx_word' id='word_1_175' title='bbox 1616 1816 1669 1858; x_wconf 89' lang='lat' dir='ltr'>ad</span> <span class='ocrx_word' id='word_1_176' title='bbox 1701 1831 1778 1871; x_wconf 90' lang='lat' dir='ltr'>pu-</span> 
     </span>
     <span class='ocr_line' id='line_1_23' title="bbox 66 1886 1778 1944; baseline 0.001 -16"><span class='ocrx_word' id='word_1_177' title='bbox 66 1899 197 1941; x_wconf 85' lang='lat' dir='ltr'>gnam</span> <span class='ocrx_word' id='word_1_178' title='bbox 241 1886 497 1928; x_wconf 87' lang='lat' dir='ltr'>exeuntibus</span> <span class='ocrx_word' id='word_1_179' title='bbox 542 1886 685 1941; x_wconf 85' lang='lat' dir='ltr'>datur,</span> <span class='ocrx_word' id='word_1_180' title='bbox 731 1886 895 1929; x_wconf 89' lang='lat' dir='ltr'>scilicet</span> <span class='ocrx_word' id='word_1_181' title='bbox 937 1889 1116 1943; x_wconf 88' lang='lat' dir='ltr'>propter</span> <span class='ocrx_word' id='word_1_182' title='bbox 1160 1887 1478 1944; x_wconf 79' lang='lat' dir='ltr'>confusionem,</span> <span class='ocrx_word' id='word_1_183' title='bbox 1523 1890 1571 1930; x_wconf 94' lang='lat' dir='ltr'>ut</span> <span class='ocrx_word' id='word_1_184' title='bbox 1611 1888 1694 1930; x_wconf 88' lang='lat' dir='ltr'>fuit</span> <span class='ocrx_word' id='word_1_185' title='bbox 1734 1889 1778 1930; x_wconf 92' lang='lat' dir='ltr'>in</span> 
     </span>
    </p>
   </div>
   <div class='ocr_carea' id='block_1_3' title="bbox 66 1995 350 1999">
    <p class='ocr_par' dir='ltr' id='par_1_8' title="bbox 66 1995 350 1999">
     <span class='ocr_line' id='line_1_24' title="bbox 66 1995 350 1999; baseline 0 0"><span class='ocrx_word' id='word_1_186' title='bbox 66 1995 350 1999; x_wconf 95' lang='lat' dir='ltr'> </span> 
     </span>
    </p>
   </div>
   <div class='ocr_carea' id='block_1_4' title="bbox 66 2050 1777 2193">
    <p class='ocr_par' dir='ltr' id='par_1_9' title="bbox 66 2050 1777 2193">
     <span class='ocr_line' id='line_1_25' title="bbox 162 2050 1777 2098; baseline 0.001 -12"><span class='ocrx_word' id='word_1_187' title='bbox 162 2054 183 2086; x_wconf 88' lang='lat'>5</span> <span class='ocrx_word' id='word_1_188' title='bbox 211 2050 359 2087; x_wconf 86' lang='lat' dir='ltr'>Cassius</span> <span class='ocrx_word' id='word_1_189' title='bbox 386 2050 564 2098; x_wconf 83' lang='lat' dir='ltr'>Hemina]</span> <span class='ocrx_word' id='word_1_190' title='bbox 596 2064 630 2097; x_wconf 87' lang='lat' dir='ltr'>p.</span> <span class='ocrx_word' id='word_1_191' title='bbox 659 2056 704 2087; x_wconf 85' lang='lat'>95</span> <span class='ocrx_word' id='word_1_192' title='bbox 730 2052 809 2089; x_wconf 87' lang='lat' dir='ltr'>Pet.</span> <span class='ocrx_word' id='word_1_193' title='bbox 836 2054 848 2098; x_wconf 79' lang='grc' dir='ltr'>ΙΙ</span> <span class='ocrx_word' id='word_1_194' title='bbox 882 2056 924 2087; x_wconf 93' lang='grc'>10</span> <span class='ocrx_word' id='word_1_195' title='bbox 950 2050 1158 2087; x_wconf 86' lang='lat' dir='ltr'>Antemnae</span> <span class='ocrx_word' id='word_1_196' title='bbox 1186 2080 1223 2087; x_wconf 91' lang='lat'>..</span> <span class='ocrx_word' id='word_1_197' title='bbox 1247 2079 1254 2086; x_wconf 94' lang='lat'>.</span> <span class='ocrx_word' id='word_1_198' title='bbox 1280 2051 1444 2098; x_wconf 87' lang='lat' dir='ltr'>positae]</span> <span class='ocrx_word' id='word_1_199' title='bbox 1470 2062 1584 2087; x_wconf 84' lang='lat' dir='ltr'>exscr.</span> <span class='ocrx_word' id='word_1_200' title='bbox 1611 2051 1696 2087; x_wconf 85' lang='lat' dir='ltr'>Isid.</span> <span class='ocrx_word' id='word_1_201' title='bbox 1724 2063 1777 2087; x_wconf 88' lang='lat' dir='ltr'>or.</span> 
     </span>
     <span class='ocr_line' id='line_1_26' title="bbox 66 2064 1777 2146; baseline -0.001 -13"><span class='ocrx_word' id='word_1_202' title='bbox 66 2097 153 2133; x_wconf 92' lang='lat' dir='ltr'>XIX</span> <span class='ocrx_word' id='word_1_203' title='bbox 177 2102 211 2142; x_wconf 87' lang='grc'>2,</span> <span class='ocrx_word' id='word_1_204' title='bbox 232 2103 263 2134; x_wconf 84' lang='lat'>7.</span> <span class='ocrx_word' id='word_1_205' title='bbox 292 2098 336 2134; x_wconf 86' lang='lat' dir='ltr'>cf.</span> <span class='ocrx_word' id='word_1_206' title='bbox 365 2098 482 2134; x_wconf 81' lang='lat' dir='ltr'>Varro</span> <span class='ocrx_word' id='word_1_207' title='bbox 509 2100 543 2135; x_wconf 92' lang='lat' dir='ltr'>d.</span> <span class='ocrx_word' id='word_1_208' title='bbox 564 2099 589 2135; x_wconf 92' lang='lat' dir='ltr'>l.</span> <span class='ocrx_word' id='word_1_209' title='bbox 610 2100 633 2134; x_wconf 94' lang='lat' dir='ltr'>l.</span> <span class='ocrx_word' id='word_1_210' title='bbox 654 2099 687 2135; x_wconf 91' lang='lat' dir='ltr'><strong>V</strong></span> <span class='ocrx_word' id='word_1_211' title='bbox 706 2103 752 2135; x_wconf 88' lang='grc'>28</span> <span class='ocrx_word' id='word_1_212' title='bbox 772 2101 783 2146; x_wconf 73' lang='grc' dir='ltr'>ΙΙ</span> <span class='ocrx_word' id='word_1_213' title='bbox 805 2103 847 2134; x_wconf 90' lang='grc'>12</span> <span class='ocrx_word' id='word_1_214' title='bbox 875 2098 1090 2145; x_wconf 83' lang='lat' dir='ltr'>Sallustius]</span> <span class='ocrx_word' id='word_1_215' title='bbox 1118 2099 1204 2136; x_wconf 86' lang='lat' dir='ltr'>hist.</span> <span class='ocrx_word' id='word_1_216' title='bbox 1231 2064 1304 2134; x_wconf 83' lang='lat' dir='ltr'>IVp</span> <span class='ocrx_word' id='word_1_217' title='bbox 1302 2103 1323 2134; x_wconf 94' lang='grc'>2</span> <span class='ocrx_word' id='word_1_218' title='bbox 1350 2099 1515 2135; x_wconf 88' lang='lat' dir='ltr'>Dietsch.</span> <span class='ocrx_word' id='word_1_219' title='bbox 1541 2099 1592 2135; x_wconf 93' lang='lat' dir='ltr'>IV</span> <span class='ocrx_word' id='word_1_220' title='bbox 1618 2103 1663 2134; x_wconf 90' lang='grc'>23</span> <span class='ocrx_word' id='word_1_221' title='bbox 1684 2099 1745 2136; x_wconf 85' lang='lat' dir='ltr'>Kr.</span> <span class='ocrx_word' id='word_1_222' title='bbox 1768 2101 1777 2140; x_wconf 71' lang='grc' dir='ltr'>Η</span> 
     </span>
     <span class='ocr_line' id='line_1_27' title="bbox 70 2143 633 2193; baseline 0.004 -13"><span class='ocrx_word' id='word_1_223' title='bbox 70 2149 112 2181; x_wconf 93' lang='grc'>15</span> <span class='ocrx_word' id='word_1_224' title='bbox 138 2145 299 2193; x_wconf 83' lang='lat' dir='ltr'>Statius]</span> <span class='ocrx_word' id='word_1_225' title='bbox 327 2143 444 2183; x_wconf 86' lang='lat' dir='ltr'>Theb.</span> <span class='ocrx_word' id='word_1_226' title='bbox 471 2147 539 2183; x_wconf 93' lang='lat' dir='ltr'>VII</span> <span class='ocrx_word' id='word_1_227' title='bbox 566 2151 633 2182; x_wconf 88' lang='lat'>311</span> 
     </span>
    </p>
   </div>
   <div class='ocr_carea' id='block_1_5' title="bbox 66 2245 350 2249">
    <p class='ocr_par' dir='ltr' id='par_1_10' title="bbox 66 2245 350 2249">
     <span class='ocr_line' id='line_1_28' title="bbox 66 2245 350 2249; baseline 0 0"><span class='ocrx_word' id='word_1_228' title='bbox 66 2245 350 2249; x_wconf 95' lang='lat' dir='ltr'> </span> 
     </span>
    </p>
   </div>
   <div class='ocr_carea' id='block_1_6' title="bbox 65 2301 1779 2870">
    <p class='ocr_par' dir='ltr' id='par_1_11' title="bbox 65 2301 1779 2870">
     <span class='ocr_line' id='line_1_29' title="bbox 166 2301 1779 2348; baseline -0.001 -11"><span class='ocrx_word' id='word_1_229' title='bbox 166 2306 183 2337; x_wconf 95' lang='lat'>1</span> <span class='ocrx_word' id='word_1_230' title='bbox 210 2301 376 2338; x_wconf 90' lang='lat' dir='ltr'>nobilem</span> <span class='ocrx_word' id='word_1_231' title='bbox 403 2302 431 2337; x_wconf 90' lang='lat' dir='ltr'>S</span> <span class='ocrx_word' id='word_1_232' title='bbox 448 2303 460 2347; x_wconf 87' lang='grc' dir='ltr'>ΙΙ</span> <span class='ocrx_word' id='word_1_233' title='bbox 480 2306 500 2337; x_wconf 91' lang='grc'>2</span> <span class='ocrx_word' id='word_1_234' title='bbox 527 2313 611 2337; x_wconf 85' lang='grc'><strong>911111</strong></span> <span class='ocrx_word' id='word_1_235' title='bbox 637 2301 839 2347; x_wconf 85' lang='lat' dir='ltr'>aliquando</span> <span class='ocrx_word' id='word_1_236' title='bbox 862 2302 930 2348; x_wconf 83' lang='lat' dir='ltr'><em>Fu</em></span> <span class='ocrx_word' id='word_1_237' title='bbox 949 2302 1088 2338; x_wconf 86' lang='lat' dir='ltr'>auxilio</span> <span class='ocrx_word' id='word_1_238' title='bbox 1114 2301 1143 2338; x_wconf 97' lang='lat' dir='ltr'>S</span> <span class='ocrx_word' id='word_1_239' title='bbox 1179 2301 1295 2337; x_wconf 83' lang='lat' dir='ltr'>auxili</span> <span class='ocrx_word' id='word_1_240' title='bbox 1320 2302 1361 2337; x_wconf 98' lang='lat' dir='ltr'>F</span> <span class='ocrx_word' id='word_1_241' title='bbox 1376 2303 1388 2348; x_wconf 79' lang='grc' dir='ltr'>ΙΙ</span> <span class='ocrx_word' id='word_1_242' title='bbox 1407 2306 1428 2337; x_wconf 88' lang='grc'><strong>3</strong></span> <span class='ocrx_word' id='word_1_243' title='bbox 1455 2302 1724 2338; x_wconf 84' lang='lat' dir='ltr'>memoratione</span> <span class='ocrx_word' id='word_1_244' title='bbox 1744 2302 1779 2336; x_wconf 88' lang='lat' dir='ltr'><strong><em>L</em></strong></span> 
     </span>
     <span class='ocr_line' id='line_1_30' title="bbox 69 2348 1779 2397; baseline -0.001 -12"><span class='ocrx_word' id='word_1_245' title='bbox 69 2349 177 2394; x_wconf 74' lang='lat' dir='ltr'>(corr.</span> <span class='ocrx_word' id='word_1_246' title='bbox 204 2350 231 2395; x_wconf 82' lang='lat' dir='ltr'>l)</span> <span class='ocrx_word' id='word_1_247' title='bbox 270 2349 575 2386; x_wconf 85' lang='lat' dir='ltr'>commemoratio</span> <span class='ocrx_word' id='word_1_248' title='bbox 600 2349 641 2385; x_wconf 88' lang='lat' dir='ltr'>F</span> <span class='ocrx_word' id='word_1_249' title='bbox 656 2351 668 2395; x_wconf 77' lang='grc' dir='ltr'>ΙΙ</span> <span class='ocrx_word' id='word_1_250' title='bbox 696 2348 975 2397; x_wconf 87' lang='lat' dir='ltr'>beneficiorum]</span> <span class='ocrx_word' id='word_1_251' title='bbox 1001 2349 1265 2395; x_wconf 72' lang='lat' dir='ltr'>praestitorum</span> <span class='ocrx_word' id='word_1_252' title='bbox 1292 2351 1376 2385; x_wconf 86' lang='lat' dir='ltr'>add.</span> <span class='ocrx_word' id='word_1_253' title='bbox 1404 2350 1490 2385; x_wconf 89' lang='lat' dir='ltr'>SM</span> <span class='ocrx_word' id='word_1_254' title='bbox 1513 2351 1524 2396; x_wconf 81' lang='grc' dir='ltr'>Η</span> <span class='ocrx_word' id='word_1_255' title='bbox 1552 2354 1575 2385; x_wconf 87' lang='grc'>4</span> <span class='ocrx_word' id='word_1_256' title='bbox 1600 2361 1779 2395; x_wconf 87' lang='lat' dir='ltr'>responsa</span> 
     </span>
     <span class='ocr_line' id='line_1_31' title="bbox 67 2396 1778 2444; baseline 0 -12"><span class='ocrx_word' id='word_1_257' title='bbox 67 2397 96 2432; x_wconf 88' lang='lat' dir='ltr'>S</span> <span class='ocrx_word' id='word_1_258' title='bbox 121 2399 134 2442; x_wconf 87' lang='grc'>11</span> <span class='ocrx_word' id='word_1_259' title='bbox 159 2397 399 2444; x_wconf 85' lang='lat' dir='ltr'>acceperunt]</span> <span class='ocrx_word' id='word_1_260' title='bbox 426 2397 612 2443; x_wconf 83' lang='lat' dir='ltr'>accepisse</span> <span class='ocrx_word' id='word_1_261' title='bbox 639 2396 816 2432; x_wconf 85' lang='lat' dir='ltr'>dicuntur</span> <span class='ocrx_word' id='word_1_262' title='bbox 840 2397 912 2433; x_wconf 85' lang='lat' dir='ltr'>SR</span> <span class='ocrx_word' id='word_1_263' title='bbox 948 2397 1136 2443; x_wconf 83' lang='lat' dir='ltr'>accepisse</span> <span class='ocrx_word' id='word_1_264' title='bbox 1163 2397 1301 2432; x_wconf 87' lang='lat' dir='ltr'>dicitur</span> <span class='ocrx_word' id='word_1_265' title='bbox 1326 2397 1367 2432; x_wconf 92' lang='lat' dir='ltr'>F</span> <span class='ocrx_word' id='word_1_266' title='bbox 1388 2399 1400 2442; x_wconf 82' lang='grc' dir='ltr'>ΙΙ</span> <span class='ocrx_word' id='word_1_267' title='bbox 1431 2401 1452 2432; x_wconf 88' lang='lat'>5</span> <span class='ocrx_word' id='word_1_268' title='bbox 1479 2398 1644 2432; x_wconf 86' lang='lat' dir='ltr'>crustum</span> <span class='ocrx_word' id='word_1_269' title='bbox 1669 2397 1778 2433; x_wconf 92' lang='lat' dir='ltr'>meri-</span> 
     </span>
     <span class='ocr_line' id='line_1_32' title="bbox 65 2444 1777 2491; baseline 0 -12"><span class='ocrx_word' id='word_1_270' title='bbox 65 2447 146 2479; x_wconf 79' lang='lat' dir='ltr'>tum</span> <span class='ocrx_word' id='word_1_271' title='bbox 178 2445 207 2480; x_wconf 90' lang='lat' dir='ltr'>S</span> <span class='ocrx_word' id='word_1_272' title='bbox 236 2446 247 2491; x_wconf 85' lang='grc' dir='ltr'>ΙΙ</span> <span class='ocrx_word' id='word_1_273' title='bbox 284 2444 430 2480; x_wconf 85' lang='lat' dir='ltr'>Cassius</span> <span class='ocrx_word' id='word_1_274' title='bbox 462 2444 622 2480; x_wconf 88' lang='lat' dir='ltr'>Hemina</span> <span class='ocrx_word' id='word_1_275' title='bbox 649 2474 656 2481; x_wconf 92' lang='lat'>.</span> <span class='ocrx_word' id='word_1_276' title='bbox 679 2472 686 2479; x_wconf 94' lang='lat'>.</span> <span class='ocrx_word' id='word_1_277' title='bbox 709 2471 716 2479; x_wconf 92' lang='lat'>.</span> <span class='ocrx_word' id='word_1_278' title='bbox 743 2445 976 2490; x_wconf 85' lang='lat' dir='ltr'>appellatum</span> <span class='ocrx_word' id='word_1_279' title='bbox 1010 2456 1028 2480; x_wconf 83' lang='lat' dir='ltr'>e</span> <span class='ocrx_word' id='word_1_280' title='bbox 1056 2445 1089 2479; x_wconf 83' lang='lat' dir='ltr'><em>T</em></span> <span class='ocrx_word' id='word_1_281' title='bbox 1088 2456 1262 2481; x_wconf 76' lang='lat' dir='ltr'>uronensi</span> <span class='ocrx_word' id='word_1_282' title='bbox 1287 2446 1403 2480; x_wconf 80' lang='lat' dir='ltr'>edidit</span> <span class='ocrx_word' id='word_1_283' title='bbox 1429 2445 1566 2480; x_wconf 75' lang='lat' dir='ltr'>Daniel</span> <span class='ocrx_word' id='word_1_284' title='bbox 1594 2446 1607 2491; x_wconf 87' lang='grc' dir='ltr'>ΙΙ</span> <span class='ocrx_word' id='word_1_285' title='bbox 1646 2449 1690 2480; x_wconf 88' lang='grc'>10</span> <span class='ocrx_word' id='word_1_286' title='bbox 1716 2457 1777 2480; x_wconf 87' lang='lat' dir='ltr'>eas</span> 
     </span>
     <span class='ocr_line' id='line_1_33' title="bbox 68 2491 1778 2545; baseline 0.001 -19"><span class='ocrx_word' id='word_1_287' title='bbox 68 2492 202 2545; x_wconf 76' lang='lat' dir='ltr'>amnis]</span> <span class='ocrx_word' id='word_1_288' title='bbox 230 2504 253 2527; x_wconf 92' lang='lat' dir='ltr'>a</span> <span class='ocrx_word' id='word_1_289' title='bbox 276 2492 413 2534; x_wconf 84' lang='lat' dir='ltr'>somnis</span> <span class='ocrx_word' id='word_1_290' title='bbox 434 2491 475 2526; x_wconf 88' lang='lat' dir='ltr'>F</span> <span class='ocrx_word' id='word_1_291' title='bbox 490 2494 501 2538; x_wconf 87' lang='grc' dir='ltr'>ΙΙ</span> <span class='ocrx_word' id='word_1_292' title='bbox 523 2496 566 2527; x_wconf 88' lang='grc'>13</span> <span class='ocrx_word' id='word_1_293' title='bbox 593 2491 658 2537; x_wconf 90' lang='lat' dir='ltr'>qui</span> <span class='ocrx_word' id='word_1_294' title='bbox 684 2492 729 2527; x_wconf 87' lang='lat' dir='ltr'>de</span> <span class='ocrx_word' id='word_1_295' title='bbox 755 2493 894 2528; x_wconf 87' lang='lat' dir='ltr'>vimine</span> <span class='ocrx_word' id='word_1_296' title='bbox 919 2503 986 2529; x_wconf 84' lang='lat' dir='ltr'>om.</span> <span class='ocrx_word' id='word_1_297' title='bbox 1000 2492 1037 2527; x_wconf 88' lang='lat' dir='ltr'><strong><em>R</em></strong></span> <span class='ocrx_word' id='word_1_298' title='bbox 1055 2493 1068 2538; x_wconf 76' lang='lat' dir='ltr'>ss</span> <span class='ocrx_word' id='word_1_299' title='bbox 1087 2492 1180 2537; x_wconf 85' lang='lat' dir='ltr'>qui.</span> <span class='ocrx_word' id='word_1_300' title='bbox 1222 2492 1446 2538; x_wconf 84' lang='lat' dir='ltr'>,tegebant]</span> <span class='ocrx_word' id='word_1_301' title='bbox 1475 2492 1540 2537; x_wconf 91' lang='lat' dir='ltr'>qui</span> <span class='ocrx_word' id='word_1_302' title='bbox 1566 2493 1611 2528; x_wconf 88' lang='lat' dir='ltr'>de</span> <span class='ocrx_word' id='word_1_303' title='bbox 1637 2492 1778 2527; x_wconf 91' lang='lat' dir='ltr'>uimine</span> 
     </span>
     <span class='ocr_line' id='line_1_34' title="bbox 66 2538 1778 2585; baseline 0 -11"><span class='ocrx_word' id='word_1_304' title='bbox 66 2538 159 2574; x_wconf 83' lang='lat' dir='ltr'>facti</span> <span class='ocrx_word' id='word_1_305' title='bbox 184 2540 265 2585; x_wconf 84' lang='lat' dir='ltr'>(sic)</span> <span class='ocrx_word' id='word_1_306' title='bbox 290 2541 396 2575; x_wconf 88' lang='lat' dir='ltr'>scuta</span> <span class='ocrx_word' id='word_1_307' title='bbox 420 2539 632 2575; x_wconf 87' lang='lat' dir='ltr'>recentibus</span> <span class='ocrx_word' id='word_1_308' title='bbox 658 2540 835 2575; x_wconf 86' lang='lat' dir='ltr'>detractis</span> <span class='ocrx_word' id='word_1_309' title='bbox 861 2540 970 2575; x_wconf 87' lang='lat' dir='ltr'>coriis</span> <span class='ocrx_word' id='word_1_310' title='bbox 1003 2540 1110 2585; x_wconf 85' lang='lat' dir='ltr'>quasi</span> <span class='ocrx_word' id='word_1_311' title='bbox 1141 2539 1287 2585; x_wconf 90' lang='lat' dir='ltr'>glutino</span> <span class='ocrx_word' id='word_1_312' title='bbox 1319 2540 1587 2575; x_wconf 84' lang='lat' dir='ltr'>adolescebant</span> <span class='ocrx_word' id='word_1_313' title='bbox 1611 2540 1659 2574; x_wconf 90' lang='lat' dir='ltr'>F.</span> <span class='ocrx_word' id='word_1_314' title='bbox 1698 2551 1778 2575; x_wconf 86' lang='lat' dir='ltr'>cum</span> 
     </span>
     <span class='ocr_line' id='line_1_35' title="bbox 68 2586 1779 2633; baseline 0 -11"><span class='ocrx_word' id='word_1_315' title='bbox 68 2586 239 2622; x_wconf 83' lang='lat' dir='ltr'>Sallustii</span> <span class='ocrx_word' id='word_1_316' title='bbox 269 2587 386 2625; x_wconf 76' lang='lat' dir='ltr'>verbis</span> <span class='ocrx_word' id='word_1_317' title='bbox 416 2588 482 2623; x_wconf 82' lang='lat' dir='ltr'>hoc</span> <span class='ocrx_word' id='word_1_318' title='bbox 513 2588 588 2623; x_wconf 81' lang='lat' dir='ltr'>loco</span> <span class='ocrx_word' id='word_1_319' title='bbox 620 2588 784 2623; x_wconf 78' lang='lat' dir='ltr'>laudatis</span> <span class='ocrx_word' id='word_1_320' title='bbox 816 2588 885 2623; x_wconf 85' lang='lat' dir='ltr'>illa</span> <span class='ocrx_word' id='word_1_321' title='bbox 918 2599 1010 2632; x_wconf 78' lang='lat' dir='ltr'>quae</span> <span class='ocrx_word' id='word_1_322' title='bbox 1045 2588 1094 2623; x_wconf 85' lang='lat' dir='ltr'>ad</span> <span class='ocrx_word' id='word_1_323' title='bbox 1127 2598 1244 2633; x_wconf 75' lang='lat' dir='ltr'>yeory.</span> <span class='ocrx_word' id='word_1_324' title='bbox 1272 2587 1324 2621; x_wconf 92' lang='lat' dir='ltr'>III</span> <span class='ocrx_word' id='word_1_325' title='bbox 1352 2590 1419 2622; x_wconf 83' lang='lat'>155</span> <span class='ocrx_word' id='word_1_326' title='bbox 1455 2591 1779 2623; x_wconf 78' lang='lat' dir='ltr'>commemorantur</span> 
     </span>
     <span class='ocr_line' id='line_1_36' title="bbox 67 2633 1779 2680; baseline 0.001 -12"><span class='ocrx_word' id='word_1_327' title='bbox 67 2634 167 2669; x_wconf 86' lang='lat' dir='ltr'>coria</span> <span class='ocrx_word' id='word_1_328' title='bbox 200 2638 329 2670; x_wconf 88' lang='lat' dir='ltr'>&#39;recens</span> <span class='ocrx_word' id='word_1_329' title='bbox 365 2634 536 2670; x_wconf 85' lang='lat' dir='ltr'>detracta</span> <span class='ocrx_word' id='word_1_330' title='bbox 570 2634 678 2679; x_wconf 84' lang='lat' dir='ltr'>quasi</span> <span class='ocrx_word' id='word_1_331' title='bbox 708 2633 855 2680; x_wconf 82' lang='lat' dir='ltr'>glutino</span> <span class='ocrx_word' id='word_1_332' title='bbox 891 2635 1157 2670; x_wconf 85' lang='lat' dir='ltr'>adolescebant</span> <span class='ocrx_word' id='word_1_333' title='bbox 1187 2636 1306 2680; x_wconf 65' lang='lat' dir='ltr'>inepte</span> <span class='ocrx_word' id='word_1_334' title='bbox 1337 2635 1534 2670; x_wconf 78' lang='lat' dir='ltr'>coniuncta</span> <span class='ocrx_word' id='word_1_335' title='bbox 1559 2646 1630 2671; x_wconf 87' lang='lat' dir='ltr'>esse</span> <span class='ocrx_word' id='word_1_336' title='bbox 1654 2636 1779 2671; x_wconf 81' lang='lat' dir='ltr'>docuit</span> 
     </span>
     <span class='ocr_line' id='line_1_37' title="bbox 68 2681 1751 2728; baseline 0.001 -12"><span class='ocrx_word' id='word_1_337' title='bbox 68 2681 241 2717; x_wconf 64' lang='lat' dir='ltr'>Kvitzius</span> <span class='ocrx_word' id='word_1_338' title='bbox 258 2683 270 2727; x_wconf 91' lang='grc' dir='ltr'>ΙΙ</span> <span class='ocrx_word' id='word_1_339' title='bbox 292 2685 335 2716; x_wconf 82' lang='grc'>14</span> <span class='ocrx_word' id='word_1_340' title='bbox 359 2682 454 2717; x_wconf 89' lang='lat' dir='ltr'>bene</span> <span class='ocrx_word' id='word_1_341' title='bbox 479 2682 653 2717; x_wconf 82' lang='lat' dir='ltr'>thoracas</span> <span class='ocrx_word' id='word_1_342' title='bbox 672 2683 776 2728; x_wconf 86' lang='lat' dir='ltr'>nam]</span> <span class='ocrx_word' id='word_1_343' title='bbox 804 2682 892 2727; x_wconf 82' lang='lat' dir='ltr'>quia</span> <span class='ocrx_word' id='word_1_344' title='bbox 911 2682 998 2716; x_wconf 90' lang='lat' dir='ltr'>LH</span> <span class='ocrx_word' id='word_1_345' title='bbox 1011 2684 1023 2727; x_wconf 87' lang='grc' dir='ltr'>ΙΙ</span> <span class='ocrx_word' id='word_1_346' title='bbox 1045 2686 1087 2717; x_wconf 89' lang='grc'><strong>15</strong></span> <span class='ocrx_word' id='word_1_347' title='bbox 1107 2681 1225 2718; x_wconf 80' lang='grc'><strong>1111199</strong></span> <span class='ocrx_word' id='word_1_348' title='bbox 1244 2682 1280 2717; x_wconf 83' lang='lat' dir='ltr'><em>R</em></span> <span class='ocrx_word' id='word_1_349' title='bbox 1299 2684 1311 2728; x_wconf 77' lang='lat' dir='ltr'>l}</span> <span class='ocrx_word' id='word_1_350' title='bbox 1329 2684 1473 2717; x_wconf 71' lang='lat' dir='ltr'>tantum</span> <span class='ocrx_word' id='word_1_351' title='bbox 1495 2685 1648 2727; x_wconf 84' lang='lat' dir='ltr'>pectora</span> <span class='ocrx_word' id='word_1_352' title='bbox 1667 2683 1751 2717; x_wconf 89' lang='lat' dir='ltr'>LH</span> 
     </span>
     <span class='ocr_line' id='line_1_38' title="bbox 67 2723 1778 2775; baseline 0.001 -12"><span class='ocrx_word' id='word_1_353' title='bbox 67 2730 109 2764; x_wconf 85' lang='lat' dir='ltr'>ut</span> <span class='ocrx_word' id='word_1_354' title='bbox 133 2729 267 2765; x_wconf 82' lang='lat' dir='ltr'>statius</span> <span class='ocrx_word' id='word_1_355' title='bbox 292 2729 327 2763; x_wconf 92' lang='lat' dir='ltr'><em>L</em></span> <span class='ocrx_word' id='word_1_356' title='bbox 335 2729 380 2763; x_wconf 88' lang='lat' dir='ltr'><em>H</em></span> <span class='ocrx_word' id='word_1_357' title='bbox 406 2730 417 2775; x_wconf 82' lang='grc' dir='ltr'>ΙΙ</span> <span class='ocrx_word' id='word_1_358' title='bbox 454 2728 579 2774; x_wconf 82' lang='lat' dir='ltr'>tripici</span> <span class='ocrx_word' id='word_1_359' title='bbox 605 2729 650 2763; x_wconf 89' lang='lat' dir='ltr'><em>H</em></span> <span class='ocrx_word' id='word_1_360' title='bbox 675 2731 687 2775; x_wconf 87' lang='grc' dir='ltr'>ΙΙ</span> <span class='ocrx_word' id='word_1_361' title='bbox 727 2734 769 2765; x_wconf 88' lang='grc'><strong>16</strong></span> <span class='ocrx_word' id='word_1_362' title='bbox 801 2728 958 2775; x_wconf 68' lang='lat' dir='ltr'>pectora</span> <span class='ocrx_word' id='word_1_363' title='bbox 982 2740 1069 2764; x_wconf 81' lang='lat' dir='ltr'>nam</span> <span class='ocrx_word' id='word_1_364' title='bbox 1094 2730 1203 2775; x_wconf 86' lang='lat' dir='ltr'>tergo</span> <span class='ocrx_word' id='word_1_365' title='bbox 1228 2729 1338 2765; x_wconf 71' lang='lat' dir='ltr'>EM:</span> <span class='ocrx_word' id='word_1_366' title='bbox 1370 2732 1528 2775; x_wconf 67' lang='lat' dir='ltr'>pectora</span> <span class='ocrx_word' id='word_1_367' title='bbox 1552 2741 1639 2766; x_wconf 86' lang='lat' dir='ltr'>nam</span> <span class='ocrx_word' id='word_1_368' title='bbox 1664 2723 1778 2765; x_wconf 82' lang='lat' dir='ltr'>tellus</span> 
     </span>
     <span class='ocr_line' id='line_1_39' title="bbox 65 2776 1777 2823; baseline 0.002 -13"><span class='ocrx_word' id='word_1_369' title='bbox 65 2777 172 2822; x_wconf 78' lang='lat' dir='ltr'>tergo</span> <span class='ocrx_word' id='word_1_370' title='bbox 198 2776 227 2811; x_wconf 89' lang='lat' dir='ltr'>S</span> <span class='ocrx_word' id='word_1_371' title='bbox 251 2777 372 2822; x_wconf 86' lang='lat' dir='ltr'>(tergo</span> <span class='ocrx_word' id='word_1_372' title='bbox 397 2777 509 2811; x_wconf 88' lang='lat' dir='ltr'>tellus</span> <span class='ocrx_word' id='word_1_373' title='bbox 532 2777 565 2822; x_wconf 87' lang='lat' dir='ltr'>s)</span> <span class='ocrx_word' id='word_1_374' title='bbox 603 2783 797 2822; x_wconf 79' lang='lat' dir='ltr'>pectorum</span> <span class='ocrx_word' id='word_1_375' title='bbox 824 2788 911 2812; x_wconf 84' lang='lat' dir='ltr'>nam</span> <span class='ocrx_word' id='word_1_376' title='bbox 937 2779 1043 2823; x_wconf 83' lang='lat' dir='ltr'>tergo</span> <span class='ocrx_word' id='word_1_377' title='bbox 1069 2777 1153 2812; x_wconf 86' lang='lat' dir='ltr'>LH</span> <span class='ocrx_word' id='word_1_378' title='bbox 1186 2778 1394 2822; x_wconf 85' lang='lat' dir='ltr'>(pectorum</span> <span class='ocrx_word' id='word_1_379' title='bbox 1421 2778 1488 2813; x_wconf 86' lang='lat' dir='ltr'>del</span> <span class='ocrx_word' id='word_1_380' title='bbox 1516 2779 1542 2823; x_wconf 83' lang='lat' dir='ltr'>l)</span> <span class='ocrx_word' id='word_1_381' title='bbox 1579 2778 1777 2823; x_wconf 87' lang='lat' dir='ltr'>pectonam</span> 
     </span>
     <span class='ocr_line' id='line_1_40' title="bbox 66 2822 1777 2870; baseline 0.002 -13"><span class='ocrx_word' id='word_1_382' title='bbox 66 2824 173 2868; x_wconf 88' lang='lat' dir='ltr'>tergo</span> <span class='ocrx_word' id='word_1_383' title='bbox 206 2823 246 2858; x_wconf 92' lang='lat' dir='ltr'><em>F</em></span> <span class='ocrx_word' id='word_1_384' title='bbox 279 2826 337 2859; x_wconf 89' lang='lat' dir='ltr'>ter</span> <span class='ocrx_word' id='word_1_385' title='bbox 367 2823 492 2859; x_wconf 87' lang='lat' dir='ltr'>insuto</span> <span class='ocrx_word' id='word_1_386' title='bbox 526 2825 757 2859; x_wconf 83' lang='lat' dir='ltr'>servantem</span> <span class='ocrx_word' id='word_1_387' title='bbox 771 2822 940 2869; x_wconf 83' lang='lat' dir='ltr'>ingentia</span> <span class='ocrx_word' id='word_1_388' title='bbox 974 2825 1071 2860; x_wconf 71' lang='lat' dir='ltr'>ferro</span> <span class='ocrx_word' id='word_1_389' title='bbox 1105 2825 1274 2870; x_wconf 87' lang='lat' dir='ltr'>pectora:</span> <span class='ocrx_word' id='word_1_390' title='bbox 1310 2836 1396 2860; x_wconf 84' lang='lat' dir='ltr'>nam</span> <span class='ocrx_word' id='word_1_391' title='bbox 1431 2825 1539 2870; x_wconf 84' lang='lat' dir='ltr'>tergo</span> <span class='ocrx_word' id='word_1_392' title='bbox 1574 2836 1777 2870; x_wconf 86' lang='lat' dir='ltr'>numquam</span> 
     </span>
    </p>
   </div>
   <div class='ocr_carea' id='block_1_7' title="bbox 0 2870 1777 2972">
    <p class='ocr_par' dir='ltr' id='par_1_12' title="bbox 0 2870 1777 2965">
     <span class='ocr_line' id='line_1_41' title="bbox 0 2870 1777 2925; baseline 0 -19"><span class='ocrx_word' id='word_1_393' title='bbox 0 2890 6 2906; x_wconf 66' lang='lat' dir='ltr'>l</span> <span class='ocrx_word' id='word_1_394' title='bbox 67 2874 187 2906; x_wconf 84' lang='lat' dir='ltr'>metus</span> <span class='ocrx_word' id='word_1_395' title='bbox 213 2870 358 2906; x_wconf 75' lang='lat' dir='ltr'>Statius</span> <span class='ocrx_word' id='word_1_396' title='bbox 394 2873 406 2918; x_wconf 79' lang='grc' dir='ltr'>ΙΙ</span> <span class='ocrx_word' id='word_1_397' title='bbox 447 2875 487 2906; x_wconf 82' lang='grc'>17</span> <span class='ocrx_word' id='word_1_398' title='bbox 515 2871 634 2906; x_wconf 85' lang='lat' dir='ltr'>fexilli</span> <span class='ocrx_word' id='word_1_399' title='bbox 666 2872 886 2925; x_wconf 80' lang='lat' dir='ltr'>argumento</span> <span class='ocrx_word' id='word_1_400' title='bbox 913 2871 954 2906; x_wconf 93' lang='lat' dir='ltr'><em>F</em></span> <span class='ocrx_word' id='word_1_401' title='bbox 987 2873 999 2918; x_wconf 70' lang='lat' dir='ltr'>{l</span> <span class='ocrx_word' id='word_1_402' title='bbox 1038 2877 1080 2908; x_wconf 89' lang='lat'>18</span> <span class='ocrx_word' id='word_1_403' title='bbox 1117 2874 1156 2907; x_wconf 89' lang='lat' dir='ltr'>et</span> <span class='ocrx_word' id='word_1_404' title='bbox 1181 2872 1408 2917; x_wconf 85' lang='lat' dir='ltr'>spondiazon</span> <span class='ocrx_word' id='word_1_405' title='bbox 1433 2871 1520 2906; x_wconf 87' lang='lat' dir='ltr'>LH</span> <span class='ocrx_word' id='word_1_406' title='bbox 1554 2873 1777 2918; x_wconf 83' lang='lat' dir='ltr'>spondaicus</span> 
     </span>
     <span class='ocr_line' id='line_1_42' title="bbox 0 2918 1776 2972; baseline 0.001 -20"><span class='ocrx_word' id='word_1_407' title='bbox 0 2918 6 2945; x_wconf 77' lang='grc' dir='ltr'>ἶ</span> <span class='ocrx_word' id='word_1_408' title='bbox 66 2919 172 2972; x_wconf 60' lang='lat' dir='ltr'>vulfio</span> <span class='ocrx_word' id='word_1_409' title='bbox 200 2920 212 2965; x_wconf 82' lang='grc' dir='ltr'>ΙΙ</span> <span class='ocrx_word' id='word_1_410' title='bbox 244 2919 292 2954; x_wconf 85' lang='lat' dir='ltr'>ad</span> <span class='ocrx_word' id='word_1_411' title='bbox 317 2930 348 2955; x_wconf 81' lang='lat' dir='ltr'>v.</span> <span class='ocrx_word' id='word_1_412' title='bbox 377 2922 446 2954; x_wconf 89' lang='grc'>634</span> <span class='ocrx_word' id='word_1_413' title='bbox 470 2919 513 2953; x_wconf 77' lang='lat' dir='ltr'>iu</span> <span class='ocrx_word' id='word_1_414' title='bbox 538 2929 652 2963; x_wconf 72' lang='lat' dir='ltr'>mary.</span> <span class='ocrx_word' id='word_1_415' title='bbox 679 2918 890 2963; x_wconf 87' lang='lat' dir='ltr'>reciprocus</span> <span class='ocrx_word' id='word_1_416' title='bbox 917 2921 974 2954; x_wconf 88' lang='lat' dir='ltr'>est</span> <span class='ocrx_word' id='word_1_417' title='bbox 998 2930 1127 2954; x_wconf 87' lang='lat' dir='ltr'>uersus</span> <span class='ocrx_word' id='word_1_418' title='bbox 1154 2922 1192 2955; x_wconf 87' lang='lat' dir='ltr'>et</span> <span class='ocrx_word' id='word_1_419' title='bbox 1217 2919 1272 2955; x_wconf 87' lang='lat' dir='ltr'>ita</span> <span class='ocrx_word' id='word_1_420' title='bbox 1298 2919 1526 2965; x_wconf 81' lang='lat' dir='ltr'>compositus</span> <span class='ocrx_word' id='word_1_421' title='bbox 1552 2923 1595 2955; x_wconf 91' lang='lat' dir='ltr'>ut</span> <span class='ocrx_word' id='word_1_422' title='bbox 1619 2920 1776 2956; x_wconf 91' lang='lat' dir='ltr'>tunden-</span> 
     </span>
    </p>
   </div>
   <div class='ocr_carea' id='block_1_8' title="bbox 68 2964 1778 3201">
    <p class='ocr_par' dir='ltr' id='par_1_13' title="bbox 68 2964 1778 3201">
     <span class='ocr_line' id='line_1_43' title="bbox 68 2964 1778 3013; baseline 0.002 -14"><span class='ocrx_word' id='word_1_423' title='bbox 68 2964 163 3000; x_wconf 90' lang='lat' dir='ltr'>tium</span> <span class='ocrx_word' id='word_1_424' title='bbox 193 2965 416 3001; x_wconf 83' lang='lat' dir='ltr'>malleorum</span> <span class='ocrx_word' id='word_1_425' title='bbox 448 2977 622 3001; x_wconf 84' lang='lat' dir='ltr'>numerus</span> <span class='ocrx_word' id='word_1_426' title='bbox 654 2965 861 3001; x_wconf 86' lang='lat' dir='ltr'>immitetur</span> <span class='ocrx_word' id='word_1_427' title='bbox 890 2965 923 3000; x_wconf 81' lang='lat' dir='ltr'><em>T</em></span> <span class='ocrx_word' id='word_1_428' title='bbox 954 2968 966 3012; x_wconf 89' lang='grc' dir='ltr'>ΙΙ</span> <span class='ocrx_word' id='word_1_429' title='bbox 1006 2971 1048 3003; x_wconf 87' lang='grc'>19</span> <span class='ocrx_word' id='word_1_430' title='bbox 1081 2968 1175 3002; x_wconf 88' lang='lat' dir='ltr'>bene</span> <span class='ocrx_word' id='word_1_431' title='bbox 1207 2966 1443 3012; x_wconf 87' lang='lat' dir='ltr'>amphibolos</span> <span class='ocrx_word' id='word_1_432' title='bbox 1475 2968 1698 3012; x_wconf 82' lang='lat' dir='ltr'>(amfybolos</span> <span class='ocrx_word' id='word_1_433' title='bbox 1725 2967 1778 3013; x_wconf 91' lang='lat'>1)</span> 
     </span>
     <span class='ocr_line' id='line_1_44' title="bbox 68 3011 1777 3060; baseline 0.002 -13"><span class='ocrx_word' id='word_1_434' title='bbox 68 3011 162 3048; x_wconf 83' lang='lat' dir='ltr'>dixit</span> <span class='ocrx_word' id='word_1_435' title='bbox 180 3012 301 3048; x_wconf 82' lang='lat' dir='ltr'><em>SRF</em></span> <span class='ocrx_word' id='word_1_436' title='bbox 317 3015 328 3059; x_wconf 76' lang='grc' dir='ltr'>ΙΙ</span> <span class='ocrx_word' id='word_1_437' title='bbox 347 3024 434 3048; x_wconf 88' lang='lat' dir='ltr'>nam</span> <span class='ocrx_word' id='word_1_438' title='bbox 454 3015 493 3049; x_wconf 88' lang='lat' dir='ltr'>et</span> <span class='ocrx_word' id='word_1_439' title='bbox 513 3013 710 3048; x_wconf 87' lang='lat' dir='ltr'>classicum</span> <span class='ocrx_word' id='word_1_440' title='bbox 726 3014 775 3048; x_wconf 89' lang='lat' dir='ltr'><em>M</em></span> <span class='ocrx_word' id='word_1_441' title='bbox 791 3014 804 3057; x_wconf 78' lang='grc' dir='ltr'>ΙΙ</span> <span class='ocrx_word' id='word_1_442' title='bbox 829 3017 873 3048; x_wconf 92' lang='grc'>21</span> <span class='ocrx_word' id='word_1_443' title='bbox 894 3014 944 3049; x_wconf 85' lang='lat' dir='ltr'>ad</span> <span class='ocrx_word' id='word_1_444' title='bbox 962 3025 994 3050; x_wconf 88' lang='lat' dir='ltr'>v.</span> <span class='ocrx_word' id='word_1_445' title='bbox 1017 3018 1084 3050; x_wconf 82' lang='lat'>637</span> <span class='ocrx_word' id='word_1_446' title='bbox 1105 3016 1147 3049; x_wconf 76' lang='lat' dir='ltr'>in</span> <span class='ocrx_word' id='word_1_447' title='bbox 1169 3014 1376 3049; x_wconf 73' lang='lat' dir='ltr'>Turonensi</span> <span class='ocrx_word' id='word_1_448' title='bbox 1394 3015 1440 3049; x_wconf 84' lang='lat' dir='ltr'>ab</span> <span class='ocrx_word' id='word_1_449' title='bbox 1461 3025 1499 3049; x_wconf 91' lang='lat' dir='ltr'>eo</span> <span class='ocrx_word' id='word_1_450' title='bbox 1518 3017 1582 3060; x_wconf 79' lang='lat' dir='ltr'>qui</span> <span class='ocrx_word' id='word_1_451' title='bbox 1605 3015 1653 3050; x_wconf 80' lang='lat' dir='ltr'><em>T</em></span> <span class='ocrx_word' id='word_1_452' title='bbox 1637 3025 1777 3050; x_wconf 76' lang='lat' dir='ltr'>ironia</span> 
     </span>
     <span class='ocr_line' id='line_1_45' title="bbox 68 3059 1778 3107; baseline 0.001 -13"><span class='ocrx_word' id='word_1_453' title='bbox 68 3059 128 3094; x_wconf 77' lang='lat' dir='ltr'>nis</span> <span class='ocrx_word' id='word_1_454' title='bbox 151 3061 248 3096; x_wconf 79' lang='lat' dir='ltr'>uotis</span> <span class='ocrx_word' id='word_1_455' title='bbox 272 3061 444 3096; x_wconf 80' lang='lat' dir='ltr'>utebatur</span> <span class='ocrx_word' id='word_1_456' title='bbox 468 3061 554 3096; x_wconf 82' lang='lat' dir='ltr'>haec</span> <span class='ocrx_word' id='word_1_457' title='bbox 574 3061 765 3105; x_wconf 77' lang='lat' dir='ltr'>adscripta</span> <span class='ocrx_word' id='word_1_458' title='bbox 783 3064 871 3096; x_wconf 74' lang='lat' dir='ltr'>suut</span> <span class='ocrx_word' id='word_1_459' title='bbox 895 3064 1038 3097; x_wconf 79' lang='lat' dir='ltr'>tessera</span> <span class='ocrx_word' id='word_1_460' title='bbox 1063 3062 1210 3106; x_wconf 89' lang='lat' dir='ltr'>signum</span> <span class='ocrx_word' id='word_1_461' title='bbox 1238 3061 1374 3096; x_wconf 88' lang='lat' dir='ltr'>dicitur</span> <span class='ocrx_word' id='word_1_462' title='bbox 1398 3060 1560 3097; x_wconf 87' lang='lat' dir='ltr'>militare</span> <span class='ocrx_word' id='word_1_463' title='bbox 1587 3063 1687 3107; x_wconf 86' lang='lat' dir='ltr'>quod</span> <span class='ocrx_word' id='word_1_464' title='bbox 1713 3063 1778 3096; x_wconf 85' lang='lat' dir='ltr'>aut</span> 
     </span>
     <span class='ocr_line' id='line_1_46' title="bbox 68 3107 1776 3144; baseline 0.001 -3"><span class='ocrx_word' id='word_1_465' title='bbox 68 3107 198 3142; x_wconf 89' lang='lat' dir='ltr'>uocale</span> <span class='ocrx_word' id='word_1_466' title='bbox 224 3109 306 3143; x_wconf 89' lang='lat' dir='ltr'>erat</span> <span class='ocrx_word' id='word_1_467' title='bbox 330 3109 396 3143; x_wconf 83' lang='lat' dir='ltr'>aut</span> <span class='ocrx_word' id='word_1_468' title='bbox 420 3109 576 3144; x_wconf 88' lang='lat' dir='ltr'>mutum.</span> <span class='ocrx_word' id='word_1_469' title='bbox 617 3109 778 3144; x_wconf 87' lang='lat' dir='ltr'>uocale.</span> <span class='ocrx_word' id='word_1_470' title='bbox 797 3108 835 3143; x_wconf 90' lang='lat' dir='ltr'>in</span> <span class='ocrx_word' id='word_1_471' title='bbox 861 3118 952 3144; x_wconf 90' lang='lat' dir='ltr'>uoce</span> <span class='ocrx_word' id='word_1_472' title='bbox 977 3110 1120 3144; x_wconf 86' lang='lat' dir='ltr'>mutum</span> <span class='ocrx_word' id='word_1_473' title='bbox 1141 3119 1258 3144; x_wconf 92' lang='lat' dir='ltr'>uero.</span> <span class='ocrx_word' id='word_1_474' title='bbox 1278 3108 1318 3142; x_wconf 90' lang='lat' dir='ltr'>in</span> <span class='ocrx_word' id='word_1_475' title='bbox 1343 3108 1489 3144; x_wconf 85' lang='lat' dir='ltr'>uexillis</span> <span class='ocrx_word' id='word_1_476' title='bbox 1514 3110 1575 3144; x_wconf 87' lang='lat' dir='ltr'>uel</span> <span class='ocrx_word' id='word_1_477' title='bbox 1600 3110 1638 3144; x_wconf 91' lang='lat' dir='ltr'>in</span> <span class='ocrx_word' id='word_1_478' title='bbox 1663 3108 1776 3143; x_wconf 83' lang='lat' dir='ltr'>scutis</span> 
     </span>
     <span class='ocr_line' id='line_1_47' title="bbox 68 3153 1775 3201; baseline 0.002 -16"><span class='ocrx_word' id='word_1_479' title='bbox 68 3153 130 3187; x_wconf 89' lang='lat' dir='ltr'>uel</span> <span class='ocrx_word' id='word_1_480' title='bbox 161 3154 275 3189; x_wconf 84' lang='lat' dir='ltr'>etiam</span> <span class='ocrx_word' id='word_1_481' title='bbox 305 3155 345 3190; x_wconf 87' lang='lat' dir='ltr'>in</span> <span class='ocrx_word' id='word_1_482' title='bbox 377 3155 631 3200; x_wconf 85' lang='lat' dir='ltr'>uestimentis,</span> <span class='ocrx_word' id='word_1_483' title='bbox 666 3156 712 3191; x_wconf 86' lang='lat' dir='ltr'>ab</span> <span class='ocrx_word' id='word_1_484' title='bbox 738 3156 812 3191; x_wconf 80' lang='lat' dir='ltr'>alio</span> <span class='ocrx_word' id='word_1_485' title='bbox 837 3156 924 3191; x_wconf 83' lang='lat' dir='ltr'>haec</span> <span class='ocrx_word' id='word_1_486' title='bbox 954 3157 1097 3192; x_wconf 86' lang='lat' dir='ltr'>tessera</span> <span class='ocrx_word' id='word_1_487' title='bbox 1129 3155 1323 3191; x_wconf 87' lang='lat' dir='ltr'>dicebatur</span> <span class='ocrx_word' id='word_1_488' title='bbox 1354 3156 1503 3201; x_wconf 87' lang='lat' dir='ltr'>proprie</span> <span class='ocrx_word' id='word_1_489' title='bbox 1536 3156 1639 3191; x_wconf 89' lang='lat' dir='ltr'>ducis</span> <span class='ocrx_word' id='word_1_490' title='bbox 1671 3166 1775 3200; x_wconf 87' lang='lat' dir='ltr'>prae-</span> 
     </span>
    </p>
   </div>
   <div class='ocr_carea' id='block_1_9' title="bbox 67 3201 1751 3294">
    <p class='ocr_par' dir='ltr' id='par_1_14' title="bbox 67 3201 1751 3294">
     <span class='ocr_line' id='line_1_48' title="bbox 70 3201 1751 3249; baseline 0.001 -16"><span class='ocrx_word' id='word_1_491' title='bbox 70 3201 219 3244; x_wconf 77' lang='lat' dir='ltr'>ceptum</span> <span class='ocrx_word' id='word_1_492' title='bbox 239 3213 312 3246; x_wconf 90' lang='lat' dir='ltr'>quo</span> <span class='ocrx_word' id='word_1_493' title='bbox 330 3202 379 3237; x_wconf 83' lang='lat' dir='ltr'>ad</span> <span class='ocrx_word' id='word_1_494' title='bbox 398 3203 538 3238; x_wconf 86' lang='lat' dir='ltr'>bellum</span> <span class='ocrx_word' id='word_1_495' title='bbox 558 3202 890 3248; x_wconf 81' lang='lat' dir='ltr'>proficiscebantur</span> <span class='ocrx_word' id='word_1_496' title='bbox 903 3203 963 3238; x_wconf 86' lang='lat' dir='ltr'>uel</span> <span class='ocrx_word' id='word_1_497' title='bbox 983 3203 1300 3248; x_wconf 84' lang='lat' dir='ltr'>regrediebantur.</span> <span class='ocrx_word' id='word_1_498' title='bbox 1321 3204 1332 3249; x_wconf 80' lang='grc' dir='ltr'>ΙΙ</span> <span class='ocrx_word' id='word_1_499' title='bbox 1351 3202 1388 3238; x_wconf 91' lang='lat' dir='ltr'>id</span> <span class='ocrx_word' id='word_1_500' title='bbox 1409 3205 1465 3239; x_wconf 86' lang='lat' dir='ltr'>est</span> <span class='ocrx_word' id='word_1_501' title='bbox 1485 3202 1693 3248; x_wconf 86' lang='lat' dir='ltr'>symbolum</span> <span class='ocrx_word' id='word_1_502' title='bbox 1711 3201 1751 3236; x_wconf 89' lang='lat' dir='ltr'><em>F</em></span> 
     </span>
     <span class='ocr_line' id='line_1_49' title="bbox 67 3246 539 3294; baseline 0.011 -14"><span class='ocrx_word' id='word_1_503' title='bbox 67 3250 112 3280; x_wconf 84' lang='grc'>22</span> <span class='ocrx_word' id='word_1_504' title='bbox 139 3246 297 3294; x_wconf 88' lang='lat' dir='ltr'>scilicet]</span> <span class='ocrx_word' id='word_1_505' title='bbox 325 3249 362 3283; x_wconf 87' lang='lat' dir='ltr'>et</span> <span class='ocrx_word' id='word_1_506' title='bbox 387 3250 470 3285; x_wconf 83' lang='lat' dir='ltr'>add.</span> <span class='ocrx_word' id='word_1_507' title='bbox 498 3250 539 3284; x_wconf 97' lang='lat' dir='ltr'>F</span> 
     </span>
    </p>
   </div>
   <div class='ocr_carea' id='block_1_10' title="bbox 1808 1038 1851 1068">
    <p class='ocr_par' dir='ltr' id='par_1_15' title="bbox 1808 1038 1851 1068">
     <span class='ocr_line' id='line_1_50' title="bbox 1808 1038 1851 1068; baseline 0 0"><span class='ocrx_word' id='word_1_508' title='bbox 1808 1038 1851 1068; x_wconf 88' lang='lat'>10</span> 
     </span>
    </p>
   </div>
   <div class='ocr_carea' id='block_1_11' title="bbox 1803 1754 1849 1786">
    <p class='ocr_par' dir='ltr' id='par_1_16' title="bbox 1803 1754 1849 1786">
     <span class='ocr_line' id='line_1_51' title="bbox 1803 1754 1849 1786; baseline 0.022 -1"><span class='ocrx_word' id='word_1_509' title='bbox 1803 1754 1849 1786; x_wconf 78' lang='lat'>20</span> 
     </span>
    </p>
   </div>
  </div>
 </body>
</html>
