2092 3614
239 998 283 1030 10

241 1356 281 1388 15

239 1714 284 1746 20

241 2072 286 2104 25

242 2429 287 2461 30

305 235 394 278 488
1084 233 1244 269 SERVII

425 345 497 388 93.
549 355 711 387 VERSIS
744 354 958 386 ARCADES
990 354 1131 386 ARMIS
1169 343 1396 398 lugentum
1427 356 1546 384 more
1578 357 1824 385 mucronem
1854 342 2019 396 hastae,

306 432 394 460 non
426 416 649 471 cuspidem
682 417 832 458 contra
863 417 1026 458 terram
1057 416 1275 456 tenentes:
1305 414 1504 468 quoniam
1528 413 1693 467 antiqui
1716 414 1847 456 nostri
1877 413 2020 456 omnia

306 489 518 532 contraria
543 488 590 530 in
614 487 760 541 funere
781 487 1010 540 faciebant:
1043 488 1165 528 scuta
1191 485 1321 528 etiam
1348 485 1611 527 invertentes
1638 486 1815 541 propter
1839 484 2020 528 numina

306 560 398 603 illic
440 559 630 615 depicta,
673 573 727 601 ne
772 565 920 602 eorum·
961 558 1192 600 simulacra
1234 556 1454 599 cadaveris
1496 556 1792 612 polluerentur
1833 558 2022 612 aspectU‚

305 633 412 676 sicut
453 631 643 674 habuisse
682 630 867 674 Arcades
903 629 1176 684 Bacchylides
1219 629 1266 671 in
1301 628 1574 683 dithyrambis
1609 629 1730 671 dicit:
1770 631 1809 670 et
1843 627 1932 683 hoc,
1972 630 2021 669 ut

306 718 395 746 non
432 702 567 745 nullis
604 702 769 744 frustra
804 702 965 758 placet:
1006 716 1108 743 nam
1149 701 1375 756 lugentum
1414 714 1508 743 mos
1547 702 1614 742 est
1651 699 1808 755 prioris
1845 699 2021 741 habitus

307 774 553 818 inmutatio.
614 775 694 817 alii
724 773 866 817 ‘versis
896 772 1043 816 armis'
1075 773 1122 815 in
1153 772 1327 815 oblicum
1357 772 1484 815 versis
1513 772 1657 827 scutis,
1692 786 1742 815 ne
1770 771 2024 826 splenderent

306 847 514 902 insiynia:
552 859 676 888 arma
706 848 844 888 autem
873 848 990 888 scuta
1019 844 1102 887 dici
1131 844 1218 898 nise
1247 843 1446 896 declarat,
1476 847 1524 886 ut
1555 842 1623 898 <X
1655 842 1772 898 841>
1803 842 2022 885 Lausum

305 919 431 962 socii
466 918 741 960 exanimem
777 931 924 972 super
960 930 1100 958 arma
1138 915 1376 968 ferebant.
1437 916 1509 958 sed
1534 918 1668 969 potest
1704 914 1777 957 hoc
1812 915 1861 956 de
1890 914 2023 956 armis

307 991 434 1033 versis
463 1003 548 1032 non
578 990 636 1032 ad
664 989 858 1032 Arcadas
887 988 1037 1043 solum,
1071 988 1140 1030 sed
1169 987 1226 1029 ad
1255 1000 1394 1030 omnes
1422 987 1633 1041 pertinere.
1695 1001 1753 1029 an
1785 985 1926 1028 ‘versis
1955 1000 2022 1027 ar-

307 1061 403 1105 mis’
434 1062 544 1116 quod
566 1061 804 1115 interempto
830 1060 1024 1102 Pallante
1048 1060 1171 1101 victos
1195 1059 1283 1100 iam
1307 1072 1350 1101 se
1369 1058 1553 1101 Arcades
1582 1057 1905 1100 arbitrabantur.
1945 1057 2023 1099 alii

307 1134 450 1177 dicunt
485 1132 594 1175 hunc
630 1145 784 1174 morem
818 1131 965 1186 fuisse,
1003 1133 1051 1173 ut
1086 1131 1134 1172 de
1163 1144 1238 1173 suo
1269 1131 1368 1173 duce
1403 1144 1632 1184 numquam
1668 1143 1758 1172 voce
1792 1131 2024 1183 quereretur

307 1205 524 1260 exercitus,
554 1218 606 1247 ne
634 1204 779 1246 seditio
804 1203 1016 1257 paulatim
1047 1203 1291 1256 insumeret,
1322 1215 1462 1244 verum
1489 1194 1703 1244 armorum
1729 1201 1912 1243 ordinem
1936 1213 2023 1241 mu-

308 1280 440 1320 tantes
469 1279 585 1319 scuta
614 1276 769 1330 supina
791 1278 1021 1330 portarent.
1075 1288 1168 1328 erqo
1199 1274 1259 1316 vel
1290 1274 1454 1316 Aenea-s
1485 1274 1537 1316 ab
1567 1273 1803 1316 Arcadibus
1833 1272 2024 1326 arquitur

307 1349 418 1404 quod
444 1347 594 1391 Pallas
623 1361 710 1390 non
739 1347 796 1390 sit
823 1347 1073 1401 vindicatus,
1105 1346 1165 1388 vel
1189 1345 1392 1388 Euander
1421 1346 1531 1400 quod
1557 1345 1654 1387 novi
1683 1344 1855 1399 hospitis
1882 1343 2023 1398 qratia

308 1421 602 1464 adulescentem
634 1422 777 1461 temere
807 1419 854 1460 in
885 1418 990 1461 bella
1013 1417 1252 1472 proiecerat.

429 1492 499 1534 94.
550 1502 766 1534 COMITVM
797 1492 943 1545 potest
973 1504 1052 1545 pro
1085 1488 1402 1532 ‘comitantum'
1435 1487 1582 1544 accipi.

429 1563 499 1606 95.
550 1573 823 1612 GEMITVQVE
856 1561 978 1603 deest
1009 1559 1151 1603 ‘cum'.

430 1634 499 1677 96.
549 1645 639 1677 nos
670 1644 806 1676 ALIAS
838 1644 953 1675 nmo
986 1644 1049 1675 AD
1081 1644 1312 1676 LAORIMAS
1347 1633 1400 1675 ad
1427 1633 1559 1675 aliam
1591 1632 1869 1687 sepulturam,
1900 1632 1945 1674 id
1969 1634 2027 1674 est

309 1707 367 1749 ad
395 1708 542 1748 eeteros
572 1705 829 1759 sepeliendos,
860 1705 933 1758 qui
962 1705 1097 1747 eodem
1122 1705 1279 1758 proelio
1310 1705 1547 1747 ceciderunt.

429 1777 499 1819 97.
550 1788 697 1819 SALVE
723 1787 980 1819 AETERNVM
1005 1787 1111 1819 mm
1136 1787 1318 1818 MAxmn
1345 1787 1501 1818 PALLA
1526 1786 1875 1826 AETERNVMQVE
1902 1785 2023 1817 VALE

312 1847 453 1892 Varro
485 1847 532 1890 in
562 1847 686 1890 libris
719 1847 986 1904 logistoricis
1020 1847 1145 1902 dicit,
1177 1847 1277 1891 ideo
1311 1847 1494 1890 mortuis
1528 1845 1676 1890 ‘salve'
1708 1848 1751 1888 et
1777 1845 1903 1889 ‘vale'
1930 1845 2026 1898 dici,

310 1934 399 1962 non
429 1919 544 1975 quod
576 1921 652 1962 aut
682 1919 828 1962 valere
861 1921 938 1962 aut
969 1919 1082 1962 salvi
1114 1933 1207 1961 esse
1239 1921 1442 1974 possunt,
1474 1918 1548 1961 sed
1581 1917 1695 1974 quod
1727 1918 1781 1960 ab
1812 1917 1880 1960 his
1912 1932 2025 1960 rece-

311 1991 472 2047 dimus,
510 2005 583 2033 eos
621 2005 860 2047 numquam
897 1991 1045 2034 visuri.
1106 1990 1207 2033 hinc
1252 1992 1396 2033 ortum
1435 1991 1501 2032 est
1544 1991 1592 2032 ut
1635 1989 1766 2032 etiam
1808 1988 2025 2031 maledicti

314 2062 676 2120 significationem
708 2062 926 2104 interdum
952 2060 1081 2104 ‘vale'
1119 2061 1329 2118 obtineat,
1359 2064 1410 2104 ut
1441 2061 1667 2104 Terentius
1699 2061 1909 2103 valeant
1940 2060 2026 2116 qui

234 2179 238 2182 ,
312 2135 449 2177 inter
485 2148 578 2177 nos
617 2133 893 2176 discidium
931 2133 1131 2188 volunt,
1168 2133 1251 2176 hoc
1288 2135 1356 2176 est
1394 2133 1456 2175 ita
1488 2148 1513 2175 a
1544 2131 1670 2175 nobis
1702 2132 1940 2189 discedant,
1977 2133 2027 2174 ut

310 2220 547 2262 numquam
581 2204 636 2248 ad
665 2206 868 2249 nostrum
898 2207 1174 2248 revertantur
1206 2206 1441 2260 aspectum.
1499 2217 1603 2260 ergo
1635 2219 1733 2246 cum
1765 2205 1936 2246 mortuo
1963 2202 2026 2245 di-

312 2277 425 2320 citur
457 2275 597 2332 ‘vale',
628 2291 717 2319 non
748 2277 1016 2334 etymologia
1047 2276 1360 2319 consideranda
1392 2278 1470 2332 est,
1501 2276 1575 2319 sed
1608 2274 1885 2331 consuetudo,
1911 2275 2025 2331 quod

313 2348 444 2391 nullis
477 2347 605 2391 ‘vale'
638 2348 820 2391 dicimus
851 2348 939 2391 nisi
970 2363 996 2390 a
1029 2347 1183 2404 quibus
1216 2348 1466 2391 recedimus.

436 2419 533 2462 100.
585 2430 825 2463 ORATORES
863 2419 1016 2476 legati,
1063 2434 1089 2461 a
1125 2419 1366 2474 perorando
1408 2434 1486 2474 pro
1528 2418 1751 2475 republica
1790 2418 2024 2470 nominati:

411 2563 432 2595 5
457 2558 702 2606 Bacchylides
726 2559 767 2595 in
792 2559 1057 2606 dithyrambis]
1084 2572 1120 2605 p.
1144 2563 1234 2595 1231
1262 2571 1321 2605 ap.
1342 2559 1544 2605 Bergkium
1570 2562 1670 2605 poet.
1694 2560 1763 2606 lyr.
1784 2559 1845 2595 Gr.
1866 2559 1922 2595 ed.
1944 2559 1995 2594 III
2014 2558 2027 2606 Η

316 2612 361 2644 22
388 2607 508 2643 Varro
532 2608 573 2643 in
597 2606 681 2642 libr.
708 2606 851 2654 logist.]
878 2619 914 2653 p.
941 2610 1010 2642 258
1031 2607 1127 2642 Ries.
1154 2609 1166 2652 ΙΙ
1194 2611 1238 2642 25
1266 2607 1477 2654 Terentius]
1506 2607 1619 2643 Andr.
1646 2607 1695 2642 lV
1716 2612 1749 2651 2,
1773 2611 1826 2642 13.
1865 2607 1911 2642 ef.
1931 2607 2024 2643 Don.

317 2655 366 2692 ad
390 2657 491 2692 hunc
514 2666 549 2690 v.
570 2656 582 2702 ΙΙ
608 2658 654 2690 30
679 2654 797 2700 legati
824 2682 831 2690 .
853 2682 861 2690 .
883 2682 891 2690 .
916 2654 1120 2702 nominati]
1147 2666 1262 2691 exscr.
1288 2654 1375 2691 Isid.
1403 2666 1453 2691 or.
1482 2655 1514 2691 X
1543 2658 1619 2691 195.

412 2791 431 2822 1
458 2785 666 2833 lugentium
691 2784 777 2820 RF
791 2786 804 2831 ΙΙ
822 2796 1038 2821 mucronem
1064 2787 1211 2833 hastae]
1238 2798 1325 2822 nam
1351 2786 1501 2822 hastam
1525 2786 1599 2822 As
1614 2787 1627 2832 [Ι
1644 2786 1794 2821 hastam
1821 2786 1870 2821 M
1885 2786 1899 2831 ss
1923 2789 1944 2820 3
1970 2785 2024 2820 fa.-

315 2835 412 2871 ciem
438 2834 473 2870 G
495 2836 509 2879 ΙΙ
539 2833 710 2879 numina]
739 2831 866 2868 omnia
891 2833 932 2868 F
953 2834 966 2878 ΙΙ
996 2837 1019 2868 4
1045 2834 1202 2879 aspectu
1227 2834 1325 2870 sicut
1347 2833 1525 2870 habuisse
1551 2835 1706 2879 aspectu
1730 2833 1827 2869 sicut
1850 2832 2024 2868 habuisse

315 2894 343 2919 e.
362 2894 394 2928 q.
415 2893 443 2918 8.
470 2882 511 2916 F
526 2883 538 2926 ΙΙ
564 2885 584 2916 5
610 2880 817 2916 bachilides
842 2880 883 2915 F
898 2883 910 2926 ΙΙ
938 2885 957 2916 7
984 2882 1135 2926 quidam
1160 2881 1278 2918 uersis
1305 2881 1495 2927 accipiunt
1519 2881 1558 2916 in
1583 2880 1777 2925 obliquum
1801 2878 1919 2916 uersis
1944 2891 2024 2915 scu-

313 2930 364 2965 tis
385 2957 393 2965 .
411 2958 417 2964 .
434 2957 442 2965 .
463 2929 741 2964 adulescentem
764 2928 906 2963 temere
931 2929 1159 2974 produxerat
1183 2930 1222 2964 in
1248 2929 1348 2965 bella
1372 2929 1455 2965 hab.
1479 2929 1512 2964 T
1528 2930 1540 2975 ΙΙ
1560 2928 1738 2974 oblicum]
1766 2928 1824 2963 est
1848 2928 1932 2963 add.
1957 2926 1992 2963 G
2013 2926 2026 2975 Η

316 2982 338 3014 8
364 2977 490 3012 autem
517 2987 621 3012 arma
648 2976 681 3010 Τ
698 2977 710 3023 ΙΙ
730 2976 897 3012 declarat
921 2976 1024 3011 locus
1050 2976 1114 3012 ille
1144 2977 1177 3011 T
1193 2978 1205 3022 ΙΙ
1238 2980 1282 3012 10
1307 2977 1356 3014 ad
1381 2980 1466 3012 ante
1491 2976 1654 3012 Arcadas
1680 2986 1746 3011 om.
1768 2974 1809 3010 F
1823 2976 1836 3021 ΙΙ
1854 2975 1919 3022 an]
1945 2975 2025 3010 siue

319 3025 352 3060 T
369 3026 382 3071 ΙΙ
413 3029 453 3060 11
481 3022 681 3060 interfecto
711 3024 770 3069 ΤΙΙ
801 3023 953 3059 arcades
979 3035 1018 3059 se
1043 3023 1163 3060 uictos
1189 3024 1467 3060 arbitrabantur
1495 3024 1528 3058 Τ
1544 3025 1557 3069 ΙΙ
1589 3027 1631 3058 12
1659 3023 1767 3069 duce]
1795 3023 1928 3057 ducere
1955 3023 1990 3058 G
2013 3021 2025 3070 Η

321 3077 363 3109 16
387 3071 658 3108 aduliscentem
686 3071 727 3107 F
749 3071 1041 3116 (adulescentem
1067 3071 1115 3117 G)
1140 3074 1153 3117 ΙΙ
1182 3072 1310 3107 tenere
1337 3071 1378 3106 F
1404 3074 1416 3118 ΙΙ
1455 3074 1497 3107 17
1524 3070 1745 3106 comitatum
1770 3070 1810 3105 F
1845 3069 2025 3106 comitan-

315 3121 411 3156 tium
429 3119 569 3156 Daniel
587 3120 599 3166 ΙΙ
621 3123 663 3154 19
688 3119 727 3154 id
754 3120 810 3155 est
830 3148 838 3156 .
859 3146 868 3154 .
891 3147 899 3154 .
919 3118 1134 3155 ceciderunt
1158 3120 1240 3155 hab.
1263 3119 1296 3154 T
1312 3120 1324 3166 ΙΙ
1349 3123 1393 3155 22
1419 3117 1607 3153 historicis
1632 3117 1669 3152 R
1705 3117 1929 3153 locistoricis
1948 3117 1994 3152 H

317 3173 363 3204 23
388 3167 537 3214 possint
560 3166 611 3202 M
623 3168 635 3214 ΙΙ
666 3171 712 3202 24
738 3178 923 3212 nusquam
947 3166 1015 3212 Fu
1047 3168 1104 3201 est
1129 3178 1195 3203 om.
1221 3167 1324 3213 Asu
1355 3170 1400 3202 25
1425 3166 1553 3201 ualeat
1578 3165 1623 3200 H
1634 3166 1647 3211 ΙΙ
1678 3169 1723 3200 26
1749 3165 1927 3201 recedant
1950 3164 1992 3200 F

318 3220 363 3251 29
388 3215 462 3251 nisi
487 3226 510 3250 a
534 3225 600 3250 om.
627 3215 673 3249 H
692 3215 704 3260 ΙΙ
738 3218 782 3250 30
809 3226 832 3250 a
855 3214 1082 3261 perorando]
1110 3225 1131 3249 o
1157 3214 1323 3260 porando
1348 3214 1385 3249 R
