2124 3600
551 255 700 292 COMM.
726 256 779 291 IN
805 255 948 292 VERG.
975 256 1087 291 AEN.
1116 256 1166 291 VI
1192 255 1341 293 734-83.
1751 257 1805 297 19

96 365 256 408 mixto
306 364 561 420 Delphica
611 365 882 408 Thebanae
938 365 1172 408 referunt
1227 365 1501 408 trieterica
1558 362 1807 408 Bacchae:

95 436 208 478 unde
239 437 286 479 in
317 451 465 479 eorum
498 437 631 478 sacris
665 438 758 478 erat
787 435 1068 479 Phoebadum
1101 436 1456 491 Baccharumque
1489 440 1735 480 conventus.

219 508 286 550 79.
335 519 607 551 EXCVSSISSE
645 520 779 550 DEVM
817 509 957 550 excuti
995 509 1167 564 proprie
1207 508 1258 549 de
1296 508 1418 563 equis
1452 508 1651 551 dicimus:
1694 509 1807 565 quod

97 579 194 621 ideo
226 580 379 635 traxit,
412 580 513 635 quia
544 579 764 634 Phoebus,
802 580 846 621 id
878 582 945 622 est
977 569 1068 635 Sol,
1101 579 1221 635 equis
1252 579 1402 621 utitur.
1452 582 1495 620 et
1526 594 1640 621 nunc
1667 579 1807 635 Sibyl-

94 651 181 692 lam
222 651 347 706 quasi
385 666 558 706 equum,
599 651 851 706 Apollinem
892 652 1017 707 quasi
1055 652 1243 707 equitem
1281 651 1446 692 inducit
1483 653 1526 693 et
1557 651 1602 692 in
1634 666 1684 693 ea
1716 666 1807 706 per-

95 724 241 764 manet
271 722 574 764 translatione:
608 721 879 765 ‘excussisse'
912 723 994 778 ait,
1025 725 1074 765 ut
1101 723 1193 778 <XI
1221 723 1336 777 615>
1370 737 1615 765 excussus
1642 722 1805 765 Acon-

94 796 227 849 teus3
258 794 364 836 item
397 793 512 835 ‘fera
543 793 673 836 corda
704 794 920 849 domans',
961 795 1075 850 quod
1108 797 1174 837 est
1205 810 1411 851 equorum
1443 795 1630 857 primum
1661 795 1808 837 frenos
1874 829 1877 831 ,

93 865 186 919 pati
218 867 261 907 et
287 865 502 920 stimulos,
534 867 583 907 ut
608 865 753 921 <100>
786 881 843 908 ea
872 866 1021 909 frena
1052 867 1249 909 furenti
1282 867 1517 909 concutit
1549 869 1598 908 et
1630 867 1808 908 stimu-

92 936 170 978 los
219 935 308 978 sub
352 938 562 990 pectore
606 937 768 979 vertit
812 937 1016 992 Apollo.
1086 938 1201 993 quod
1245 940 1388 980 autem
1432 938 1537 980 dicit
1581 937 1809 994 ‘magnum

97 1005 257 1062 deum',
294 1022 382 1049 non
418 1022 464 1049 re
505 1022 606 1050 vera
645 1008 725 1063 ait,
764 1007 837 1050 sed
876 1009 1028 1050 retulit
1067 1009 1120 1050 ad
1159 1009 1359 1051 affectum
1398 1009 1599 1064 colentis,
1640 1012 1688 1051 ut
1719 1009 1809 1064 <ΧΙ

99 1077 213 1132 785>
247 1092 437 1120 summe
470 1078 633 1134 deum,
667 1079 834 1120 sancti
867 1082 1044 1122 custos
1078 1078 1311 1122 Soractis
1338 1079 1545 1135 Apollo:
1576 1081 1809 1136 unicuique

95 1150 209 1191 enim
241 1149 344 1191 deus
378 1164 505 1205 quem
537 1150 642 1192 colit
673 1164 859 1205 magnus
891 1151 1071 1192 videtur.
1124 1150 1392 1193 ‘excussisse'
1418 1165 1510 1194 vero
1536 1151 1695 1194 ‘deum'
1728 1168 1807 1208 pro

95 1220 351 1276 ‘excutere'‚
390 1223 561 1276 tempus
592 1225 650 1264 est
678 1236 757 1276 pro
790 1224 996 1277 tempore.
1059 1224 1125 1264 est
1163 1225 1307 1264 autem
1340 1223 1490 1265 Attica
1526 1223 1684 1280 figura,
1723 1239 1808 1280 qua

94 1306 175 1334 nos
207 1292 273 1334 uti
303 1306 392 1334 non
424 1293 642 1349 convenit,
676 1293 778 1348 quia
809 1292 892 1335 hac
923 1293 1104 1334 licenter
1135 1296 1319 1336 utuntur
1349 1298 1516 1350 poetae.

214 1363 281 1406 80.
333 1375 590 1414 FINGITQVE
629 1376 886 1407 PREMENDO
925 1365 1165 1420 componit,
1205 1367 1254 1406 ut
1286 1365 1422 1420 <VIII
1456 1366 1571 1421 634>
1612 1369 1661 1408 et
1698 1382 1807 1410 cor—

93 1449 218 1491 pora
255 1435 459 1491 fingere
498 1435 690 1491 lingua.
753 1435 972 1490 componit
1010 1438 1153 1478 autem
1185 1436 1238 1477 ad
1270 1437 1611 1480 moderationem
1644 1441 1808 1481 certam

96 1506 281 1549 dicendi:
322 1509 371 1548 ut
410 1506 525 1548 enim
565 1522 697 1562 supra
729 1506 825 1562 <111
857 1507 972 1561 374>
1012 1507 1217 1563 diximus,
1259 1508 1406 1551 omnia
1443 1509 1617 1565 quidem
1649 1510 1808 1567 vident,

95 1578 169 1620 sed
199 1592 288 1619 non
321 1578 468 1620 omnia
499 1578 695 1620 indicant
727 1578 983 1621 sacerdotes.
1556 1571 1558 1573 ¹

215 1650 283 1692 81.
334 1660 472 1692 OSTIA
503 1661 684 1700 IAMQVE
717 1661 876 1692 DOMVS
909 1661 1121 1692 PATVERE
1159 1651 1360 1706 precibus
1392 1652 1568 1695 scilicet.
1622 1656 1666 1696 et
1699 1669 1807 1710 quae

99 1723 234 1781 antea(
259 1720 371 1763 ostia
403 1723 544 1777 erant,
574 1721 795 1776 patefacta
826 1721 968 1764 aditus
1002 1736 1095 1763 esse
1127 1726 1373 1778 coeperunt.

216 1793 283 1835 82.
334 1804 521 1843 FERVNT
554 1804 791 1835 RESPONSA
823 1793 924 1848 quia
955 1793 1017 1835 ait
1049 1807 1180 1849 supra
1212 1795 1327 1850 <53>
1362 1809 1450 1837 ora
1481 1795 1669 1839 domus.

216 1863 284 1905 83.
333 1875 505 1906 PELAGI
536 1876 788 1907 DEFVNOTE
821 1876 1036 1908 ancms
1068 1880 1157 1908 non
1188 1866 1369 1908 liberate
1401 1867 1577 1923 pelago,
1616 1868 1689 1910 sed
1722 1884 1807 1911 ma-

94 1934 203 1977 rinis
235 1935 456 1990 periculis:
488 1950 590 1977 nam
617 1934 756 1978 adhuc
781 1936 1066 1992 navigaturus
1094 1939 1178 1992 est,
1210 1938 1285 1980 sed
1311 1938 1403 1980 sine
1429 1939 1518 1980 ullo
1547 1939 1808 1983 discrimine.

96 2005 339 2048 ‘defuncte'
379 2009 523 2049 autem
560 2007 760 2049 liberate:
797 2022 899 2049 nam
938 2007 1119 2050 dicimus
1158 2008 1330 2052 functos
1370 2010 1513 2053 officio
1551 2012 1624 2067 qui
1664 2013 1808 2054 officia

95 2175 116 2207 2
163 2127 237 2206 334
263 2123 436 2160 defuncte
462 2125 588 2160 autem
614 2135 644 2159 e.
673 2135 707 2169 q.
735 2124 781 2170 6.]
814 2124 860 2160 cf.
887 2124 982 2160 Non.
1008 2136 1044 2170 p.
1071 2129 1153 2171 287,
1180 2131 1219 2171 3;
1251 2125 1336 2162 leid.
1365 2126 1459 2173 orig.
1486 2127 1537 2162 IX
1562 2132 1595 2173 4,
1623 2133 1668 2164 20
1694 2131 1732 2164 et
1756 2129 1806 2164 XI

128 2201 137 2218 ²

193 2284 211 2314 1
238 2279 424 2325 Delphica
450 2307 458 2316 .
482 2308 489 2314 .
511 2263 733 2326 .'“Bacchae]
759 2279 793 2315 d.
820 2280 847 2314 t.
874 2292 901 2314 r.
928 2280 954 2316 t.
981 2280 1016 2316 b.
1045 2279 1076 2314 C'
1096 2282 1109 2326 ΙΙ
1134 2280 1319 2326 Delphica
1343 2282 1561 2329 Thebanae]
1587 2283 1717 2329 telfiga
1742 2283 1806 2319 de-

95 2326 194 2363 bana
219 2328 265 2362 H
291 2329 304 2373 Ι]
333 2327 501 2363 thebana
524 2327 693 2362 RASH
713 2327 914 2373 (thebanae
940 2329 977 2371 a)
1002 2329 1015 2373 ss
1044 2327 1263 2364 trietherica
1288 2330 1324 2364 A
1361 2330 1578 2366 trietherico
1604 2331 1646 2365 H
1669 2332 1682 2375 ΙΙ
1712 2330 1806 2367 Bac—

96 2373 204 2421 chae]
230 2375 301 2410 bae
327 2375 372 2410 Η
385 2376 398 2420 ΙΙ
425 2379 446 2410 2
473 2385 598 2410 earum
627 2375 657 2410 0
673 2375 685 2420 ΙΙ
705 2374 801 2410 sacri
826 2375 860 2409 G
878 2376 891 2421 ΙΙ
916 2375 1012 2422 erat]
1039 2386 1107 2412 om.
1132 2377 1185 2420 A,
1213 2378 1321 2411 erant
1346 2377 1375 2412 S
1391 2378 1405 2423 ΙΙ
1432 2378 1690 2423 Phoebadum]
1717 2378 1806 2414 dum

95 2422 171 2458 AS
212 2424 411 2468 paruatum
436 2421 473 2457 R
515 2422 713 2467 probatum
739 2422 785 2456 H
823 2423 912 2457 dum
938 2423 1005 2458 del.
1032 2427 1065 2458 et
1090 2426 1171 2459 erat
1195 2425 1395 2469 probatum
1426 2426 1468 2460 in
1493 2437 1607 2471 mary.
1634 2427 1719 2462 add.
1746 2438 1770 2461 a
1795 2427 1797 2474 J

96 2473 118 2504 3
145 2470 287 2505 excutit
310 2470 346 2505 A
376 2471 390 2515 ΙΙ
423 2481 538 2514 equus
564 2469 644 2504 FG
674 2471 686 2516 ΙΙ
717 2469 763 2505 de
789 2470 912 2516 equis]
938 2471 1093 2514 fortasse
1118 2472 1284 2516 equitem
1315 2473 1328 2518 ΙΙ
1364 2477 1387 2507 4
1411 2473 1512 2519 ideo]
1541 2473 1628 2509 inde
1654 2474 1775 2510 FGG
1795 2475 1797 2520 f

98 2521 118 2552 5
144 2527 362 2562 permanens
388 2517 480 2553 GM
502 2518 514 2562 [1
542 2521 562 2552 6
590 2518 809 2553 acontentus
835 2517 907 2552 AS
943 2517 1157 2554 hacondeus
1183 2519 1228 2553 H
1262 2520 1302 2565 (h
1328 2521 1413 2556 add.
1439 2532 1484 2555 m.
1511 2522 1592 2566 sec.)
1617 2522 1630 2566 ΙΙ
1659 2526 1679 2557 7
1706 2521 1806 2566 quod

99 2565 157 2599 est
184 2592 191 2599 .
214 2593 221 2600 .
244 2593 251 2600 .
279 2563 464 2609 stimulos]
497 2565 596 2609 quod
627 2564 818 2610 proprium
853 2576 1029 2609 equorum
1058 2567 1115 2600 est
1141 2567 1179 2601 et
1204 2566 1328 2602 frenos
1354 2569 1393 2602 et
1418 2568 1587 2603 stimulos
1613 2568 1695 2613 pati
1722 2570 1772 2603 M
1794 2569 1806 2615 Η

96 2611 259 2656 primum
284 2611 462 2647 RASH:
488 2611 680 2657 proprium
707 2612 882 2647 FGOM
909 2613 922 2657 ΙΙ
959 2617 979 2647 9
1006 2614 1226 2658 suppectore
1253 2614 1326 2650 AS
1356 2616 1369 2660 ΙΙ
1408 2619 1452 2650 10
1478 2615 1543 2651 sed
1568 2615 1698 2651 retulit
1724 2645 1731 2652 .
1761 2646 1768 2653 .
1797 2645 1803 2651 .

98 2658 271 2707 colentis]
306 2659 371 2694 sed
401 2658 559 2694 furentis
590 2659 639 2694 ad
670 2659 846 2695 affectum
878 2659 918 2694 id
950 2661 1007 2695 est
1032 2661 1190 2696 colentis
1217 2661 1295 2697 FG
1331 2663 1344 2707 ΙΙ
1380 2662 1526 2710 retulit]
1553 2663 1715 2699 referens
1742 2664 1774 2699 Ο
1794 2664 1807 2711 ΙΙ

98 2706 245 2742 colendi
269 2706 315 2741 H
328 2707 341 2752 ΙΙ
363 2711 404 2741 11
432 2707 556 2742 custos
583 2707 701 2742 sancti
727 2707 891 2742 ARSH
908 2708 921 2752 ΙΙ
940 2709 1103 2743 soractes
1129 2709 1164 2743 A
1192 2710 1298 2752 (corr.
1322 2712 1361 2755 a)
1380 2711 1392 2756 ῃ
1412 2711 1563 2757 Apollo]
1591 2723 1624 2755 q.
1652 2723 1687 2756 p.
1715 2711 1804 2746 coli-

41 2765 43 2768 *
98 2765 178 2789 mus
205 2754 289 2789 add.
311 2754 349 2797 0,
376 2765 486 2798 quem
511 2753 623 2799 primi
642 2754 799 2790 colimus
825 2755 896 2793 hoc
916 2756 974 2790 est
991 2755 1140 2801 proprie
1160 2756 1194 2792 G
1212 2757 1225 2801 ΙΙ
1246 2761 1288 2792 13
1307 2757 1491 2803 tempore]
1520 2760 1565 2790 ÷
1586 2770 1653 2803 pro
1680 2760 1805 2794 cutere

99 2801 182 2836 add.
199 2801 236 2836 R
254 2802 267 2846 ΙΙ
288 2805 331 2836 14
358 2801 546 2847 convenit]
573 2803 616 2836 ut
640 2798 814 2846 ἀόριστος
838 2803 1001 2847 ponatur
1025 2814 1093 2848 pro
1122 2800 1322 2844 ἐνεστῶτος
1346 2807 1389 2840 ut
1408 2803 1531 2851 γράψε
1548 2817 1619 2851 pro
1640 2803 1805 2851 γράφειν

98 2849 183 2884 add.
197 2848 236 2883 D
253 2850 267 2894 11
286 2848 389 2896 quia]
416 2860 482 2884 om.
505 2849 554 2883 M
589 2848 654 2894 qui
671 2849 760 2884 AH
782 2850 885 2894 (quia
910 2851 947 2894 α)
966 2852 979 2895 ΙΙ
998 2850 1068 2886 hac
1093 2862 1158 2886 om.
1174 2851 1219 2885 H
1232 2853 1245 2897 fl
1267 2856 1309 2886 15
1334 2853 1441 2888 schol.
1463 2854 1513 2888 ad
1531 2865 1562 2888 v.
1583 2857 1629 2889 80
1655 2865 1721 2889 om.
1741 2854 1775 2889 G

99 2896 305 2943 componit]
333 2897 474 2941 compit
499 2896 540 2931 F
554 2897 567 2941 ΙΙ
592 2897 762 2942 corpora]
791 2909 854 2932 cor
879 2895 924 2931 H
939 2898 952 2942 u
982 2901 1024 2932 16
1050 2898 1178 2933 autem
1206 2926 1211 2934 .
1236 2926 1243 2934 .
1267 2928 1275 2936 .
1303 2911 1383 2935 esse
1410 2902 1612 2946 coeperunt
1636 2912 1702 2936 om.
1729 2901 1774 2935 H

98 2943 200 2978 certa
224 2943 297 2979 AS
306 2944 355 2978 M
370 2945 383 2989 ΙΙ
412 2948 454 2979 17
482 2945 525 2978 ut
549 2971 557 2979 .
580 2971 587 2979 .
610 2971 617 2978 .
644 2944 820 2990 diximus]
848 2943 1010 2980 diximus
1036 2945 1134 2980 enim
1160 2958 1272 2992 supra
1296 2947 1337 2981 F
1346 2947 1377 2983 0
1397 2948 1410 2992 ΙΙ
1437 2951 1480 2983 18
1507 2948 1735 2994 sacerdotes]
1762 2951 1805 2984 ut

100 3000 211 3035 supra
234 3002 303 3026 nec
327 2991 475 3026 tantum
500 2991 656 3036 prodere
682 2991 763 3027 uati
795 2995 976 3036 quantum
1008 2992 1101 3028 scire
1127 2991 1219 3029 licet
1243 2995 1327 3030 add.
1354 2995 1403 3031 D.
1441 2996 1570 3040 (swpra
1595 3006 1663 3031 nec
1688 2997 1805 3031 altera

99 3047 231 3073 manus
254 3039 409 3074 lucanus
434 3039 591 3083 scripsit.
640 3039 683 3073 ut
709 3050 820 3084 supra
846 3040 891 3074 de
917 3039 1074 3076 Heleno.
1125 3042 1163 3075 et
1188 3041 1356 3076 Lucanus
1383 3042 1430 3088 (V
1458 3044 1539 3086 176)
1565 3054 1633 3078 nec
1658 3044 1804 3077 tantum

99 3095 186 3185 ‘Sint
210 3085 566 3186 {tfssl'ssffift
588 3086 638 3168 ἓξ
659 3086 845 3178 fai-'titt
859 3088 1072 3169 ³0⁷s‘22n'0'zi2222’r
1085 3088 1173 3180 ἶῖΠὲῗ
1193 3088 1331 3170 ῗοέἕιέὲ
1347 3090 1805 3189 Zfflfflgssn‘zlttss‘ztffgffi

102 3188 190 3221 qma
213 3181 254 3214 ut
279 3192 390 3225 supra
414 3180 469 3216 ait
494 3191 560 3216 ora
585 3181 716 3216 domus
740 3183 895 3226 patuere
922 3181 1002 3225 FO,
1028 3183 1103 3217 ‘nisi
1127 3183 1223 3226 quod
1248 3186 1402 3227 patuere
1428 3195 1494 3219 om.
1523 3184 1555 3218 (J
1578 3184 1591 3227 ΙΙ
1622 3187 1666 3217 22
1693 3194 1804 3218 maris

103 3222 179 3258 FO
199 3226 212 3271 ΙΙ
235 3230 279 3261 23
304 3227 494 3273 periculis]
523 3227 673 3275 periclis
700 3229 747 3270 A,
773 3239 839 3263 om.
866 3229 911 3263 H
925 3229 937 3273 ss
965 3233 1011 3263 24
1037 3230 1163 3264 autem
1189 3240 1255 3264 om.
1281 3230 1371 3265 RH
1383 3232 1396 3276 ΙΙ
1414 3231 1588 3276 liberate]
1617 3230 1805 3275 significat

1470 3288 1519 3323 2*

1836 1017 1879 1049 10

1836 1375 1879 1407 15

1833 1734 1879 1765 20
