2092 3614
549 264 698 300 COMM.
727 264 779 321 IN
805 265 950 301 VERG.
975 264 1087 302 AEN.
1114 265 1147 299 X
1173 268 1373 301 487-507.
1734 266 1821 307 443

108 388 201 416 eum
241 375 348 416 inter
387 388 452 416 eos
489 375 686 417 contentio
724 376 771 416 de
808 374 1061 428 Memphidis
1103 374 1275 428 imperio
1316 375 1479 428 fuisset,
1522 375 1666 418 multis
1707 389 1823 430 saepe

109 447 136 499 †
152 446 328 488 aduotus
366 446 621 488 contumeliis
654 446 834 488 Danaus
868 446 999 499 fratri
1028 446 1212 501 Aeyypto
1249 447 1367 488 cessit
1400 447 1572 503 imperio
1609 450 1648 489 et
1681 447 1823 490 relicta

108 514 292 573 (patria)
330 517 388 559 ad
416 517 740 571 Peloponnesum
769 519 965 572 perrexit.
1027 518 1144 560 cuius
1182 518 1284 559 cives
1321 518 1378 560 ibi
1414 532 1485 560 rex
1523 519 1661 571 factus
1691 533 1719 560 a
1748 533 1822 561 suo

108 589 271 630 nomine
302 588 478 631 Danaos
508 589 742 643 appellavit.
803 591 912 643 quod
940 603 1032 632 cum
1063 589 1293 644 Aeyyptum
1324 590 1622 646 momordisset,
1659 591 1822 646 veritus,

107 673 158 701 ne
176 659 359 702 Danaus
383 661 431 702 de
453 661 621 714 filiabus
645 675 723 715 per
742 675 911 715 ¹(jeneros
935 665 973 703 et
995 665 1154 715 nepotes
1177 661 1343 703 auxilia
1373 662 1642 717 conquireret,
1671 663 1823 715 fraude
1847 671 1868 702 5

108 735 312 786 concepta,
349 732 452 786 siliis
487 733 575 774 suis
605 733 906 787 quinquaqinta
940 733 1092 786 fratris
1121 733 1235 787 filias
1267 733 1313 774 in
1344 733 1659 776 matrimonium
1681 737 1821 788 postu·
1845 776 1850 781 ,

109 803 220 845 lavit.
281 816 384 855 quas
413 802 613 857 Danaus,
651 803 829 846 dolorem
865 804 983 846 exilii
1012 804 1207 856 retinens,
1245 818 1342 847 moa·
1364 805 1571 858 promisit.
1631 806 1701 847 sed
1730 820 1822 848 cum

105 875 241 927 factae
271 878 400 916 essent
428 876 614 930 nuptiae,
651 889 823 928 sponsae
854 889 992 918 omnes
1021 889 1190 930 sponsos
1219 890 1332 932 suos,
1369 879 1554 919 monente
1577 880 1701 930 patre
1731 876 1823 919 Da-

107 959 205 999 nao,
233 946 415 1000 nuptiali
438 949 551 988 noete
574 950 840 989 necaverunt:
871 948 960 990 sola
985 947 1284 1002 Hypermestra
1308 951 1466 990 servato
1492 948 1653 1003 Lynceo
1675 949 1823 1003 fugam

107 1018 233 1069 dedit,
276 1018 349 1071 qui
383 1021 482 1071 post
523 1019 693 1071 adeptus
727 1021 931 1071 patruum
969 1018 1174 1061 Danaum
1216 1020 1432 1062 interemit.
1493 1019 1569 1062 hae
1606 1020 1824 1063 Danaides
1851 1029 1893 1060 10

108 1090 222 1142 apud
257 1089 412 1142 inferos
441 1088 548 1131 hauc
578 1103 755 1143 poenam
785 1089 976 1133 habuisse
1006 1091 1218 1143 dicuntur,
1258 1094 1302 1133 ut
1337 1092 1384 1133 in
1420 1092 1576 1134 dolium
1606 1096 1823 1146 pertusum

108 1174 259 1214 aquam
291 1161 468 1203 mittant.
560 1178 687 1204 NEFAS
715 1162 986 1205 declinatione
1016 1166 1135 1205 caret.
1234 1180 1307 1205 sm
1333 1181 1454 1206 NOCTE
1474 1178 1556 1218 pro
1591 1163 1652 1206 ‘in
1682 1163 1822 1206 nocte'.

227 1231 326 1274 499.
377 1243 558 1275 cnouvs
591 1244 853 1276 EVRYTIDES
892 1234 987 1276 laus
1026 1234 1080 1276 ab
1121 1234 1302 1289 artifice,
1339 1237 1388 1276 ut
1420 1232 1512 1289 <IX
1544 1235 1661 1290 302>
1694 1235 1823 1277 mira

109 1318 252 1358 quem
291 1303 488 1346 fecerat
520 1306 629 1345 arte
662 1303 883 1361 Lycaon,
921 1306 1025 1348 item
1066 1305 1230 1348 divini
1271 1321 1397 1361 opus
1430 1306 1821 1349 Alcimedontis.

187 1392 309 1418 GAELA
321 1392 444 1419 VERAT
468 1393 572 1419 AVRO
602 1390 687 1418 non
719 1391 822 1419 auro
853 1378 1095 1433 caelaverat,
1126 1379 1197 1420 sed
1225 1378 1273 1419 in
1302 1391 1418 1419 auro.
1853 1389 1896 1420 15

228 1446 327 1489 500.
380 1464 482 1490 oVAr
510 1448 653 1500 iactat,
687 1447 905 1501 yloriatur.
965 1440 1003 1490 et
1032 1452 1091 1491 est
1120 1436 1235 1504 ordo,
1274 1463 1353 1502 quo
1383 1449 1512 1503 spolio
1536 1450 1695 1503 potitus
1733 1453 1827 1492 ovat

105 1519 345 1573 {laudetque
784 1521 792 1528 '

229 1590 313 1632 501
379 1601 549 1633 NESCIA
591 1602 714 1633 MENS
759 1603 981 1634 Homva
1026 1591 1097 1634 hoe
1139 1593 1198 1634 ad
1242 1592 1432 1634 Turnum
1473 1594 1674 1648 pertinet:
1726 1594 1825 1649 quia

111 1664 288 1717 propter
313 1662 426 1704 hune
451 1661 670 1717 periturus
692 1664 758 1704 est
778 1662 983 1718 balteum,
1009 1678 1136 1718 quem
1163 1678 1277 1706 nunc
1303 1679 1347 1706 se
1369 1665 1596 1707 sustulisse
1623 1665 1824 1709 laetatur.

229 1734 328 1779 502.
377 1750 558 1776 SERVARE
574 1751 653 1776 moe
663 1751 717 1776 VM
745 1748 847 1776 num
871 1735 972 1788 quia
998 1734 1177 1790 ‘neseia',
1203 1736 1291 1778 ideo
1318 1735 1403 1778 ‘nec
1426 1750 1588 1779 servare
1611 1736 1824 1780 modum'?
1850 1747 1895 1778 20

170 1816 380 1848 SVBLATA
413 1805 538 1847 elata.

230 1877 329 1920 503.
377 1887 542 1934 M4GNO
582 1888 678 1920 CVM
715 1888 982 1920 OPTAVERIT
1016 1896 1181 1922 ΕΜΡΝΜ
1209 1879 1380 1934 ‘maqno
1411 1880 1623 1936 emptum',
1661 1881 1826 1924 scilieet

111 1949 271 2005 pretio:
309 1949 370 1991 sic
408 1953 446 1992 et
476 1948 582 1991 alibi
614 1948 687 2004 <II
723 1949 836 2004 104>
869 1953 918 1992 et
956 1964 1137 2006 magno
1176 1954 1466 1994 mercentur
1498 1952 1726 1995 Atridae.
1783 1955 1826 1995 et

112 2024 178 2063 est·
210 2036 360 2064 sensus
391 2021 514 2063 talis:
548 2021 631 2063 erit
661 2023 833 2076 tempus
861 2036 945 2076 quo
972 2021 1142 2064 Turnus
1169 2023 1340 2078 optabit
1366 2023 1519 2079 quovis
1545 2024 1688 2079 pretio
1714 2024 1825 2066 redi-

111 2107 247 2148 mere,
276 2107 330 2135 ne
361 2093 453 2148 ipse
484 2092 727 2135 Pallantem
759 2093 967 2136 occidisse
998 2094 1205 2137 videatur.
1849 2105 1894 2137 25

231 2164 330 2207 505.
379 2176 539 2207 MVLTO
573 2175 752 2207 GEMITV
787 2179 883 2208 cum
915 2166 1051 2208 multo
1085 2166 1263 2222 gemitu.
1373 2184 1504 2210 mmo
1524 2184 1674 2210 offlurv
1705 2167 1824 2210 lacri-

111 2237 213 2279 mis:
245 2237 386 2279 minus
415 2239 474 2279 est
501 2236 567 2279 liic
599 2236 746 2280 ³cum'.

231 2307 330 2350 507.
381 2319 409 2350 Ο
436 2319 598 2351 DOLOR
629 2308 709 2350 hos
742 2308 849 2351 duos
884 2323 1031 2351 versus
1064 2309 1260 2364 plerique
1288 2325 1313 2352 a
1337 2312 1470 2366 poeta
1496 2309 1637 2352 dictos
1663 2311 1825 2366 volunt,

113 2379 191 2421 alii
217 2394 242 2421 a
263 2379 389 2422 sociis
417 2380 491 2435 qui
517 2381 742 2435 reportant
767 2380 960 2423 cadaver.
1006 2379 1159 2423 ‘dolor'
1193 2383 1336 2424 autem
1365 2385 1543 2437 propter
1568 2383 1676 2425 illud
1705 2382 1826 2425 ‘haec

210 2512 254 2543 14
279 2508 414 2555 divini]
439 2509 521 2544 buc.
547 2508 599 2544 III
625 2514 669 2545 37

211 2631 229 2662 1
255 2626 425 2663 menfidis
449 2627 490 2663 F
524 2628 738 2664 memfitidis
765 2630 798 2664 T
815 2632 826 2676 ΙΙ
845 2634 866 2666 2
893 2630 1052 2666 aduossus
1073 2630 1114 2666 F
1147 2632 1373 2677 provocatus
1396 2631 1430 2666 T
1464 2631 1647 2666 adductus
1673 2631 1821 2668 Daniel.

113 2677 198 2719 fort.
225 2674 378 2710 adr-osus
403 2676 458 2710 vel
482 2675 644 2711 violatus
670 2678 724 2712 vel
749 2677 918 2713 adfectus
950 2679 962 2722 ΙΙ
992 2677 1150 2723 imperio
1176 2690 1242 2714 om.
1273 2679 1306 2713 T
1329 2680 1341 2725 n
1372 2679 1503 2714 relicta
1527 2680 1651 2724 patria
1674 2680 1822 2724 scripsi:

114 2725 184 2768 rtq.
205 2722 254 2766 F,
280 2733 347 2758 om.
365 2722 406 2757 T.
445 2722 634 2759 Minervae
660 2724 817 2760 consilio
845 2725 1063 2761 Masvicius.
1093 2727 1215 2771 possis
1239 2730 1272 2762 et
1295 2727 1429 2762 relicta
1447 2725 1662 2771 Memphide
1681 2728 1693 2771 ΙΙ
1713 2731 1733 2762 3
1761 2739 1823 2770 pe-

113 2771 352 2816 loponessum
378 2769 420 2804 F
453 2770 742 2815 poloponessum
772 2772 806 2807 T
828 2774 840 2819 11
871 2776 893 2807 4
919 2772 1060 2808 danaus
1086 2774 1126 2808 F
1146 2775 1159 2818 ΙΙ
1189 2774 1329 2809 ueritas
1355 2774 1395 2809 F
1416 2775 1428 2820 ss
1459 2777 1480 2809 5
1507 2773 1724 2818 conquirere
1751 2774 1792 2809 F
1813 2775 1824 2820 Η

115 2823 135 2854 6
162 2817 435 2864 quinquaginta.
461 2818 718 2854 Commelinus:
754 2821 797 2854 ut
821 2819 876 2863 F,
908 2830 975 2855 om.
1006 2820 1044 2857 T.
1083 2821 1123 2856 ul
1147 2822 1304 2866 Daniel,
1336 2823 1471 2857 lacuna
1496 2822 1673 2857 indicata.
1725 2822 1824 2857 ultra

114 2865 368 2901 Burmannus.
407 2876 508 2900 error
532 2866 618 2901 inde
642 2867 786 2902 videtur
811 2871 913 2902 ortus
937 2868 1034 2912 quod
1057 2881 1088 2903 L.
1114 2871 1258 2905 numeri
1281 2873 1370 2905 nota
1392 2880 1462 2914 pro
1485 2869 1567 2905 ‘vel'
1597 2870 1821 2905 coniunctio—

114 2914 174 2948 nis
198 2913 407 2958 compendio
431 2914 558 2949 habita
583 2916 634 2949 est
664 2915 676 2960 ΙΙ
712 2913 810 2949 filius
836 2914 875 2949 F
900 2915 913 2959 ΙΙ
948 2916 1156 2960 postulauit
1179 2916 1218 2951 in
1243 2916 1524 2952 matrimonium
1554 2917 1586 2951 T
1614 2917 1627 2961 ΙΙ
1666 2921 1685 2952 7
1712 2917 1821 2962 quas]

114 2972 188 3005 qua.
216 2961 248 2995 T
264 2961 277 3007 ΙΙ
296 2960 384 2996 exili
410 2960 452 2995 F
485 2959 604 2996 exillii
631 2960 665 2995 T
681 2962 693 3006 ΙΙ
717 2965 738 2996 9
766 2963 914 2997 servato
941 2991 948 2998 .
970 2989 977 2996 .
1000 2991 1007 2998 .
1034 2963 1225 3000 interemit
1249 2975 1315 3000 om.
1337 2963 1378 2999 F
1393 2965 1405 3010 ss
1429 2964 1549 2999 linceo
1579 2964 1612 2999 T
1629 2966 1641 3009 ΙΙ
1669 2969 1711 2999 12
1738 2965 1822 2999 mit-

114 3009 199 3043 tunt
223 3008 263 3042 F
285 3009 296 3054 ΙΙ
328 3012 372 3044 13
398 3020 544 3052 eLomvs
569 3008 603 3043 L
621 3009 634 3053 ΙΙ
658 3021 852 3044 EVPYTIDES
878 3009 934 3045 H:
960 3023 1140 3046 EVRTYDES
1166 3011 1207 3046 F
1240 3024 1429 3047 Evmrnms
1454 3012 1588 3057 reliqui
1610 3013 1623 3057 ΙΙ
1657 3016 1699 3047 15
1726 3012 1822 3047 cela-

116 3057 224 3090 uerat
248 3055 287 3090 F
315 3057 328 3102 ΙΙ
367 3060 410 3091 16
437 3057 486 3091 ad
512 3067 602 3091 ουτ
626 3067 653 3091 s.
681 3068 711 3093 v.
739 3056 856 3092 iactat
880 3057 1062 3102 gloriatur
1088 3058 1123 3093 T
1149 3061 1162 3105 ΙΙ
1204 3062 1244 3094 18
1270 3060 1320 3095 ad
1343 3070 1376 3095 v.
1404 3063 1469 3094 501
1501 3060 1570 3095 hoc
1597 3071 1642 3095 ex
1665 3070 1824 3105 persona

116 3103 249 3146 poetae
282 3103 424 3138 dictum
450 3104 508 3139 est
534 3105 571 3140 et
595 3103 686 3139 licet
710 3103 895 3149 generalis
920 3105 1000 3151 (sic)
1026 3106 1076 3141 sit
1106 3106 1255 3152 proprie
1286 3108 1415 3142 tamen
1446 3106 1495 3142 ad
1526 3108 1676 3142 turnum
1708 3107 1822 3151 perti-

117 3150 182 3184 net
208 3149 241 3183 T
266 3150 278 3196 l}
308 3155 354 3186 20
380 3152 430 3187 ad
454 3164 497 3186 m
523 3164 679 3187 smmum
704 3164 740 3188 M.
766 3162 794 3187 s.
821 3163 850 3187 v.
879 3152 967 3197 quia
990 3153 1116 3189 nescia
1140 3154 1225 3189 ideo
1252 3165 1320 3189 nec
1346 3165 1493 3189 seruare
1523 3154 1557 3188 T
1578 3156 1590 3199 ΙΙ
1621 3166 1709 3188 num
1736 3154 1824 3198 quia

117 3197 265 3241 scripsi:
291 3209 495 3243 numquam
520 3199 561 3234 F
595 3200 606 3245 ΙΙ
644 3203 689 3234 24
715 3210 842 3234 sensus
867 3199 995 3235 autem
1018 3200 1107 3236 talis
1133 3202 1188 3237 est
1214 3200 1255 3236 F
1287 3202 1300 3248 ΙΙ
1337 3205 1382 3236 26
1408 3213 1492 3236 cum
1518 3202 1636 3236 multo
1661 3201 1820 3249 gemitu]

119 3243 277 3280 subaudi
302 3256 385 3280 cum
410 3245 465 3290 R,
492 3257 557 3282 om.
585 3246 625 3281 F
649 3249 661 3292 ΙΙ
694 3250 738 3282 28
765 3247 858 3283 duos
884 3258 936 3282 an
960 3248 1194 3284 omittendum
1219 3249 1266 3284 sit
1291 3249 1436 3286 dubitat
1461 3249 1681 3285 Ribbeckius
