2092 3614
1383 30 1523 43 ’ulfflr-
1533 30 1563 31 „W

549 219 701 258 COMM.
730 220 781 256 IN
807 217 954 255 VERG.
981 218 1092 255 AEN.
1119 217 1153 252 X
1179 220 1379 267 277-1304.
1730 213 1818 255 425

106 333 207 377 dum
238 332 351 376 vada
383 345 476 374 esse
507 345 597 373 non
630 331 792 385 sperat,
824 328 975 371 incidit
1005 327 1051 369 in
1077 341 1138 369 ea.
1238 343 1314 369 Nozv
1342 326 1504 378 semu]
1536 325 1636 379 quia
1667 322 1820 377 ‘fracta

105 418 191 447 non
220 405 503 446 remurmurat
531 402 663 456 unda,
693 401 764 443 sed
794 413 907 442 mare
936 398 1184 451 inoffensum
1215 397 1405 440 crescenti
1435 396 1646 439 adlabitur
1676 394 1817 437 aestu'.

225 475 324 518 293.
374 490 575 518 perenm
606 473 723 515 modo
755 485 848 514 cum
870 470 1061 525 precibus
1090 468 1291 512 hortatur.

225 546 324 589 295.
375 556 579 588 TOLLITE
612 555 762 586 FERTE
804 543 859 585 ad
897 541 1165 585 celeritatem
1202 539 1381 582 nimiam
1420 539 1583 582 dictum
1621 540 1699 581 est.

105 630 301 662 FINDITE
322 627 518 661 Ros'rms
545 615 724 658 militari
742 614 844 657 felle
864 613 1027 656 dietum
1047 615 1125 668 est,
1144 614 1193 655 ut
1211 611 1345 654 etiam
1367 611 1603 665 terra.ipsa
1630 609 1817 666 quodam
1843 618 1865 650 5

108 690 237 734 modo
269 689 429 732 sentiat
458 687 598 730 hostis
632 685 877 729 adventum.

203 754 324 805 297.
372 769 602 803 STATIONE
641 756 773 799 statio
813 758 880 798 est
915 757 1067 825 portus
1104 755 1377 811 temporali53
1420 768 1522 795 nam
1560 755 1714 808 portus
1753 754 1819 795 est

104 833 181 876 ubi
217 832 446 875 hiematur.
499 829 583 872 -sed
623 828 750 871 modo
790 828 922 870 statio
962 828 1123 870 siccum
1160 827 1266 869 litus
1305 825 1538 881 signifieat:
1582 824 1665 866 hoc
1703 824 1817 865 enim

106 904 229 948 dicit:
261 903 407 960 potiar
436 903 572 956 terra,
604 903 649 943 et
679 914 834 942 navem
864 899 1065 956 frangere
1097 913 1186 941 non
1218 912 1380 941 recuso.

224 975 323 1019 302.
373 984 610 1017 INNOOVAE
644 972 854 1014 innocuus
881 974 948 1014 est
973 970 1041 1012 cui
1067 985 1156 1013 non
1181 971 1371 1020 nocetur,
1403 957 1603 1010 innoxius
1631 966 1703 1022 qui
1729 981 1818 1008 non
1845 976 1889 1007 10

104 1047 227 1091 novit
267 1060 441 1100 nocere3
493 1043 568 1086 sed
612 1044 693 1086 hoe
737 1036 892 1098 poetae
935 1042 1187 1097 plerumque
1233 1038 1513 1085 confundunt.
1577 1037 1816 1081 ‘innocuae'

104 1118 250 1173 quibus
278 1131 363 1161 non
393 1118 450 1159 sit
477 1116 680 1165 nooitum;
713 1115 815 1157 alibi
846 1113 958 1168 <VII
983 1113 1098 1169 229>
1131 1114 1251 1156 litus
1283 1114 1567 1166 innocuum,
1598 1111 1706 1164 quod
1735 1124 1818 1152 non

103 1192 253 1232 noceat.
374 1205 446 1231 SED
472 1204 552 1231 NON
573 1204 709 1230 PVPPJS
735 1203 811 1230 TVA
844 1184 1164 1239 ἐπιδιόρθωσις
1195 1188 1234 1227 et
1263 1180 1594 1240 προσφώνησις.

225 1260 323 1303 303.
372 1270 527 1302 DORSO
560 1269 723 1308 INIQVO
762 1258 937 1300 dorsum
977 1258 1044 1298 est
1080 1256 1226 1298 durior
1257 1255 1438 1310 harena,
1477 1268 1587 1309 quae
1624 1268 1818 1296 remean-

102 1332 221 1374 tibus
262 1331 463 1374 fiuctibus
502 1332 546 1372 et
585 1329 785 1372 euntibus
816 1329 1057 1383 plerumque
1093 1327 1296 1369 densetur
1333 1329 1377 1368 et
1412 1326 1458 1368 in
1504 1324 1678 1367 modum
1723 1325 1817 1367 saxi
1845 1333 1888 1364 15

105 1402 310 1458 durescit,
348 1402 460 1457 quod
494 1417 520 1444 a
550 1401 696 1444 nautis
735 1400 939 1455 pulvinus
971 1401 1169 1453 vocatur,
1207 1412 1234 1440 a
1267 1397 1438 1440 Graecis
1469 1401 1569 1439 θῖνε
1609 1396 1818 1438 Homerus

101 1471 220 1529 παρὰ
245 1477 356 1516 θῖνα
383 1473 737 1528 πολυφλοίσβοιο
763 1469 1008 1525 θαλάσσης.
1054 1470 1216 1513 Probus
1250 1469 1363 1512 ‘vadi
1393 1467 1531 1511 dorso'
1558 1482 1637 1522 pro
1671 1467 1815 1510 ‘vado'

102 1547 256 1589 dictum
284 1548 426 1601 putat,
465 1548 512 1587 ut
545 1545 592 1587 in
619 1544 816 1599 yeorqiois
847 1542 941 1598 <111
973 1541 1091 1596 436>
1123 1542 1267 1584 dorso
1303 1541 1530 1583 nemoris.
1651 1551 1815 1591 INIQVO

105 1617 190 1659 sibi
222 1617 406 1660 nocenti.

221 1688 320 1732 304.
367 1705 616 1731 srerNrArA
653 1701 737 1730 non
773 1686 824 1729 ab
855 1686 956 1740 alio,
997 1688 1044 1727 ut
1075 1685 1219 1740 (338)
1255 1684 1562 1738 fratremque
1599 1686 1815 1725 ruentem
1842 1691 1888 1722 20

100 1762 349 1803 sustentat
390 1760 581 1814 deoetra,
623 1759 693 1801 seol
730 1758 851 1812 quasi
889 1754 1261 1812 ἀνακωχεύουσα.·
1304 1756 1364 1799 vel
1409 1753 1677 1798 ‘sustentata’
1723 1768 1814 1796 oum

102 1833 410 1874 sustentaretur.
470 1830 669 1873 Melissus
700 1828 955 1872 ‘sustentata'
979 1842 1061 1883 pro
1091 1840 1288 1882 suspensa
1319 1827 1468 1881 accipit
1476 1841 1489 1868 .·
1528 1840 1628 1869 nam
1660 1827 1748 1869 ideo
1780 1829 1818 1868 et

104 1901 293 1957 ‘anceps'
332 1905 406 1957 est,
443 1915 535 1944 oum
571 1901 649 1944 huc
684 1903 805 1955 atque
839 1901 939 1943 illue
968 1902 1144 1942 nutaret.
1264 1910 1568 1949 FLVCTVSQVE
1606 1908 1813 1940 FATIGAT

103 1973 308 2016 subaudis
340 1972 486 2017 ‘eam'z
517 1988 619 2016 nam
652 1971 836 2015 ‘fluctus’
869 1966 1163 2014 nominativus
1198 1972 1264 2011 est
1296 1969 1541 2025 singularis.

198 2142 218 2174 7
245 2137 359 2174 statio
387 2166 394 2174 .
417 2165 424 2173 .
447 2165 455 2172 .
482 2137 685 2184 hiematur]
724 2137 769 2172 ef.
796 2135 882 2172 Isid.
910 2148 961 2171 or.
988 2135 1075 2170 XIV
1101 2139 1134 2178 8,
1162 2138 1223 2177 39;
1253 2133 1329 2168 diff.
1356 2133 1457 2169 verb.
1485 2137 1553 2168 535
1591 2134 1603 2180 Η
1643 2138 1684 2169 10
1710 2133 1816 2168 inno-

103 2197 193 2221 cuus
221 2213 229 2221 .
252 2213 259 2221 .
280 2214 288 2222 .
316 2185 415 2231 quod
440 2185 592 2231 noceat]
620 2183 665 2221 cf.
693 2183 787 2220 Non.
814 2196 848 2229 p.
870 2187 950 2227 444,
972 2187 1016 2219 27
1038 2183 1085 2218 M.
1125 2181 1211 2217 Isid.
1239 2193 1290 2217 or.
1319 2180 1351 2215 X
1379 2185 1464 2225 1253
1491 2180 1570 2216 diff.
1595 2180 1694 2216 verb.
1717 2182 1808 2226 293ζ

105 2237 147 2268 16
175 2234 214 2269 et
238 2233 277 2268 in
303 2233 455 2268 modum
482 2231 562 2267 saxi
587 2232 767 2278 durescit]
795 2232 840 2267 cf.
868 2230 954 2267 Isid.
982 2242 1032 2266 or.
1061 2230 1111 2264 XI
1140 2233 1170 2274 1,
1198 2233 1241 2265 91
1272 2230 1284 2275 ΙΙ
1324 2233 1366 2264 16
1392 2228 1591 2275 Homerus]
1618 2229 1660 2264 Il.
1687 2228 1703 2262 I
1729 2233 1774 2264 34
1806 2227 1808 2274 Ι

107 2285 149 2317 17
176 2281 334 2327 Probus]
361 2280 408 2317 of.
436 2279 611 2326 Steupius
637 2279 682 2315 de
708 2279 839 2315 Probis
864 2291 900 2325 p.
930 2282 995 2314 101

205 2439 225 2471 2
251 2434 472 2471 inoffensum
498 2446 605 2469 suum
631 2434 670 2470 et
692 2434 765 2479 rtq.
792 2432 834 2469 F
857 2434 869 2478 ΙΙ
900 2437 920 2468 3
948 2433 998 2469 ad
1021 2444 1204 2468 rnsoxrvn
1227 2443 1255 2469 s.
1281 2442 1312 2467 v.
1340 2442 1423 2465 cum
1449 2430 1620 2475 precibus
1645 2430 1824 2466 hortatur.

115 2482 149 2519 Τ
173 2483 186 2528 ΙΙ
217 2486 240 2518 4
264 2483 370 2518 schol.
398 2483 448 2518 αα
473 2493 618 2518 *rom-rs
643 2495 674 2517 r.
701 2493 768 2517 om.
795 2480 850 2523 F,
882 2482 943 2516 sed
967 2481 1012 2516 ab
1039 2481 1117 2515 alia
1142 2491 1255 2515 manu
1280 2479 1330 2514 ad
1356 2478 1494 2513 Tollite
1526 2479 1612 2513 haec
1636 2479 1678 2513 in
1701 2475 1835 2523 marqs

109 2530 298 2575 adscripta
322 2533 409 2566 sunt
433 2529 567 2575 erigite
593 2529 641 2565 ad
667 2529 901 2565 celeritatem
924 2527 1090 2563 nimiam.
1118 2528 1239 2564 eadem
1259 2526 1293 2562 G
1315 2527 1357 2561 in
1374 2537 1488 2571 mary.
1509 2526 1614 2562 habet
1632 2527 1644 2572 [Ι
1663 2527 1712 2561 acl
1736 2538 1815 2561 'ron-

109 2590 189 2613 mrs
214 2591 248 2613 r.
273 2590 306 2612 n.
333 2588 360 2613 s.
385 2588 418 2612 v.
445 2576 502 2612 bis
526 2576 628 2612 idem
654 2575 747 2612 dicit
769 2575 893 2612 tollite
919 2576 1012 2611 ferte
1028 2577 1165 2610 'tamen
1191 2574 1238 2610 ad
1265 2572 1517 2609 hortationem
1545 2573 1722 2609 conuenit
1750 2574 1782 2607 Τ

109 2624 281 2671 nimiam]
307 2635 374 2660 om.
402 2625 467 2667 M,
492 2623 666 2659 nimirum
694 2624 901 2659 Masvicius
920 2624 931 2669 ΙΙ
964 2628 983 2658 6
1010 2622 1148 2658 sentiat
1172 2633 1238 2658 om.
1267 2622 1314 2656 M
1332 2622 1344 2667 ΙΙ
1376 2624 1395 2656 7
1422 2621 1535 2656 statio
1562 2624 1620 2656 est
1643 2632 1709 2656 om.
1736 2620 1777 2655 F
1805 2576 1816 2667 ii

108 2674 220 2718 portu
245 2671 444 2717 temporali
468 2671 508 2706 F
529 2672 542 2717 ΙΙ
573 2675 594 2706 8
620 2670 820 2707 stationem
847 2671 887 2706 F
907 2672 920 2716 ΙΙ
950 2671 1022 2706 hoc
1048 2670 1173 2706 autem
1198 2669 1235 2705 R
1272 2680 1360 2704 nam
1384 2668 1456 2704 hoo
1481 2668 1521 2703 F
1542 2669 1554 2714 ΙΙ
1585 2672 1606 2703 9
1632 2668 1755 2713 potior
1779 2668 1816 2702 A

109 2719 233 2765 patiar
259 2718 299 2755 F
320 2721 332 2766 ΙΙ
365 2723 408 2754 10
433 2717 601 2754 innoeius
626 2718 663 2753 R
698 2719 878 2755 innocuus
904 2717 1024 2763 primo
1050 2717 1090 2752 F
1111 2719 1124 2763 ΙΙ
1154 2716 1218 2763 qui
1243 2727 1375 2752 nocere
1399 2715 1519 2750 nescit
1545 2715 1586 2750 F
1612 2717 1624 2761 Η
1658 2719 1698 2750 11
1727 2715 1814 2761 hoe]

109 2777 176 2807 om.
202 2767 292 2809 AS,
317 2767 409 2802 haec
435 2765 470 2800 R
494 2767 507 2811 ΙΙ
537 2766 586 2801 ad
611 2777 790 2801 muoovAs
815 2776 842 2801 s.
869 2777 900 2800 v.
926 2765 965 2800 id
991 2766 1048 2800 est
1072 2763 1207 2809 quibus
1233 2774 1307 2799 non
1333 2764 1390 2799 est
1414 2763 1581 2798 nocitum
1610 2762 1643 2798 Τ
1667 2764 1679 2809 ΙΙ
1710 2762 1814 2797 inno-

109 2825 219 2851 cuum
245 2814 294 2858 F,
319 2814 461 2850 correxi
479 2814 491 2859 ΙΙ
525 2817 567 2848 12
592 2824 668 2848 non
692 2814 826 2848 noceat
849 2812 1109 2848 Burmannus:
1135 2823 1207 2847 non
1234 2823 1301 2847 om.
1328 2810 1367 2845 F
1389 2811 1402 2855 ΙΙ
1437 2814 1477 2845 13
1504 2811 1553 2846 ad
1578 2822 1697 2846 1>vm²1s
1723 2824 1755 2847 rr.
1783 2824 1813 2845 Τ.

108 2873 137 2897 s.
155 2873 187 2899 v.
214 2861 423 2907 profonesis
447 2861 486 2895 id.
512 2861 570 2896 est
595 2859 818 2895 exclamatio
845 2860 915 2895 hoo
941 2860 1023 2895 loeo
1047 2859 1080 2894 Τ
1094 2861 1106 2906 ΙΙ
1125 2858 1389 2905 epidiorthosis
1409 2860 1446 2892 et
1465 2856 1727 2903 prosphonesis
1749 2856 1789 2892 F
1804 2856 1816 2910 Η

111 2913 154 2944 15
180 2913 218 2945 et
242 2909 416 2945 euntibus
440 2919 507 2944 om.
533 2908 574 2943 F
601 2909 614 2953 ΙΙ
644 2907 820 2943 densetur
845 2906 942 2943 RF:
969 2907 1146 2943 densatur
1170 2907 1312 2951 reliqui.
1338 2906 1385 2949 cf.
1412 2906 1461 2940 acl
1487 2906 1578 2941 Aen.
1609 2906 1675 2940 VlI
1702 2909 1771 2941 794
1806 2906 1815 2948 l}

111 2960 154 2992 16
179 2956 385 2993 indurescit
408 2957 514 3002 vulqo
533 2956 545 3002 ΙΙ
564 2955 679 3000 quod]
705 2954 776 2990 hoc
797 2953 838 2989 F
852 2956 865 2999 ΙΙ
890 2965 976 2990 orna
995 2954 1035 2989 F
1069 2965 1130 2989 om
1153 2953 1187 2989 G
1205 2955 1217 2999 ΙΙ
1239 2958 1279 2989 17
1308 2961 1611 2997 napacnouspacoc
1638 2964 1759 2989 eexcec
1778 2951 1818 2987 F

109 3003 119 3049 Η
143 3004 249 3039 vadis
275 3003 383 3039 dorso
402 3003 542 3039 Daniel
560 3005 572 3049 ΙΙ
593 3006 636 3037 18
662 3002 768 3038 schol.
789 3002 839 3037 ad
865 3014 985 3042 imqvo
1009 3012 1075 3037 om.
1091 3001 1131 3037 F
1147 3003 1158 3048 ΙΙ
1178 3005 1223 3036 20
1249 3002 1298 3036 ad
1322 3011 1353 3035 v.
1370 3004 1440 3035 304
1465 3001 1506 3035 in
1531 3011 1644 3045 mar-y.
1672 3002 1814 3034 susten-

109 3052 191 3086 tata
214 3062 282 3096 pro
307 3052 397 3087 dum
422 3050 704 3086 sustentaretur.
744 3048 896 3094 quidam
921 3049 1147 3094 intellegunt
1172 3059 1352 3093 suspensa
1379 3047 1412 3082 Τ
1428 3049 1440 3093 ΙΙ
1465 3051 1506 3083 21
1530 3049 1716 3082 rustentat
1742 3046 1782 3081 F

110 3093 406 3180 {gaitae-wferiovooe
422 3097 639 3179 Schoelliusxl3
657 3107 894 3179 ὡκιὲοῑκωΙοεα,
906 3095 960 3178 fh
974 3092 1229 3179 αῆτῗκιῖἧῦῑοα
1245 3095 1420 3178 Βαηέῗῖὲ
1434 3106 1478 3130 ue
1498 3094 1555 3176 ᾗ
1567 3094 1784 3176 ιΞεΞΙὸΒαηίεῑ

222 3156 241 3180 e
258 3156 353 3180 issus
378 3156 450 3182 scri
476 3157 526 3181 si:
552 3156 611 3181 me
629 3157 661 3180 is
762 3154 821 3179 me
839 3155 895 3178 ius
962 3155 1069 3179 ame.
1159 3155 1175 3179 e
1191 3153 1286 3178 issus
1311 3154 1334 3178 a
1423 3153 1477 3178 en.
1670 3152 1814 3176 comme-

111 3194 275 3228 moratur
297 3193 310 3239 ΙΙ
340 3157 522 3238 accipitur
549 3192 755 3228 Masvicius
780 3192 791 3238 ss
822 3194 866 3226 23
893 3191 1056 3227 mutaret
1081 3191 1115 3226 G
