2092 3614
567 249 720 286 COMM.
746 249 799 285 IN
825 248 972 284 VERG.
997 247 1109 284 AEN.
1134 246 1204 282 ΧΠ
1227 249 1425 282 142-158.
1761 243 1848 285 593

148 362 371 416 Vergilium
409 352 560 414 ‘quoad
594 360 683 402 visa
719 362 778 402 est
805 356 1012 401 Fortuna'
1044 357 1272 411 reliquisse,
1308 359 1356 398 ut
1383 356 1441 398 sit
1470 353 1621 409 ‘Quoad
1655 354 1745 396 visa
1775 352 1848 396 est'

140 447 265 487 usque
294 446 384 487 quo.

265 505 362 547 148.
413 515 595 547 CEDERE
629 514 714 545 RES
747 512 891 544 LATIO
923 501 1106 543 feliciter
1137 502 1291 542 cuncta
1322 498 1563 555 procedere.
1626 490 1629 493 ’

265 576 359 618 149.
408 587 552 618 VIDEO
586 585 895 618 GONOVRRERE
931 587 1009 627 pro
1048 571 1369 614 ‘concursurum
1405 568 1531 611 esse':
1568 568 1687 623 licet,
1726 568 1848 624 quasi

141 648 232 704 dea,
262 648 370 691 bene
401 646 619 703 praesenti
650 661 728 687 usa
760 645 818 686 sit
850 648 1055 699 ternpore,
1087 657 1195 698 quae
1228 643 1359 684 etiam
1391 641 1536 682 futura
1568 641 1782 682 cernebat.
1874 647 1895 678 5

264 718 359 762 151.
408 730 506 761 NON
544 728 734 760 PVGNAM
772 727 998 759 Asmclfflss
1036 726 1164 757 HANo
1204 724 1370 756 ocvms
1414 712 1620 767 quoniam
1660 711 1850 765 numina,

142 791 340 846 quotiens
373 789 608 832 morituros
641 788 828 831 viderint
860 803 933 830 eos
967 775 1129 842 quibus
1153 786 1314 840 favent,
1347 785 1400 826 ab
1432 784 1501 825 his
1535 783 1756 826 secedunt:
1789 783 1850 825 sic

143 861 308 905 Statius
327 861 578 916 Apollinem
602 859 766 902 inducit
787 858 1102 915 Amphiaraum
1128 857 1408 911 deserentem,
1436 855 1511 897 ubi
1538 869 1634 897 eum
1660 855 1846 897 vicinum

142 934 274 976 morti
305 948 397 976 esse
431 932 645 988 cognovit.

263 1004 359 1047 152.
409 1014 730 1047 PRAESENTIVS
769 1002 1005 1056 efficacius,
1043 1001 1359 1044 vehementius:
1397 1014 1496 1041 nam
1531 998 1653 1040 decet
1684 1012 1849 1054 germa—
1879 1007 1920 1037 10

141 1092 240 1119 nam
274 1076 440 1118 inlicita
472 1076 601 1118 etiam
635 1089 712 1130 pro
743 1074 892 1116 fratris
926 1073 1066 1116 salute
1098 1075 1322 1128 temptare.

267 1148 361 1190 153.
413 1159 597 1199 FORSAN
623 1157 822 1190 M1SERos
848 1157 1058 1188 MELIORA
1083 1156 1361 1195 SEQVENTVR
1390 1157 1445 1185 ne
1476 1142 1588 1185 forte
1620 1141 1758 1198 possit
1788 1141 1849 1184 fa-

142 1222 287 1262 torum
319 1219 425 1262 ordo
458 1220 628 1262 mutari.

265 1290 360 1333 154.
410 1309 493 1335 CVM
514 1306 707 1334 LAGRIMAS
733 1306 867 1333 OCVLIS
891 1306 1065 1332 IVTVRNA
1092 1304 1288 1331 PROFVDIT
1316 1290 1443 1329 totum
1467 1286 1719 1341 iunyeridum
1746 1284 1851 1328 ‘eum

144 1363 339 1405 lacrimas
364 1363 490 1405 oeulis
509 1362 694 1404 Iuturna
711 1361 904 1416 profudit
929 1363 1063 1414 terque
1087 1363 1308 1414 quaterque
1325 1372 1455 1400 mauu
1466 1361 1611 1413 pectus
1620 1356 1853 1412 percussit’,
1882 1366 1924 1396 15

144 1450 195 1478 rie
218 1436 406 1478 videatur
430 1435 585 1477 diverso
612 1437 785 1488 tempore
809 1436 846 1475 el
872 1433 1091 1475 lacrimare
1114 1434 1152 1474 et
1167 1434 1309 1486 peetus
1327 1433 1547 1485 pereutere,
1578 1443 1670 1472 eum
1694 1432 1854 1471 utrum-

144 1521 220 1561 que
249 1507 376 1550 simul
404 1507 492 1561 fiat.
585 1516 772 1556 TERQVE
804 1515 1085 1555 QVATERQVE
1110 1514 1159 1545 M.
1186 1515 1225 1544 Ρ.
1251 1515 1291 1544 P.
1316 1514 1361 1544 H.
1392 1502 1492 1558 quia
1525 1501 1659 1543 solam
1694 1500 1854 1543 doloris

146 1579 369 1621 audiverat
407 1592 601 1632 causam,
638 1576 767 1631 nihil,
806 1574 1167 1631 quemadmodum
1199 1573 1323 1616 fratri
1354 1575 1505 1629 posset
1536 1572 1715 1615 mederi:
1754 1587 1855 1614 nam

145 1650 275 1705 paulo
307 1651 407 1704 post
438 1649 581 1691 audiet
613 1648 704 1690 eaut
735 1651 782 1689 tu
816 1647 930 1689 bella
963 1647 1027 1689 cie
1061 1650 1400 1701 conceptumque
1434 1647 1585 1687 excute
1616 1643 1797 1687 foedus’.

148 1738 360 1765 IJONESTVM
391 1724 466 1763 aut
496 1720 696 1775 divinum,
726 1722 801 1761 aut
829 1719 938 1773 quod
966 1718 1059 1761 Iovi
1081 1718 1244 1773 placere
1270 1717 1459 1771 poluerit.
1882 1724 1927 1755 20

270 1793 364 1835 156.
413 1803 509 1834 NON
530 1802 750 1833 LAcssnms
771 1801 865 1833 Hoc
888 1801 1072 1832 TEMPVS
1093 1801 1171 1831 Al'r
1199 1803 1286 1831 non
1314 1788 1455 1843 flendi,
1482 1788 1554 1830 sed
1576 1786 1856 1829 subveniendi

145 1867 317 1919 tempus
345 1866 428 1906 est:
457 1862 622 1905 Statius
649 1863 693 1904 in
714 1864 903 1904 matrum
924 1861 1224 1904 consolatione
1252 1874 1467 1902 accenso
1493 1859 1700 1901 flebitis
1728 1858 1856 1914 igne.

148 1935 247 1978 ‘riori
279 1933 479 1978 lacrimis'
512 1937 649 1976 autem
679 1937 754 1976 aut
784 1934 891 1977 deest
921 1930 1165 1988 ‘aquidum
1196 1931 1256 1974 vel
1286 1931 1388 1985 quid
1417 1931 1506 1973 tale.
1550 1931 1776 1985 fiyuralu‘m
1800 1932 1859 1972 est

140 2021 221 2062 pro
252 2005 567 2050 ‘lacrimarum’.

269 2078 365 2120 157.
414 2095 466 2121 ET
494 2095 680 2121 FRATREM
707 2093 748 2119 sl
776 2093 865 2124 szs
895 2093 974 2119 Μοο
984 2092 1029 2118 Vs
1051 2088 1135 2117 riou
1160 2075 1280 2117 dicit:
1306 2077 1382 2116 aut
1404 2074 1523 2127 eripe,
1548 2075 1623 2115 aut
1647 2072 1750 2115 bella
1775 2072 1855 2123 cie,·
1882 2082 1926 2113 25

147 2149 219 2192 sed
248 2150 356 2202 eripe
384 2148 570 2204 fratrem,
601 2151 676 2190 aut
706 2148 804 2190 bello
835 2147 1042 2200 concitato,
1073 2148 1150 2188 aut
1176 2148 1297 2199 rupto
1326 2145 1494 2198 foedere.

271 2220 367 2262 158.
417 2230 792 2269 CONCEPTVMQVE
832 2229 1017 2260 Excv'rm
1053 2228 1235 2259 Fomovs
1279 2216 1505 2271 placitum,
1550 2215 1694 2258 animo
1735 2230 1857 2270 prae-

148 2291 423 2346 destinatum,
455 2293 503 2333 ut
533 2291 621 2333 fiat.

244 2436 288 2468 22
316 2431 470 2477 Statius]
497 2431 614 2468 Theb.
639 2431 709 2467 ΧΠ
733 2434 803 2467 408

248 2567 265 2599 1
293 2564 491 2610 uergilium
518 2562 558 2598 F
572 2564 585 2609 ΙΙ
613 2562 710 2646 visi]
738 2574 805 2599 usa
830 2563 870 2598 F
891 2564 904 2609 1}
932 2562 1031 2608 quod
1057 2561 1188 2597 aduisa
1214 2563 1272 2597 est
1298 2560 1338 2596 F
1359 2563 1371 2607 ΙΙ
1402 2564 1424 2595 4
1450 2571 1667 2596 concursum
1693 2559 1861 2594 ASRH

150 2623 330 2647 concursu
357 2612 406 2646 M
442 2622 642 2646 concurum
725 2613 736 2658 ΙΙ
769 2616 788 2647 6
815 2610 1007 2657 quoniam]
1034 2610 1122 2655 quia
1148 2609 1188 2645 F
1204 2612 1215 2654 ΙΙ
1248 2614 1266 2644 7
1295 2610 1342 2644 ab
1368 2608 1442 2654 his]
1469 2608 1563 2643 albis
1590 2607 1631 2642 F
1646 2608 1658 2654 ΙΙ
1682 2608 1858 2643 secedunt

151 2660 221 2705 ΗΙΙ
241 2662 261 2694 8
288 2660 473 2694 desertum
501 2657 574 2693 AS
609 2658 837 2694 deferentem
867 2659 913 2693 M
931 2659 943 2703 ΙΙ
963 2662 983 2693 9
1010 2657 1202 2704 cognovit]
1229 2656 1335 2703 (Stat.
1366 2656 1473 2691 Theb.
1503 2655 1569 2690 VII
1590 2657 1672 2699 789)
1702 2655 1858 2689 ‘desiliit

150 2717 321 2742 maerens
341 2705 588 2750 lacrimasque
609 2705 747 2742 avertit
765 2705 931 2751 Apollo’.
971 2706 1010 2740 et
1028 2705 1201 2740 homerus
1223 2717 1307 2740 cnm
1331 2703 1418 2738 lanx
1443 2703 1605 2738 hectoris
1625 2702 1855 2747 expendente

150 2755 235 2790 ioue
262 2753 502 2789 inclinaretur
529 2753 595 2798 (Il.
621 2752 724 2787 XXII
749 2758 832 2795 213)
859 2755 940 2788 λίπε
969 2751 1012 2787 δέ
1040 2749 1058 2788 ἕ
1084 2754 1220 2800 Φοῖβος
1242 2749 1422 2787 Ἀπόλλων
1451 2751 1534 2786 adel.
1561 2749 1601 2784 D
1630 2751 1643 2795 ΙΙ
1683 2753 1724 2784 10
1750 2762 1855 2784 pum-:-

151 2814 316 2837 srAN'nvs
343 2801 384 2836 F
400 2802 411 2847 Η
431 2800 612 2836 efficatius
638 2801 774 2836 ΑΒΜ
782 2801 822 2836 F
837 2801 850 2846 ΙΙ
869 2800 958 2836 licet
985 2799 1067 2835 RF
1083 2801 1094 2846 ΙΙ
1116 2805 1157 2835 11
1186 2799 1318 2846 etiam]
1346 2799 1444 2834 enim
1471 2797 1511 2833 F
1526 2799 1538 2844 ΙΙ
1558 2797 1606 2832 acl
1632 2809 1744 2832 runos
1769 2808 1796 2832 s.
1823 2808 1853 2832 v.

151 2851 218 2886 aut
243 2859 443 2895 perseuera
466 2850 651 2893 temptare
677 2850 742 2884 aut
766 2859 896 2883 reuera
921 2859 1035 2893 perge
1060 2847 1246 2893 temptare
1270 2847 1303 2882 Τ
1317 2849 1329 2892 ΙΙ
1351 2850 1393 2881 14
1414 2847 1462 2881 ad
1480 2857 1511 2882 v.
1536 2849 1603 2880 154
1628 2846 1749 2880 totum
1776 2843 1854 2879 iun-

151 2897 313 2943 gendum
341 2897 441 2931 ‘cum
468 2895 640 2931 lacrimas
667 2906 699 2932 ο.
721 2895 744 2931 1.
765 2908 799 2941 p.
827 2898 853 2931 t.
881 2908 915 2940 q.
943 2907 1002 2940 qq.
1029 2907 1076 2930 m.
1104 2895 1209 2941 pph.'
1237 2905 1284 2929 ne
1309 2894 1482 2929 uideatur
1514 2893 1661 2927 diuerso
1687 2893 1856 2937 tempore

152 2946 189 2980 et
212 2944 427 2980 lacrimasse
453 2946 492 2978 et
516 2946 646 2988 peetus
672 2943 895 2988 percussisse
916 2953 1000 2978 cum
1019 2944 1217 2987 utrumque
1238 2942 1349 2977 simul
1367 2941 1500 2976 fecerit
1522 2940 1555 2975 T
1569 2941 1582 2986 ΙΙ
1600 2939 1762 2975 LAciznns
1783 2939 1823 2974 F
1845 2939 1855 2984 Η

151 3003 301 3027 1ernNA
324 3003 542 3027 PRAEFVNDIT
562 2991 601 3025 F
623 2992 628 3036 Ι
650 2994 691 3025 15
718 2990 869 3025 inturna
894 2990 1086 3035 prefundit
1102 2990 1141 3025 F
1156 2991 1168 3036 ΙΙ
1190 2994 1232 3025 16
1259 3002 1342 3025 cum
1369 2991 1567 3033 utrumque
1594 2987 1704 3023 simul
1729 2987 1795 3023 fiat
1820 2989 1857 3022 et

153 3040 222 3075 hoc
241 3040 325 3074 ideo
346 3038 434 3084 quia
454 3050 482 3074 e.
496 3050 527 3084 q.
541 3049 567 3074 s.
640 3039 652 3084 ΙΙ
674 3042 716 3073 18
742 3037 912 3073 audierat
932 3037 1045 3072 ASR
1064 3039 1076 3084 ΙΙ
1095 3036 1407 3082 quemadmodum
1428 3047 1494 3072 om.
1516 3035 1556 3070 F
1571 3036 1583 3080 ΙΙ
1605 3039 1647 3070 19
1669 3036 1856 3079 coeptum-

153 3098 223 3132 que
251 3086 323 3121 AS
359 3088 578 3132 conceptum
607 3085 648 3121 F
662 3087 675 3131 ΙΙ
704 3087 874 3121 excutere
901 3084 941 3119 F
962 3086 973 3131 ΙΙ
1004 3089 1049 3120 20
1075 3087 1124 3120 ad
1148 3097 1334 3120 HONESTVM
1359 3085 1401 3118 iri
1424 3095 1538 3129 mary.
1565 3082 1717 3127 quidam
1744 3083 1855 3116 hone-

152 3137 249 3169 stum
276 3134 465 3180 accipiunt
483 3135 549 3169 aut
568 3133 736 3168 diuinum
756 3135 822 3168 aut
841 3132 939 3177 quod
958 3132 1035 3173 10111
1060 3133 1207 3178 placere
1228 3131 1403 3177 potuerat
1425 3131 1457 3165 T
1474 3132 1486 3177 ΙΙ
1506 3135 1548 3165 21
1570 3130 1661 3176 non]
1681 3141 1767 3164 nam
1783 3129 1830 3163 M
1845 3128 1848 3174 Ι

153 3186 197 3217 22
225 3182 404 3228 matrum]
429 3180 613 3217 Menaetis
633 3181 724 3216 corii.
743 3180 985 3215 Burmannus
1003 3181 1015 3225 ΙΙ
1034 3191 1209 3216 accensos
1229 3179 1366 3214 flebitis
1385 3178 1491 3224 ignes
1513 3177 1561 3213 M
1575 3179 1586 3223 ΙΙ
1605 3181 1650 3212 25
1677 3177 1768 3222 eripi
1790 3175 1830 3211 F
1846 3176 1848 3223 Ι

153 3233 198 3265 26
225 3229 350 3265 autem
376 3229 478 3265 bella
503 3228 543 3264 F
566 3230 579 3275 11
609 3228 751 3264 foerere
778 3227 818 3263 F
843 3229 855 3274 ΙΙ
885 3231 930 3263 27
955 3227 1225 3273 praedistinato
1252 3227 1292 3261 F
