2124 3600
333 258 391 299 32
1104 256 1263 292 SERVII

457 367 553 408 144.
601 377 895 409 FRONDESCIT
938 366 984 408 in
1025 368 1225 408 naturam
1269 364 1393 411 redit.
1454 366 1498 406 et
1541 364 1722 406 honeste
1766 364 1934 406 locutus
1976 366 2043 406 est

336 438 501 480 dicens:
533 437 666 480 habet
695 437 870 480 frondes
903 437 970 479 sui
1001 435 1179 479 metalli.

457 509 553 552 145.
602 520 722 551 ALTE
753 520 953 551 VESTIGA
991 520 1156 551 OOVLIS
1195 507 1363 562 require
1403 507 1521 549 omni
1557 507 1811 549 intentione.
1931 518 2041 548 RITE

334 593 582 623 REPERTVM
624 591 774 622 CARPE
817 579 919 621 ‘rite
957 578 1120 634 carpe',
1164 580 1209 621 id
1250 582 1307 621 est
1346 593 1438 620 cum
1478 578 1765 633 observatione,
1809 592 1899 619 non
1937 576 2041 619 ‘rite

288 660 308 690 5
335 651 583 708 repertum'.

457 723 553 766 147.
605 735 646 766 SI
678 735 735 765 TE
766 734 887 765 FATA
919 734 1107 765 VOGANT
1139 722 1222 764 hoc
1254 724 1338 778 est,
1377 722 1414 763 si
1447 736 1573 776 quem
1605 721 1698 763 fata
1728 722 1885 763 vocant
1916 719 2042 762 facile

337 795 542 851 sequitur.

458 867 553 909 148.
603 877 799 908 POTERIS
831 865 991 920 poterit
1022 865 1129 920 quis.
1190 865 1346 907 tertiae
1379 865 1491 906 enim
1523 878 1733 919 personae
1766 862 2044 919 significatio-

335 952 435 980 nem
484 937 536 979 ad
583 937 812 979 secundam
857 937 1083 979 transtulit
1123 939 1166 978 et
1209 936 1471 992 generaliter
1514 936 1723 991 loquitur:
1767 949 1868 976 nam
1906 937 1956 976 ut
1993 934 2044 976 de

268 1016 311 1048 10
338 1008 484 1051 Aenea
516 1008 631 1050 dicat
661 1023 747 1050 non
780 1007 985 1063 procedit.
1037 1008 1071 1049 si
1099 1007 1213 1049 enim
1240 1007 1424 1062 dubitat,
1455 1008 1573 1049 caret
1604 1007 1683 1048 deo
1709 995 1963 1060 nec-potest
1993 1005 2044 1046 de

336 1079 504 1122 Miseno
537 1080 778 1122 vaticinari.
898 1091 1025 1121 DVRO
1057 1090 1210 1121 FERRO
1250 1081 1294 1120 et
1325 1092 1459 1134 genus
1492 1092 1584 1120 esse
1616 1080 1762 1133 potest
1794 1079 1837 1118 et
1869 1076 2044 1131 species.

459 1151 555 1193 149.
605 1162 880 1193 PRAETEREA
913 1165 961 1193 ac
988 1150 1025 1192 si
1050 1150 1226 1193 diceret:
1260 1152 1326 1192 est
1353 1152 1396 1192 et
1422 1150 1509 1192 alia
1535 1148 1837 1204 opportunitas
1871 1148 2044 1190 descen-

337 1222 464 1264 dendi
503 1223 555 1264 ad
592 1222 774 1277 inferos,
812 1222 854 1263 id
894 1224 960 1264 est
992 1221 1278 1276 Proserpinae
1317 1236 1438 1264 sacra
1475 1220 1723 1277 peragendi.
1785 1219 1868 1262 duo
1901 1221 2045 1261 autem

336 1294 491 1336 horum
525 1308 745 1336 sacrorum
779 1307 937 1349 genera
968 1293 1100 1335 fuisse
1134 1292 1350 1335 dicuntur:
1391 1308 1523 1334 unum
1554 1291 1894 1345 necromantiae,
1931 1290 2044 1345 quod

268 1374 312 1405 15
337 1364 534 1407 Lucanus
567 1365 831 1420 exsequitur,
871 1367 914 1407 et
952 1363 1070 1406 aliud
1109 1363 1409 1418 sciomantiae,
1448 1362 1560 1418 quod
1592 1363 1639 1404 in
1668 1361 1879 1416 Homero,
1919 1376 2045 1416 quem

336 1436 556 1491 Vergilius
597 1437 810 1492 sequitur,
847 1436 1008 1478 lectum
1047 1437 1123 1478 est.
1186 1435 1258 1477 sed
1296 1434 1530 1477 secundum
1562 1432 1785 1476 Lucanum
1822 1433 1867 1475 in
1898 1447 2044 1475 necro-

335 1508 500 1550 mantia
532 1508 586 1550 ad
617 1508 849 1551 levandum
881 1507 1062 1549 cadaver
1095 1506 1272 1563 sanguis
1305 1508 1370 1548 est
1402 1505 1689 1560 necessariuS,
1726 1507 1775 1547 ut
1807 1503 1898 1559 <VI
1931 1504 2044 1558 667>

335 1582 547 1634 pectora
590 1581 711 1621 tunc
749 1578 967 1634 primum
1009 1576 1234 1620 ferventi
1278 1576 1527 1633 sanguine
1572 1576 1800 1631 supplet,
1849 1576 1892 1617 in
1936 1574 2045 1617 scio-

336 1650 504 1693 mantia
534 1665 655 1705 vero,
687 1650 789 1705 quia
819 1649 997 1691 umbrae
1027 1650 1199 1691 tantum
1232 1650 1299 1690 est
1330 1648 1542 1703 evocatio,
1574 1646 1734 1688 sufficit
1766 1646 1882 1688 solus
1914 1646 2046 1688 inter-

265 1731 311 1763 20
336 1723 443 1764 itus:
475 1722 586 1764 unde
616 1721 807 1763 Misenus
840 1721 886 1762 in
917 1720 1119 1762 fluetibus
1152 1719 1316 1762 occisus
1349 1733 1441 1761 esse
1473 1719 1700 1761 inducitur.
1822 1730 1918 1760 ΤΙΒΙ
1948 1717 2044 1760 ideo

338 1793 504 1835 addidit
535 1792 671 1847 ‘tibi’,
702 1807 756 1834 ne
790 1791 962 1834 ‘amici'
995 1793 1144 1846 posset
1175 1791 1306 1833 etiam
1339 1790 1393 1832 ad
1426 1789 1637 1845 Sibyllam
1668 1788 1830 1831 referri.

460 1864 555 1906 150.
604 1874 830 1905 INCESTAT
872 1862 1039 1918 polluit.
1091 1863 1135 1904 et
1170 1861 1383 1904 incestum
1423 1863 1489 1903 est
1525 1874 1816 1916 quaecumque
1848 1859 2045 1914 pollutio.

462 1936 559 1977 151.
608 1946 790 1977 PENDES
829 1933 1039 1976 sollicitus
1082 1948 1145 1988 es,
1187 1935 1235 1975 ut
1266 1932 1358 1987 <111
1391 1932 1506 1986 372>
1546 1932 1655 1986 ipse
1694 1946 1841 1973 manu
1882 1930 2044 1972 multo

434 2093 452 2123 1
478 2089 585 2125 schol.
612 2088 662 2123 ad
685 2098 717 2123 v.
746 2090 814 2122 144
840 2097 907 2123 om.
934 2086 968 2122 G
999 2087 1011 2133 ΙΙ
1048 2086 1161 2122 rediit
1185 2085 1311 2121 FC'H
1337 2087 1350 2130 ΙΙ
1386 2089 1407 2121 2
1439 2085 1580 2121 habens
1605 2083 1737 2119 FOM
1767 2085 1779 2130 ΙΙ
1816 2087 1836 2118 3
1862 2083 1968 2119 schol.
1995 2083 2045 2119 ad

815 2153 854 2172 Ec

336 2196 415 2218 mre
439 2197 472 2219 R.
499 2196 530 2217 c.
555 2193 622 2218 om.
650 2181 683 2216 G
714 2182 726 2227 ΙΙ
757 2185 779 2215 4
804 2194 943 2217 1ιει»ΤνΜ
970 2180 998 2216 S
1033 2193 1190 2216 Raram-v
1217 2180 1262 2215 H
1287 2181 1300 2225 ΙΙ
1332 2191 1442 2214 OARPE
1467 2191 1533 2215 om.
1558 2179 1648 2214 RH
1668 2180 1733 2224 qui
1750 2182 1837 2224 post
1861 2191 2043 2214 Rnrnwrvu

338 2231 506 2266 eaehibent
530 2232 573 2265 ut
597 2240 706 2274 carpe
732 2229 856 2264 uiator
881 2228 963 2272 iter,
990 2229 1065 2263 m’si
1084 2229 1179 2274 quod
1198 2228 1242 2262 H
1264 2228 1306 2262 ut
1330 2228 1463 2262 omittit
1488 2231 1520 2262 et
1544 2227 1669 2262 uiatur
1688 2227 1839 2271 praebet
1858 2227 1869 2271 ΙΙ
1889 2231 1909 2261 6
1935 2226 2042 2261 schol.

338 2279 388 2314 ad
411 2289 443 2313 v.
472 2281 538 2312 147
565 2280 650 2321 post
682 2276 882 2311 vaticinari
914 2277 993 2321 (lin.
1022 2278 1081 2321 11)
1112 2276 1194 2311 hab.
1221 2275 1262 2310 F
1285 2277 1297 2321 ΙΙ
1339 2275 1411 2310 hoc
1437 2275 1494 2310 est
1520 2303 1526 2310 .
1549 2304 1556 2310 .
1579 2302 1586 2309 .
1614 2273 1796 2320 sequitur]
1822 2273 1920 2308 hunc
1946 2273 2045 2308 enim

339 2336 449 2369 quem
474 2324 554 2359 fata
580 2324 716 2358 uocant
739 2323 851 2358 facile
878 2323 1046 2367 sequitur
1064 2323 1192 2358 ASM
1209 2324 1221 2368 ΙΙ
1242 2327 1260 2358 7
1287 2322 1461 2368 sequetur
1486 2322 1631 2366 1*ch
1650 2325 1671 2356 8
1695 2321 1802 2356 schol.
1828 2321 1878 2356 ad
1902 2333 2044 2355 rornms

338 2384 404 2407 om.
436 2371 469 2405 G
496 2372 510 2415 11
541 2370 676 2414 aliquis
703 2370 743 2405 F
769 2372 779 2416 ΙΙ
813 2374 854 2405 11
883 2381 963 2406 esse
989 2370 1131 2417 potest]
1157 2372 1283 2415 potest
1309 2381 1388 2405 esse
1415 2368 1488 2404 GC
1524 2370 1581 2404 est
1607 2369 1655 2403 M
1677 2369 1690 2413 ΙΙ
1723 2372 1766 2402 12
1792 2368 1863 2403 hac
1889 2367 1923 2403 G
1947 2369 1959 2413 ΙΙ
1987 2369 2046 2403 est

338 2431 405 2455 om.
432 2419 480 2454 M
494 2419 507 2463 ΙΙ
527 2418 761 2463 oportunitas
787 2419 822 2452 A
842 2420 854 2463 ΙΙ
873 2418 1049 2453 descendi
1073 2417 1153 2453 FG
1171 2419 1182 2463 ΙΙ
1206 2422 1246 2452 13
1272 2416 1414 2463 autem]
1442 2416 1541 2451 enim
1566 2416 1615 2451 M
1631 2417 1644 2461 ΙΙ
1665 2419 1708 2450 14
1734 2415 1907 2450 dicuntur
1931 2414 2045 2450 fuisse

338 2467 379 2501 F
386 2467 419 2502 G
437 2468 450 2511 ΙΙ
468 2465 744 2500 necromantiae
770 2464 904 2500 ASG:
931 2464 1207 2501 nichomantiae
1227 2465 1264 2500 R
1299 2464 1571 2500 neciomantiae
1594 2463 1639 2497 H
1672 2461 1980 2508 nechyomantiae
1999 2461 2051 2497 M

337 2535 633 2605 necyamamtiae
661 2559 692 2594 C
707 2560 720 2604 ΙΙ
752 2563 795 2594 15
822 2559 990 2604 sequitur
1015 2559 1137 2595 FGO
1159 2561 1169 2606 ΙΙ
1195 2561 1234 2595 et
1257 2571 1322 2596 om.
1350 2558 1469 2594 FGC
1488 2560 1501 2604 ΙΙ
1529 2558 1622 2593 alius
1649 2557 1727 2593 FG
1752 2559 1763 2604 ΙΙ
1793 2557 2044 2603 scyomantiae

337 2654 415 2690 Rc
449 2627 674 2690 chiomaltiae
702 2654 750 2688 M
784 2655 797 2699 ΙΙ
834 2653 1090 2699 sciomantiae]
1124 2654 1162 2689 id
1195 2655 1252 2689 est
1285 2652 1527 2688 diuinationis
1560 2664 1627 2698 per
1660 2654 1808 2688 umbras
1833 2650 1919 2687 σκιὰ
1946 2651 2044 2687 enim

338 2703 471 2738 umbra
497 2703 554 2736 est
579 2703 617 2736 et
642 2702 779 2745 μαντία
804 2701 1023 2735 uaticinium
1051 2702 1135 2737 add.
1151 2701 1190 2735 D
1209 2702 1220 2747 ΙΙ
1240 2701 1338 2746 quod
1362 2703 1419 2735 est
1443 2700 1480 2734 in
1501 2701 1655 2735 homero
1675 2700 1795 2735 FGC
1810 2702 1822 2746 ΙΙ
1842 2704 1884 2734 16
1905 2700 2042 2734 lectum

339 2751 397 2786 est
421 2761 487 2786 om.
515 2748 633 2783 FGC
649 2750 660 2794 Η
685 2747 876 2794 lucanum]
904 2747 1045 2782 dictum
1073 2749 1131 2783 est
1154 2750 1239 2785 add.
1266 2748 1307 2783 F
1311 2749 1345 2784 G
1368 2749 1381 2793 ΙΙ
1403 2747 1671 2792 nychomantia
1694 2747 1731 2783 R
1766 2745 2042 2783 necromantiae

796 2824 799 2826 ⁷
1617 2815 1629 2833 1

338 2844 412 2880 AS
446 2842 708 2879 neuomantiae
734 2841 779 2876 H
817 2841 1094 2877 nechiomantia
1121 2843 1170 2877 M
1205 2841 1459 2879 necromantia
1484 2842 1550 2878 Ga
1586 2840 1867 2887 necyomantiae
1895 2839 1926 2875 G
1953 2842 1965 2887 ΙΙ
1998 2844 2040 2875 17

339 2891 562 2927 eleuandum
587 2889 719 2924 ASM
753 2888 956 2924 lauandum
982 2888 1019 2922 R
1037 2890 1050 2933 ΙΙ
1069 2889 1243 2935 cadaver]
1271 2890 1329 2925 est
1346 2891 1436 2925 add.
1463 2890 1504 2924 F
1509 2890 1542 2925 G
1560 2891 1573 2935 ΙΙ
1602 2893 1645 2925 18
1670 2889 1819 2934 pectore
1845 2887 1873 2923 S
1890 2889 1902 2932 ΙΙ
1921 2889 1988 2923 tun
2015 2886 2046 2921 Ο

338 2940 419 2974 tum
446 2939 495 2973 M
511 2939 523 2982 ΙΙ
547 2937 686 2972 furenti
711 2936 745 2971 G
763 2937 775 2982 ΙΙ
801 2935 951 2981 supplet
976 2935 1067 2971 FO:
1094 2937 1245 2980 subplet
1270 2937 1304 2972 G
1341 2937 1518 2982 supplent
1541 2936 1669 2971 RSM
1702 2934 1875 2980 subplent
1899 2935 1945 2969 H
1964 2936 1975 2980 ΙΙ
2002 2934 2043 2969 in

339 2997 406 3022 om.
433 2985 512 3021 FG
542 2986 554 3030 u
592 2982 823 3029 scyomantia
849 2982 930 3017 FR
967 2982 1208 3018 scitomantia
1232 2984 1266 3019 G
1302 2984 1557 3030 nicyomantia
1582 2983 1613 3018 G
1652 2981 1837 3018 seiountia
1861 2982 1905 3016 H
1938 2980 2040 3016 chio—

339 3053 458 3116 maItia
481 3079 532 3114 M
544 3079 557 3124 ΙΙ
575 3082 620 3113 -19
647 3078 720 3123 est]
749 3088 828 3113 esse
853 3077 890 3112 R
909 3079 920 3124 ΙΙ
939 3076 1134 3112 euuocatio
1161 3076 1194 3112 G
1230 3077 1380 3117 uocatio
1407 3077 1522 3112 ARS
1557 3076 1705 3112 uacatio
1728 3075 1773 3110 H
1786 3076 1799 3120 ΙΙ
1823 3074 1979 3111 interius
2004 3074 2041 3109 R

339 3129 351 3175 Ιῐ
376 3132 421 3164 20
447 3138 524 3163 esse
549 3137 616 3162 om.
642 3125 838 3160 FGGAS
856 3126 868 3171 ΙΙ
886 3125 991 3161 schol.
1018 3125 1067 3160 ad
1092 3136 1164 3158 rrun
1189 3134 1256 3160 om.
1283 3125 1317 3159 G
1334 3125 1347 3169 ΙΙ
1372 3129 1414 3159 21
1443 3124 1547 3159 addit
1572 3123 1688 3159 ΑΕΒ
1704 3125 1717 3168 ΙΙ
1745 3126 1789 3157 22
1815 3122 1979 3158 incestus
2004 3122 2041 3157 R

318 3173 589 3269 ,isrggiztssmFH
619 3174 632 3218 fl
669 3173 844 3208 23echol.
872 3173 922 3208 ad
944 3184 977 3209 v.
1005 3175 1071 3207 151
1098 3182 1165 3208 om.
1191 3171 1224 3206 G
1252 3173 1265 3217 ΙΙ
1302 3171 1484 3208 sollicitus
1509 3171 1564 3217 es]
1592 3182 1676 3206 cum
1701 3169 1954 3207 sollicitudine
1980 3180 2039 3205 ex-
