2092 3614
548 269 698 307 COMM.
724 270 777 306 IN
802 270 945 307 VERG.
970 269 1082 306 AEN.
1109 271 1180 306 XII
1205 273 1405 306 367—397.
1740 269 1822 311 611

122 379 247 423 ‘lato’
289 394 371 435 pro
415 379 538 423 ‘late'
582 381 776 423 tradunt:
826 381 972 435 ubique
1021 383 1157 422 tameu
1208 380 1400 423 animum
1450 379 1533 422 viri
1581 379 1708 422 fortis
1760 393 1827 421 ex·
1861 354 1863 360 Α

121 453 294 508 pressit.

240 524 338 567 391.
389 536 520 567 IAPIX
558 526 707 580 aptum
744 538 902 566 nomen
941 523 1126 566 medico:
1163 538 1264 565 nam
1302 523 1462 566 ἰᾶσθαι
1495 522 1646 566 Graeci
1680 522 1830 565 dicunt

122 594 317 638 ‘curare'.
1734 652 1737 655 ‚

241 668 339 710 394.
388 678 633 710 Avovmviu
671 678 1002 718 ciruAuAMQvu
1041 678 1198 709 DABAT
1238 682 1340 710 vera
1378 667 1506 709 lectio
1546 669 1612 710 est
1649 659 1829 709 ‘dabat'z

121 753 222 781 nam
266 753 352 781 non
395 738 523 781 dedit.
587 754 687 781 sane
731 753 807 794 per
850 738 1064 781 citharam
1104 739 1326 781 scientiam
1363 738 1528 781 indicat
1564 738 1831 794 harmoniae,

121 811 168 853 id
201 814 260 854 est
293 811 481 853 musicae.
544 811 613 853 sed
647 813 686 852 et
720 810 883 853 cithara
920 814 959 853 et
995 811 1169 865 sagittae
1198 814 1306 853 artes
1336 814 1448 862 suut,
1486 811 1709 866 augurium
1739 824 1831 853 vero

122 895 296 925 munus:
333 895 418 924 uou
453 882 563 924 euim
592 882 681 924 sola
711 885 817 934 arte,
854 895 995 924 verum
1024 882 1149 924 etiam
1179 883 1344 924 indulta
1373 882 1587 925 divinitate
1617 883 1832 937 colliyitur.

242 953 341 998 395.
389 965 452 996 VT
479 965 697 996 DEPOSITI
722 954 769 996 id
791 957 849 996 est
873 953 1105 1008 desperati:
1133 968 1234 996 nam
1259 955 1374 1009 apud
1395 957 1541 997 veteres
1567 954 1831 996 consuetudo

124 1028 218 1068 erat
255 1028 303 1067 ut
341 1025 556 1080 desperati
594 1027 693 1067 ante
725 1025 878 1067 ianuas
910 1040 1012 1067 suas
1045 1025 1379 1081 collocarentur,
1418 1026 1483 1067 vel
1514 1028 1564 1068 ut
1595 1029 1833 1068 extremum

125 1096 322 1152 spiritum
362 1096 590 1139 redderent
624 1099 783 1153 terrae,
820 1097 887 1139 vel
919 1099 967 1138 ut
998 1099 1179 1152 possent
1210 1112 1235 1138 a
1266 1092 1590 1139 transeuntibus
1622 1097 1733 1140 forte
1764 1111 1832 1140 cu-

124 1168 229 1223 rari,
268 1167 341 1223 qui
380 1167 608 1223 aliquando
648 1168 779 1210 simili
815 1169 1124 1211 laboraverant
1155 1169 1329 1211 morbo:
1367 1167 1516 1211 Cicero
1549 1183 1753 1225 aegram
1785 1170 1835 1211 et

124 1254 282 1295 prope
314 1239 602 1294 depositam
634 1240 958 1296 reipublicae
990 1242 1188 1295 partem
1219 1241 1501 1294 suscepisse.

243 1311 342 1354 396.
380 1322 677 1354 PorEsTATEs
697 1323 955 1355 HERBARVM
982 1313 1081 1366 vim,
1106 1312 1457 1367 possibilitatem,
1484 1315 1617 1366 *quae
1645 1310 1835 1368 δύναμις

124 1383 319 1425 dicitur*.
381 1397 481 1425 nam
523 1383 568 1425 in
607 1383 840 1426 herbarum
883 1398 986 1426 cura
1023 1383 1144 1425 nulla
1181 1384 1293 1426 ratio
1333 1386 1417 1427 est:
1463 1384 1573 1426 unde
1612 1384 1741 1426 etiam
1775 1384 1837 1426 ait

127 1453 285 1496 emutas
312 1453 462 1496 artes’:
490 1455 593 1497 licet
619 1455 692 1497 alii
718 1457 883 1497 mutam
909 1457 1047 1497 artem
1067 1457 1233 1497 tactum
1253 1470 1387 1498 venae
1407 1456 1557 1509 velint,
1585 1456 1658 1498 alii
1679 1455 1836 1498 ‘mutas

127 1524 258 1568 artes'
294 1526 482 1568 musicae
515 1526 850 1582 comparatione.
893 1527 971 1569 alii
1002 1525 1183 1582 ‘mausz
1214 1528 1314 1580 quia
1339 1528 1454 1582 apud
1477 1530 1622 1570 veteres
1646 1527 1838 1569 mauibus

126 1598 260 1652 mayis
301 1598 504 1640 medicina
544 1602 719 1641 tractata
756 1602 835 1641 est:
879 1600 986 1641 uude
1023 1602 1060 1641 et
1095 1598 1308 1653 chiruryia
1344 1599 1474 1650 dicta,·
1518 1613 1619 1642 uam
1655 1600 1740 1654 ipse
1777 1599 1839 1641 ait

127 1668 271 1724 (402)
309 1669 463 1712 multa
494 1683 642 1713 mauu
672 1671 857 1713 medica
888 1670 1168 1725 Phoebique
1190 1671 1476 1725 potentibus
1506 1671 1684 1714 herbis.
1744 1685 1836 1725 eryo

128 1740 307 1796 ‘mutas',
352 1741 469 1795 quia,
513 1741 584 1784 ubi
627 1755 757 1785 mauu
794 1756 857 1785 res
893 1742 1104 1797 ayebatur,
1140 1743 1321 1786 cessabat
1356 1743 1496 1786 oratio.
1619 1754 1836 1793 VSVMQVE

127 1824 345 1855 MEDENDI
380 1810 637 1869 ἐμπειρικήν
671 1814 912 1870 scientiam,
949 1814 1032 1857 hoc
1064 1817 1131 1856 est
1162 1814 1436 1870 medicinam,
1471 1814 1515 1856 in
1549 1829 1641 1870 usu,
1674 1829 1760 1857 non
1793 1814 1838 1856 in

127 1884 296 1926 ratione
341 1886 630 1927 constantem:
673 1899 774 1927 uam
816 1886 1018 1939 quaedam
1061 1889 1169 1928 artes
1210 1899 1290 1928 usu
1332 1886 1562 1940 discuntur,
1604 1886 1711 1928 sicut
1748 1887 1839 1940 ipsa

129 1957 315 1998 maxima
337 1959 460 2010 parte
490 1957 704 2012 medicina,
736 1971 840 2011 quae
870 1960 965 1999 aute
994 1957 1288 2011 Hippocratem
1318 1958 1412 2010 fuit.

248 2027 347 2070 397.
396 2039 644 2071 INGLORIVS
673 2029 996 2085 comparatione
1024 2029 1294 2085 sagittarum,
1320 2029 1584 2083 harmoniae,
1609 2030 1655 2073 id
1677 2034 1734 2073 est
1751 2045 1838 2073 mu-

128 2100 248 2154 sicae,
274 2099 527 2142 divinitatis.
631 2117 711 2144 MAL
721 2118 784 2144 νη
804 2101 1000 2155 Quoniam
1023 2101 1194 2144 heroicis
1220 2101 1464 2155 temporibus
1488 2102 1612 2144 etiam
1637 2103 1839 2145 medicina

129 2171 245 2212 valde
273 2171 413 2223 fuerat
440 2172 487 2214 iu
517 2171 677 2215 houore.

226 2268 247 2299 9
279 2277 440 2300 υΕΡοειτι
476 2264 697 2310 desperati.
726 2294 732 2301 .
761 2293 769 2301 .
796 2266 942 2313 morbo]
983 2278 1096 2302 exscr.
1130 2266 1216 2303 Isid.
1251 2277 1301 2301 or.
1336 2265 1368 2301 X
1396 2270 1451 2301 72.
1497 2267 1541 2302 cf.
1569 2266 1663 2302 Non.
1695 2279 1729 2312 p.
1757 2271 1837 2311 279,

133 2316 175 2347 17
197 2323 277 2357 sqq.
309 2313 356 2348 M.
384 2314 396 2359 ΙΙ
423 2316 465 2347 12
493 2312 637 2360 Cicero]
666 2312 704 2348 in
730 2312 834 2349 Verr.
861 2315 932 2350 act.
958 2314 993 2349 ΙΙ
1018 2314 1082 2350 lib.
1109 2314 1124 2348 I
1151 2318 1182 2359 2,
1211 2317 1242 2350 5.
1282 2314 1326 2351 cf.
1352 2313 1651 2350 Pseudo-Ascon.
1679 2314 1726 2349 ad
1751 2315 1787 2351 h.
1814 2316 1838 2351 l.

229 2399 247 2429 1
274 2395 389 2430 animi
414 2396 459 2430 H
473 2397 485 2441 ΙΙ
514 2395 573 2431 uir
599 2397 649 2431 M
666 2398 678 2444 ΙΙ
707 2396 815 2432 fortis
839 2396 912 2432 uiri
937 2397 973 2432 R
992 2399 1003 2443 ΙΙ
1035 2402 1054 2432 3
1082 2397 1257 2433 JAPYx'F
1272 2399 1284 2444 ΙΙ
1314 2409 1385 2433 Iact
1411 2398 1506 2433 AM
1537 2397 1618 2434 iace
1643 2398 1680 2433 R
1689 2398 1732 2432 H
1738 2398 1803 2433 Fa
1828 2399 1838 2445 Η

133 2442 267 2478 Graeci
291 2444 372 2479 hab.
393 2455 417 2479 a
435 2445 447 2490 ΙΙ
479 2447 502 2478 4
528 2445 672 2491 curare]
699 2445 796 2480 unde
823 2443 949 2488 ἰατρός
975 2446 1111 2482 dicitur
1135 2446 1300 2481 medicus
1326 2447 1409 2481 add.
1436 2446 1476 2480 D
1495 2447 1506 2492 ΙΙ
1537 2447 1586 2482 acl
1612 2458 1728 2482 DAnA'r
1753 2457 1781 2482 s.
1806 2458 1838 2481 v.

132 2491 171 2526 id
197 2491 255 2525 est
279 2491 366 2526 dare
385 2491 557 2527 uoluerat
578 2492 612 2526 Τ
629 2493 640 2539 ΙΙ
658 2505 773 2528 nAnAr
791 2493 881 2528 RH
886 2493 935 2528 M
939 2504 973 2528 s:
999 2506 1118 2528 DADAT
1139 2493 1168 2528 S
1198 2506 1305 2529 naun*
1325 2494 1410 2528 AF
1426 2494 1438 2540 ΙΙ
1457 2494 1599 2529 dabant
1619 2494 1658 2528 F
1674 2495 1685 2540 ΙΙ
1706 2498 1725 2529 6
1753 2505 1840 2529 sane

135 2538 326 2574 sciendum
352 2550 418 2584 per
443 2539 484 2574 F
499 2541 511 2586 ΙΙ
542 2540 730 2576 armoniae
757 2541 861 2584 libri,
886 2542 962 2576 uisi
986 2542 1081 2586 quod
1107 2541 1318 2576 armoeniae
1342 2542 1410 2586 All
1443 2546 1462 2577 7
1488 2553 1515 2577 s.
1541 2553 1572 2577 v.
1600 2545 1670 2577 394
1695 2542 1841 2578 cithara

134 2588 172 2621 et
199 2586 361 2632 sagittae
383 2615 413 2623 ..
432 2614 439 2622 .
461 2587 653 2633 colligitur
680 2588 714 2623 T
730 2589 742 2635 ΙΙ
761 2589 917 2634 cythara
936 2588 976 2624 F
991 2591 1004 2634 ΙΙ
1026 2594 1067 2624 12
1094 2589 1173 2636 qui]
1202 2589 1290 2635 quia
1309 2589 1359 2624 M
1372 2590 1384 2636 ΙΙ
1403 2589 1576 2625 dissimili
1595 2590 1640 2624 H
1655 2591 1667 2636 ΙΙ
1687 2594 1731 2625 13
1756 2601 1839 2635 par-

133 2634 226 2678 tem]
253 2637 291 2669 et
315 2645 447 2670 seneca
472 2634 627 2679 (Statius
652 2636 772 2682 vulqo)
799 2636 837 2671 in
862 2636 965 2672 theb.
991 2636 1133 2682 (Oedip.
1159 2649 1191 2672 v.
1221 2641 1312 2672 1079
1342 2637 1384 2672 Ρ.
1413 2641 1454 2672 et.
1475 2637 1536 2679 R.)
1565 2637 1631 2672 ‘ite
1657 2637 1752 2672 ferte
1779 2637 1839 2672 de-

135 2680 266 2725 positis
293 2681 417 2726 opem’
446 2682 529 2717 add.
556 2682 596 2718 D
626 2683 638 2729 ss
676 2687 721 2718 14
745 2695 917 2718 romeus
943 2684 1017 2719 AS
1046 2685 1059 2729 ΙΙ
1097 2688 1141 2720 15
1166 2696 1251 2720 nam
1279 2685 1316 2720 in
1343 2684 1542 2719 herbarum
1575 2695 1662 2719 cura
1694 2686 1841 2729 (natura

136 2728 389 2773 Gommeliuus)
426 2728 483 2764 uis
510 2731 567 2764 est
591 2741 686 2774 quae
711 2730 872 2766 dinamis
898 2731 1036 2767 dicitur
1066 2732 1185 2776 (cuius
1212 2733 1296 2768 add.
1326 2731 1578 2775 Commelinus)
1610 2732 1714 2767 nulla
1744 2732 1840 2767 ratio

136 2777 193 2810 est
219 2775 260 2810 F
274 2777 286 2822 ΙΙ
316 2776 354 2811 in
381 2787 445 2812 om.
473 2776 546 2812 AS
562 2778 575 2822 ΙΙ
607 2781 651 2812 16
677 2777 766 2814 licet
791 2778 858 2814 alii
884 2806 891 2814 .
914 2807 922 2814 .
943 2807 950 2814 .
979 2781 1099 2815 mutas
1124 2781 1222 2815 artes
1249 2791 1314 2815 om.
1343 2779 1384 2814 F
1398 2781 1410 2825 ΙΙ
1444 2782 1486 2815 17
1513 2778 1579 2814 alii
1604 2781 1727 2814 mutas
1753 2779 1842 2824 quia

135 2834 162 2860 e.
189 2835 220 2869 q.
246 2823 291 2870 s.]
319 2824 364 2867 cf.
393 2825 441 2860 ad
465 2835 497 2859 v.
524 2828 592 2860 397
612 2826 624 2869 ΙΙ
646 2829 688 2860 18
713 2826 836 2861 tracta
862 2826 901 2861 F
917 2827 928 2873 ΙΙ
947 2830 989 2861 21
1019 2827 1215 2872 enpericen
1241 2827 1350 2862 ARh
1388 2826 1577 2872 enperices
1604 2827 1650 2861 H
1682 2826 1839 2874 enpnice

220 2871 424 2916 empiricen
447 2871 486 2906 id
513 2874 570 2907 est
594 2871 735 2917 pericia
759 2873 920 2919 empiros
947 2874 1086 2919 peritus
1113 2875 1154 2910 F
1186 2875 1237 2918 (id
1266 2877 1323 2910 est
1348 2903 1355 2910 .
1384 2902 1391 2909 .
1421 2903 1427 2909 .
1454 2874 1595 2919 peritus
1620 2875 1662 2909 iu
1687 2876 1763 2910 cod.
1789 2886 1839 2910 se-

137 2919 244 2954 clusit
263 2918 412 2963 Dauiel,
438 2920 480 2954 iu
497 2931 612 2966 mary.
640 2920 689 2964 gl.
711 2937 755 2950 ==
774 2922 888 2966 ylosa,
909 2923 1130 2969 adscribens)
1149 2924 1162 2968 ΙΙ
1180 2934 1254 2958 non
1279 2922 1424 2957 ratione
1444 2921 1517 2956 AS
1534 2923 1547 2968 11
1575 2925 1619 2957 22
1647 2924 1840 2958 constante

137 2965 177 3000 F
208 2967 220 3012 ss
252 2969 296 3001 23
325 2966 487 3002 maxima
511 2967 666 3002 Daniel:
691 2967 862 3013 proxima
886 2968 933 3004 F.
973 2981 1023 3005 au
1048 2981 1116 3015 pro
1141 2970 1305 3005 maxima
1324 2975 1339 3005 ¹?
1371 2971 1383 3014 ΙΙ
1413 2969 1498 3014 fuit]
1524 2968 1598 3005 fuit
1622 2971 1766 3005 mutata
1792 2970 1841 3013 F,

137 3017 241 3049 muta
265 3013 338 3049 fuit
360 3014 510 3049 Dauicl.
548 3016 695 3050 mutata
719 3016 847 3058 delevi,
880 3020 921 3052 ut
946 3027 990 3051 ex
1013 3029 1129 3053 uvrAs
1154 3030 1186 3053 A.
1214 3021 1350 3053 ortum:
1380 3028 1467 3052 uam
1499 3017 1587 3061 quia
1612 3018 1713 3062 apud
1739 3019 1840 3053 vete-

137 3071 195 3096 res
291 3062 463 3097 cessabat
488 3062 608 3098 oratio
634 3063 719 3098 olim
745 3064 794 3098 ad
818 3075 933 3098 uvrAs
958 3075 991 3100 A.
1011 3077 1035 3100 1.
1055 3076 1089 3099 A.
1117 3066 1304 3110 adscripta
1327 3065 1441 3107 fuisse
1463 3063 1687 3100 Turonensis
1711 3066 1811 3101 docet
1830 3065 1841 3111 ΙΙ

139 3111 184 3143 25
205 3109 255 3144 acl
272 3121 403 3145 uAnvn*
423 3110 465 3144 iu
484 3121 597 3156 marq.
618 3109 752 3145 maluit
776 3112 976 3156 propterea
994 3112 1086 3147 dicit
1105 3113 1193 3157 quia
1212 3111 1371 3147 heroicis
1391 3111 1622 3156 temporibus
1647 3111 1686 3147 in
1706 3123 1841 3158 magno

138 3155 278 3191 honore
302 3156 373 3192 fuit
398 3157 585 3193 medicina
615 3157 645 3192 Τ
662 3158 674 3202 ΙΙ
692 3169 828 3193 rrAnvrr
853 3158 892 3193 F
907 3160 920 3204 ΙΙ
939 3160 988 3195 acl
1011 3171 1126 3195 nvrAs
1151 3173 1185 3195 A.
1205 3174 1228 3196 1.
1249 3172 1282 3194 A.
1308 3170 1335 3194 s.
1357 3170 1387 3195 v.
1416 3159 1505 3204 quia
1529 3160 1701 3195 manibus
1725 3159 1841 3195 medi-

139 3202 223 3238 cina
248 3204 348 3249 apud
371 3205 517 3240 ueteres
541 3206 775 3240 tractabatur
800 3206 896 3241 unde
921 3208 959 3241 et
979 3207 1152 3253 cyrurgia
1171 3208 1282 3243 dicta.
1320 3218 1406 3241 nam
1431 3206 1512 3252 ipse
1537 3206 1650 3252 paulo
1676 3207 1763 3252 post
1788 3206 1842 3241 ait

140 3249 259 3286 multa
283 3263 395 3287 manu
420 3264 466 3287 m.
493 3264 582 3298 ergo
608 3253 713 3288 muta
738 3253 802 3288 uhi
829 3254 998 3289 cessabat
1023 3255 1142 3291 oratio
1168 3266 1225 3290 res
1253 3255 1434 3299 agebatur
1461 3254 1495 3289 T

212 3316 311 3343 Servii
330 3325 437 3345 comm.
457 3319 528 3345 Vol.
547 3319 591 3345 11.
612 3320 700 3345 Fuso.
721 3319 764 3345 11.
1512 3318 1557 3349 40

1861 1036 1903 1066 10

1863 1394 1906 1425 15

1865 1753 1909 1784 20
