2092 3614
566 243 718 281 COMM.
745 243 799 280 IN
822 242 967 280 VERG.
993 243 1105 281 AEN.
1132 244 1185 281 xl
1210 247 1362 281 80-92.
1731 244 1819 287 487

107 355 258 410 sponte
290 355 553 410 sequebatur
582 354 776 397 cadaver.
822 358 861 397 et
889 354 983 397 bene
1012 368 1106 397 eum
1135 354 1315 398 hominis
1344 356 1400 398 sit
1430 353 1533 411 ‘ire',
1564 356 1657 410 equi
1682 354 1819 407 ‘duci',

104 426 152 469 de
180 425 344 470 homine
374 427 438 469 ait
467 425 674 479 ‘ducitur',
704 427 753 469 de
782 440 880 481 equo
912 425 963 468 ‘a
992 425 1245 469 lacrimans'.

224 499 293 542 86.
342 510 560 542 FOEDANS
592 498 659 541 vel
692 500 941 550 cruentans,
972 497 1042 541 vel
1072 498 1282 543 lacerans.
1349 508 1354 513 ⁴

225 571 294 614 87.
343 582 525 613 TERRAE
563 571 611 614 id
638 573 697 613 est
731 570 778 612 in
808 571 983 612 terram.
1044 572 1083 612 et
1110 570 1287 624 figurate
1317 569 1538 614 ‘sternitur
1569 571 1733 625 terrae',
1772 575 1821 615 ut

103 641 216 696 <XII
247 641 364 698 382>
397 645 717 705 truncumque
746 641 957 695 reliquit
984 639 1208 683 harenae.

223 714 291 757 88.
340 729 537 758 PERFVSOS
566 729 666 756 SANG
675 730 767 757 VJNE
797 730 897 757 GVRR
905 729 949 756 vs
982 715 1058 755 aul
1092 713 1290 770 captivos,
1327 717 1403 756 aut
1430 715 1564 769 ipsius
1593 715 1817 759 Pallantis.

222 784 292 829 89.
340 800 435 828 1²0ss
461 800 660 827 aaaron
692 799 824 831 Eovvs
851 783 1051 827 militaris
1074 784 1184 827 enim
1214 785 1456 840 disciplinae
1483 787 1586 842 fuit,
1616 790 1664 829 ut
1691 802 1818 842 equm

101 870 227 911 usque
257 857 315 900 ad
341 844 600 911 sepulchrum
630 855 858 911 duceretur,
896 857 1076 911 armiyer
1100 870 1295 911 perversa
1326 871 1450 900 arma
1476 862 1672 913 qestaret:
1711 861 1818 903 unde

100 928 208 972 hane
237 929 567 972 consuetudinem
590 927 751 970 videtur
775 930 897 981 poeta
921 941 1111 971 servasse.
1214 940 1396 973 Posrr1s
1422 941 1689 974 INSIGNIBVS
1722 932 1816 974 sine

101 1000 263 1045 faleris.
325 1001 439 1057 quod
478 1002 624 1043 autem
662 1013 819 1056 equum
856 999 962 1042 dicit
999 1000 1228 1044 lacrimare
1266 1015 1352 1044 non
1391 1001 1550 1044 mirum
1593 1003 1675 1058 est,
1719 1017 1816 1045 cum

101 1070 316 1115 Homerus
356 1071 488 1114 etiam
527 1071 795 1114 divinantem
827 1070 1056 1114 induxerit.
1116 1071 1287 1116 Plinius
1316 1073 1450 1117 solum
1480 1087 1628 1128 equum
1649 1077 1818 1129 praeter

99 1144 304 1187 hominem
335 1144 555 1193 lacrimare
584 1147 622 1186 et
644 1144 797 1187 doloris
821 1144 1028 1197 adfectum
1051 1145 1202 1188 sentire
1231 1145 1341 1188 dicit.
1432 1157 1626 1189 ΑΕΤΗΟΝ
1655 1161 1816 1189 nomen

101 1217 218 1273 equi,
260 1231 344 1272 quo
378 1216 509 1258 etiam
541 1215 736 1259 Aurorae
770 1230 904 1272 equus
936 1218 1127 1259 vocatur.
1187 1218 1297 1271 quod
1324 1221 1462 1261 autem
1491 1232 1617 1273 equus
1647 1218 1817 1262 bellator

99 1289 251 1331 dioitm
281 1291 320 1331 et
340 1287 535 1343 phalanx
565 1289 800 1344 comitatur,
838 1289 961 1331 iuxta
990 1302 1144 1331 morem
1174 1289 1414 1333 Romanum
1445 1291 1524 1343 ait,
1554 1293 1603 1333 ut
1631 1291 1815 1346 diynitas

99 1360 145 1402 in
174 1360 278 1415 re9ii
308 1359 577 1403 adulescentis
613 1363 793 1403 servetur
829 1360 1028 1414 exequiis,
1065 1361 1166 1415 quia
1203 1362 1318 1416 apud
1345 1361 1559 1405 Romanos
1588 1363 1698 1418 quod
1726 1366 1816 1406 erat

98 1432 187 1474 vivo
218 1444 464 1486 eoncessum,
495 1434 655 1475 mortuo
684 1446 769 1475 non
798 1432 1066 1475 adimebatur.

218 1503 289 1546 90.
338 1520 478 1546 evrrzs
510 1520 683 1547 GRANDIB
692 1521 734 1547 vs
764 1503 859 1547 bene
890 1503 1159 1559 ‘yrandibits'‚
1189 1505 1290 1559 quia
1320 1505 1368 1548 de
1398 1519 1508 1561 equo.

216 1575 286 1618 91.
336 1586 435 1618 ΝΛΜ
466 1586 650 1618 CETERA
681 1587 863 1619 'rvnnvs
895 1587 1067 1619 VICTOR
1098 1588 1257 1619 HABET
1293 1574 1404 1620 κατὰ
1434 1575 1484 1621 τὸ
1519 1576 1812 1634 σιωπώμενον

99 1649 143 1689 et
168 1647 254 1690 alia
279 1661 376 1690 eum
404 1647 629 1690 sustulisse
655 1647 967 1705 intellegimus,
999 1663 1087 1691 non
1111 1650 1286 1691 tantum
1311 1649 1524 1706 balteum,
1551 1653 1602 1694 ut
1626 1651 1812 1708 legimus

98 1734 230 1775 supra
262 1718 330 1775 <X
356 1718 491 1774 496>:
522 1733 623 1762 nam
654 1720 744 1763 sola
773 1719 894 1763 hasta
924 1723 963 1762 et
987 1721 1109 1775 ⁸qalea
1140 1721 1366 1764 ostenditur
1394 1723 1650 1766 remansisse.

216 1791 285 1834 92.
335 1802 559 1833 PHALANX
589 1790 782 1846 phalanx
819 1791 972 1848 lingua
1004 1791 1291 1836 Macedonum
1329 1793 1457 1850 legio.
1519 1795 1632 1850 quod
1666 1796 1811 1838 autem

96 1863 159 1908 ait
185 1861 394 1918 ‘maesta',
421 1862 614 1906 Arcadas
641 1863 955 1920 intellegimus:
987 1863 1099 1907 unde
1127 1863 1259 1907 infert
1285 1863 1540 1922 ‘Teucrique
1573 1869 1811 1922 sequuntur

95 1935 395 1991 Tyrrhenique
421 1934 578 1978 duces'.
621 1937 665 1977 et
689 1935 772 1978 hoc
798 1937 865 1978 est
890 1929 1004 1991 quod
1031 1936 1093 1979 ait
1119 1951 1250 1992 supra
1275 1935 1392 1991 <60>
1419 1939 1470 1979 et
1498 1938 1611 1981 toto
1644 1938 1809 1982 lectos

96 2022 152 2050 ex
184 2006 392 2063 agmine
424 2006 591 2050 mittit
621 2007 765 2050 mille
796 2007 949 2050 viros.

192 2128 235 2160 11
262 2124 406 2160 minius
454 2125 532 2163 nat.
558 2125 645 2161 hist.
672 2112 760 2160 V‘III
786 2128 806 2168 g
834 2127 914 2161 157.
954 2124 999 2161 cf.
1026 2124 1113 2162 Isid.
1139 2136 1192 2162 οι.
1217 2125 1288 2161 XII
1314 2130 1346 2171 1,
1372 2130 1417 2162 43
1455 2128 1468 2173 ιι
1504 2131 1548 2162 21
1575 2127 1707 2174 lingua
1731 2128 1808 2165 Ma-

95 2172 279 2209 cedonum
304 2124 422 2220 legio}
449 2172 494 2208 cf.
521 2171 607 2208 Isid.
635 2184 686 2209 or.
712 2172 764 2208 IX
790 2177 824 2219 3,
850 2176 895 2208 46

190 2285 209 2316 1
242 2279 331 2326 equi
366 2279 482 2316 ‘duci'
518 2280 563 2316 de
595 2280 745 2316 homine
778 2280 832 2316 ait
866 2280 1045 2316 ‘ducitur'
1072 2281 1222 2327 scripsi:
1254 2282 1342 2327 equi
1372 2282 1466 2319 duce
1497 2282 1648 2320 homine
1680 2285 1807 2320 autem

93 2327 242 2364 ducitur
261 2328 302 2364 F
338 2327 425 2373 equi
450 2328 585 2364 ducere
611 2327 803 2364 hominem
827 2330 954 2364 autem
980 2328 1067 2364 duci
1092 2329 1147 2364 ait
1166 2328 1305 2365 Daniel
1323 2331 1335 2376 ΙΙ
1354 2334 1375 2366 2
1402 2331 1449 2365 de
1475 2342 1519 2366 eo
1545 2343 1618 2376 quo
1638 2331 1688 2376 F,
1713 2343 1805 2368 corr.

93 2376 232 2412 Daniel
261 2378 273 2422 ΙΙ
311 2375 351 2411 id
376 2375 418 2411 F
493 2380 515 2411 4
541 2375 580 2411 in
606 2378 707 2412 terra
733 2377 783 2411 M
788 2376 829 2411 F
856 2377 868 2422 ΙΙ
905 2380 926 2411 6
953 2377 1003 2412 ad
1029 2389 1161 2413 cvnnvs
1185 2388 1213 2413 s.
1239 2389 1271 2415 v.
1298 2381 1365 2413 aut
1390 2378 1562 2424 captiuos
1588 2390 1715 2415 currus
1741 2382 1807 2416 aut

92 2423 209 2470 ipsius
234 2423 412 2469 pallantis
490 2425 503 2470 ΙΙ
522 2423 694 2470 captiuus
721 2423 762 2459 F
795 2423 1030 2470 captivorum
1054 2423 1195 2461 Daniel
1213 2427 1225 2472 ΙΙ
1250 2429 1271 2460 8
1297 2425 1454 2472 gestiret
1480 2425 1521 2461 F
1535 2429 1548 2471 ΙΙ
1576 2430 1597 2462 9
1623 2428 1730 2464 schol.
1757 2430 1807 2464 ad

92 2483 228 2506 rosms
254 2485 278 2507 1.
304 2482 371 2507 om.
397 2471 444 2506 H
474 2473 487 2526 [Ι
525 2475 569 2507 10
601 2471 702 2517 quod
734 2472 860 2507 autem
886 2499 894 2507 .
918 2501 926 2509 .
948 2499 956 2507 .
982 2471 1119 2507 mirum
1144 2474 1202 2509 est
1226 2484 1292 2508 om.
1319 2474 1361 2509 F
1387 2475 1400 2520 [Ι
1437 2475 1591 2520 equum]
1618 2486 1703 2511 eum
1727 2476 1765 2511 R
1795 2477 1806 2522 Η

93 2530 179 2554 cum
204 2519 317 2555 horus
343 2519 381 2555 et
406 2518 646 2555 diuinitatem
669 2518 858 2555 induxerit
876 2519 945 2567 Fu
967 2523 1008 2555 11
1035 2519 1243 2568 induxerit]
1269 2520 1463 2558 Xanthum
1488 2534 1624 2568 equum
1646 2523 1804 2559 Achillis

92 2568 252 2603 mortem
282 2567 348 2611 (Il.
374 2565 461 2602 XIX
485 2567 569 2612 408)
602 2567 667 2603 καὶ
699 2568 782 2613 λίην
815 2564 851 2603 σ’
880 2565 935 2603 ἔτι
960 2568 1032 2604 νῦν
1059 2595 1066 2603 .
1095 2595 1103 2603 .
1130 2597 1138 2605 .
1165 2573 1278 2615 μοῖρα
1309 2567 1472 2615 κραταιή
1504 2572 1543 2606 et
1573 2571 1687 2616 paulo
1719 2573 1807 2617 post

93 2615 191 2660 (416)
225 2610 319 2649 ἀλλὰ
351 2614 409 2649 σοὶ
440 2611 543 2661 αὐτῷ
570 2642 579 2651 .
608 2642 615 2650 .
644 2642 651 2649 .
685 2615 866 2661 δαμῆναι.
917 2627 1032 2661 equos
1064 2616 1191 2652 autem
1222 2617 1381 2653 Achillis
1411 2616 1558 2653 inducit
1587 2618 1804 2655 Patroclum

92 2662 264 2705 lugentes
291 2661 357 2707 (Il.
385 2661 489 2697 XVII
514 2663 598 2707 426)
625 2663 734 2698 ἵπποι
759 2659 797 2698 δ’
825 2661 1010 2699 Λίακίδαο
1037 2692 1044 2699 .
1068 2690 1075 2698 .
1097 2693 1104 2701 .
1131 2660 1204 2709 ὑφ’
1223 2660 1406 2711 ’Έκτορος
1431 2662 1690 2711 ἀνδροφόνοιο
1717 2668 1803 2703 add.

92 2709 132 2744 D
149 2711 162 2755 ΙΙ
183 2713 226 2744 12
245 2719 363 2744 omos
381 2709 456 2744 AS
472 2710 485 2755 Ι]
503 2721 638 2745 nomen
659 2721 724 2746 om.
740 2710 781 2745 F
795 2711 808 2756 ΙΙ
829 2715 871 2746 13
898 2710 1069 2758 vocatur]
1096 2713 1251 2748 uocatus
1272 2713 1322 2748 H.
1360 2712 1423 2749 vel
1447 2724 1470 2748 a
1494 2713 1691 2759 splendore
1717 2725 1804 2749 nam

93 2758 195 2793 αἴθω
221 2757 334 2792 ardeo
360 2756 514 2802 dicitur,
540 2757 602 2793 vel
628 2768 650 2792 a
675 2768 803 2793 cursus
829 2758 1020 2794 celeritate
1046 2759 1155 2804 quasi
1179 2759 1257 2795 αἰεὶ
1280 2759 1369 2796 θέει
1394 2757 1470 2806 (ἀεὶ
1488 2759 1594 2796 θέων
1617 2762 1738 2808 vulgo)
1764 2761 1804 2798 id

92 2807 150 2840 ost
175 2807 356 2851 perpetuo
383 2815 532 2840 currens
557 2803 763 2840 indefessus
789 2806 873 2843 add.
891 2805 931 2840 D
950 2807 963 2852 ΙΙ
981 2806 1030 2842 ad
1049 2817 1080 2842 v.
1103 2809 1146 2843 89
1173 2808 1215 2844 in
1233 2819 1347 2855 mary.
1375 2807 1476 2854 quod
1501 2819 1617 2854 equus
1642 2808 1804 2846 bellator

93 2852 229 2888 dicitur
249 2881 256 2889 .
273 2880 303 2889 ..
326 2852 572 2888 adimebatur.
612 2851 786 2888 militaris
807 2854 934 2889 autem
960 2853 1181 2900 disciplinae
1207 2857 1288 2891 erat
1312 2858 1354 2891 ut
1379 2867 1496 2902 equus
1522 2857 1570 2892 ad
1590 2857 1802 2903 sepulcrum

93 2910 209 2945 usque
236 2900 433 2936 duceretur
459 2899 620 2945 armiger
645 2911 750 2936 arma
774 2902 940 2946 gestaret
961 2901 1058 2937 unde
1078 2902 1175 2938 hanc
1195 2903 1503 2940 consuetudinem
1523 2904 1672 2940 uidetur
1691 2905 1804 2950 poeta

93 2958 258 2983 seruasse
287 2948 320 2982 T
336 2949 349 2995 ΙΙ
370 2951 414 2983 14
438 2947 567 2983 falanx
591 2946 794 2983 comitatur
821 2948 868 2983 T:
893 2948 1047 2993 pallanx
1072 2950 1269 2987 omittatur
1293 2951 1334 2986 F
1348 2953 1361 2997 ΙΙ
1388 2955 1432 2987 15
1457 2951 1563 2997 regni
1588 2952 1802 2989 adulescen-

92 2995 141 3030 tis
167 2995 207 3030 F
222 2996 235 3041 11
259 2994 424 3041 exequiis
449 2995 690 3031 conseruetur
718 2995 752 3030 T
765 2996 778 3041 ΙΙ
807 2999 850 3031 16
877 2995 1113 3033 adimabatur
1139 2998 1186 3033 F.
1225 2998 1401 3034 militaris
1427 3001 1554 3035 autem
1579 2999 1801 3046 disciplinae

94 3043 175 3078 erat
203 3053 279 3078 non
309 3044 433 3079 debuit
457 3054 475 3079 e
503 3043 710 3079 Turonensi
740 3043 872 3079 addere
896 3043 1035 3080 Daniel
1040 3058 1054 3088 ;
1079 3047 1268 3091 pertinent
1298 3048 1392 3082 enim
1422 3047 1510 3083 haec
1539 3048 1648 3084 verba
1679 3049 1728 3084 ad
1759 3060 1802 3084 ea

93 3100 186 3135 quae
209 3090 252 3125 in
276 3090 340 3126 illo
365 3091 484 3127 codiee
507 3094 719 3137 sequuntur.
746 3091 792 3134 cf.
814 3091 878 3126 lin.
901 3094 919 3127 7
940 3092 953 3139 ΙΙ
982 3095 1024 3127 17
1052 3094 1101 3129 ad
1125 3106 1291 3129 VMEGTAT
1317 3105 1516 3131 ermunmvs
1542 3108 1573 3131 o.
1599 3107 1627 3131 s.
1648 3107 1680 3131 υ.
1707 3096 1800 3131 bene

93 3135 187 3172 dicit
218 3137 421 3182 grandibus
454 3138 543 3184 quia
575 3139 621 3174 de
652 3149 748 3183 equo
774 3138 1007 3183 loquebatur.
1056 3140 1195 3187 plinius
1222 3141 1314 3177 dicit
1340 3142 1460 3180 solum
1486 3142 1626 3178 animal
1652 3143 1801 3188 praeter

96 3183 282 3231 hominem
309 3196 444 3230 equum
469 3186 666 3222 lacrimare
693 3187 732 3221 et
757 3185 895 3222 doloris
916 3186 1090 3223 affectum
1111 3189 1248 3225 sentire
1272 3189 1305 3224 T
1320 3189 1333 3234 ΙΙ
1354 3193 1396 3224 19
1422 3190 1465 3225 ut
1483 3189 1579 3235 legis
1599 3201 1711 3235 supra
1730 3190 1775 3225 H
1788 3190 1801 3238 ΙΙ

94 3235 138 3267 22
165 3231 318 3269 inferius
343 3233 473 3270 ΑΒΜ
491 3235 504 3280 ΙΙ
534 3233 727 3279 teucrique
753 3234 928 3270 secuntur
954 3236 1061 3280 quasi
1085 3236 1327 3283 tyrrhenique
1354 3247 1481 3273 omnes
1505 3237 1546 3272 F

1844 654 1865 686 5

1844 1016 1888 1048 10

1842 1378 1885 1409 15

1837 1736 1883 1769 20
