2124 3600
901 855 1099 899 SERVII
1131 855 1510 909 GRAMMATICI
1545 886 1550 892 -

370 997 372 999 *
434 968 510 1023 IN
552 968 869 1025 VERGILII
910 968 1261 1027 AENEIDOS
1305 969 1577 1026 LIBRVM
1621 929 1978 1027 SEPTIMVM

925 1063 1487 1121 COMMENTARIVS.

475 1213 509 1254 1.
560 1212 622 1256 Vt
653 1215 697 1255 et
727 1213 773 1255 in
804 1214 1016 1270 principio
1050 1202 1254 1269 diximus,
1291 1214 1337 1256 in
1375 1213 1479 1256 duas
1516 1215 1664 1270 partes
1703 1213 1784 1256 hoc
1817 1228 1925 1269 opus
1958 1214 2062 1256 divi-

351 1298 447 1325 sum
492 1287 578 1326 est:
622 1299 724 1327 nam
761 1285 891 1341 primi
930 1300 1003 1327 sex
1041 1285 1094 1328 ad
1132 1285 1367 1341 imaginem
1400 1284 1610 1340 Odyssiae
1649 1284 1752 1327 dicti
1790 1286 1909 1340 sunt,
1953 1300 2060 1340 quos

350 1369 633 1409 personarum
676 1358 720 1397 et
757 1355 1082 1398 adlocutionum
1126 1356 1337 1398 varietate
1381 1357 1553 1398 constat
1597 1369 1690 1397 esse
1734 1356 1973 1411 graviores,
2014 1356 2062 1398 hi

349 1429 494 1468 autem
534 1441 607 1468 sex
645 1427 719 1480 qai
755 1430 981 1480 sequuntur
1018 1427 1071 1469 ad
1109 1427 1344 1483 imaginem
1382 1426 1545 1469 Iliados
1590 1426 1692 1468 dicti
1737 1429 1855 1483 sunt,
1898 1428 1971 1483 qui
2015 1427 2060 1469 in

300 1506 321 1537 5
348 1497 539 1556 negotiis
577 1498 806 1540 validiores
848 1500 968 1540 sunt:
1005 1513 1106 1540 nam
1139 1502 1182 1540 et
1213 1498 1304 1553 ipse
1337 1499 1418 1540 hoc
1450 1497 1555 1540 dicit
1587 1497 1700 1552 <45>
1733 1498 1895 1540 maius
1935 1513 2060 1554 opus

348 1583 535 1612 moveo.
598 1572 642 1611 et
671 1585 718 1612 re
750 1584 852 1612 vera
883 1570 1101 1626 tragicum
1133 1584 1242 1625 opus
1274 1571 1359 1624 est,
1397 1570 1471 1611 ubi
1510 1571 1678 1611 tantum
1718 1569 1833 1611 bella
1869 1572 2060 1612 tractan-

347 1643 428 1683 tur.
545 1653 607 1683 'rv
638 1652 828 1692 QVOQVE
862 1628 973 1684 sicut
1003 1640 1214 1696 Misenus,
1245 1640 1474 1682 Palinurus
1507 1640 1651 1682 etiam.
1760 1652 1956 1684 NOSTRIS
1987 1641 2060 1684 hoc

347 1715 406 1754 est
429 1711 610 1767 Italicis,
635 1714 684 1754 ut
708 1726 809 1755 11011
835 1711 1008 1754 eadem
1036 1711 1312 1754 arboribus
1345 1710 1532 1766 pendet
1558 1711 1817 1753 vindemia
1842 1713 2061 1768 nostris,

310 1788 332 1808 ⁶
347 1797 449 1837 non,
474 1784 523 1824 ut
542 1781 743 1825 Donatus
770 1784 844 1839 ait,
867 1784 914 1826 in
933 1783 1279 1838 comparationem
1297 1783 1437 1825 oceani
1461 1782 1794 1839 navigabilibus.
1884 1795 2058 1827 ΑΕΝΕΙΑ

278 1862 322 1893 10
348 1866 524 1897 NVTRIX
554 1854 664 1896 hanc
690 1853 764 1896 alii
791 1854 981 1910 Aeneae,
1015 1854 1088 1896 alii
1114 1853 1316 1909 Creusae,
1348 1854 1423 1896 alii
1449 1854 1626 1896 Ascanii
1657 1854 1868 1897 nutricem
1894 1856 2059 1898 volunt.

347 1925 506 1968 lectum
548 1928 697 1968 tamen
740 1927 806 1968 est
847 1925 894 1967 in
934 1924 1170 1980 philologis
1215 1925 1257 1966 in
1298 1924 1381 1967 hoc
1417 1924 1512 1967 loco
1551 1924 1734 1967 classem
1773 1924 2057 1969 Troianorum

348 2011 450 2039 casu
482 1999 819 2051 concrematam,
851 1996 962 2038 unde
995 1994 1147 2038 Caieta
1177 1995 1292 2038 dicta
1324 1998 1408 2050 est,
1440 1991 1525 2038 ἀπὸ
1559 1995 1640 2038 τοῦ
1672 1997 1827 2038 καίειν.

466 2068 507 2111 3.
557 2080 736 2111 SERVAT
780 2070 919 2123 tenet,
962 2066 1174 2122 possidet,
1217 2068 1267 2108 ut
1305 2068 1596 2109 servantem
1635 2067 1775 2121 ripas
1816 2067 1923 2110 alta
1958 2083 2059 2111 non

346 2139 482 2181 vidit
512 2139 563 2182 in
594 2139 764 2182 herba.
862 2150 1095 2182 HESPERIA
1121 2150 1172 2180 IN
1197 2149 1364 2180 MAGNA
1396 2136 1584 2193 ‘magna'
1618 2140 1797 2193 propter
1822 2138 2059 2194 Hispaniae

278 2218 322 2249 15
350 2210 667 2253 discretionem.

467 2282 505 2323 4.
558 2293 600 2324 81
633 2293 728 2332 QVA
757 2293 842 2324 EST
875 2293 937 2324 EA
968 2293 1145 2325 GLORlA
1184 2280 1419 2323 secundum
1457 2280 1706 2335 Epicureos.
1766 2281 1876 2323 bene
1914 2283 2057 2324 autem

347 2353 528 2394 interest
558 2353 699 2394 funeri
736 2355 968 2409 postquam
1001 2354 1056 2395 ab
1090 2352 1238 2395 inferis
1270 2352 1416 2408 rediit,
1458 2352 1569 2394 sicut
1599 2351 1795 2394 interfuit
1827 2353 2057 2407 antequam

348 2422 642 2479 descenderet,
673 2426 722 2466 ut
754 2424 942 2466 medium
976 2426 1119 2466 actum
1151 2423 1410 2466 ostenderet.

467 2495 506 2537 6.
556 2506 795 2545 QVIERVNT
828 2494 1000 2537 Hebrus
1034 2494 1275 2550 ‘quierant'
1308 2494 1428 2550 legit.

444 2615 464 2646 8
490 2622 564 2646 non
591 2611 738 2658 eadem]
765 2623 890 2657 georg.
918 2611 952 2646 II
978 2615 1023 2647 89
1059 2613 1072 2655 u
1109 2615 1130 2647 9
1156 2611 1340 2657 Donatus]
1374 2611 1419 2645 cf.
1446 2610 1539 2646 Don.
1567 2610 1614 2644 ad
1638 2609 1719 2645 Ter.
1747 2621 1828 2645 eun.
1855 2610 1889 2645 II
1915 2615 1948 2654 3,
1974 2615 2018 2646 22
2043 2610 2056 2658 ΙΙ

347 2662 389 2693 11
417 2658 556 2694 lectum
583 2687 590 2694 .
613 2687 620 2694 .
644 2688 650 2696 .
678 2660 817 2705 καίειν]
844 2659 889 2694 cf.
915 2661 1001 2694 Aur.
1023 2659 1119 2694 Vict.
1141 2670 1191 2696 or.
1212 2671 1246 2704 g.
1270 2659 1310 2696 R,
1334 2662 1376 2693 10
1396 2659 1407 2704 ΙΙ
1438 2661 1480 2693 13
1508 2658 1734 2704 servantem]
1761 2668 1887 2703 georg.
1914 2657 1965 2693 IV
1984 2661 2054 2694 459

443 2769 460 2799 1
497 2765 568 2801 1100
601 2776 695 2811 opus
726 2765 765 2800 in
796 2765 888 2800 duas
920 2767 1047 2811 partes
1073 2765 1109 2800 R
1139 2767 1151 2812 11
1189 2765 1297 2811 opus]
1331 2775 1462 2809 corpus
1496 2764 1530 2798 V
1551 2764 1767 2799 Burmanni
1796 2764 1809 2809 ΙΙ
1845 2768 1866 2799 2
1893 2762 2054 2799 odissiae

345 2811 479 2846 RFH
485 2813 534 2847 M
569 2811 709 2848 odisiae
736 2812 771 2847 L
789 2814 802 2858 ΙΙ
827 2816 849 2847 4
874 2812 922 2847 ad
947 2812 1197 2848 imitationem
1222 2812 1357 2848 iliados
1383 2811 1423 2846 F
1438 2813 1450 2856 ΙΙ
1469 2810 1593 2846 iliadis
1612 2811 1703 2846 RH
1706 2811 1754 2845 M
1768 2812 1781 2856 ss
1806 2815 1826 2846 6
1853 2810 2053 2858 tragicum]

345 2859 505 2894 triacum
531 2860 575 2894 H
594 2861 607 2906 ΙΙ
635 2864 657 2895 8
682 2871 757 2895 non
782 2871 848 2894 om.
870 2859 943 2895 AS
965 2861 978 2905 u
1007 2863 1027 2894 9
1053 2871 1126 2895 non
1152 2861 1194 2895 ut
1219 2888 1226 2895 .
1250 2888 1257 2896 .
1280 2887 1287 2895 .
1314 2859 1591 2904 navigabilibus
1617 2869 1683 2894 om.
1709 2858 1839 2893 RLH
1859 2859 1915 2902 (in
1938 2869 2051 2904 mary.

349 2907 432 2942 add.
454 2907 480 2951 l)
498 2908 511 2952 ΙΙ
529 2918 603 2942 11011
627 2908 669 2942 1113
695 2918 760 2942 om.
782 2907 831 2942 M
844 2908 857 2952 ΙΙ
875 2905 1114 2952 nauigalibus
1142 2908 1192 2941 M
1207 2908 1218 2953 ΙΙ
1240 2910 1281 2941 11
1309 2907 1447 2942 lectum
1474 2907 1530 2941 est
1554 2906 1682 2940 tamen
1702 2905 1743 2940 F
1758 2906 1770 2950 ΙΙ
1787 2905 2000 2951 phylologis
2020 2906 2054 2940 L

347 2953 386 2999 (i.
407 2963 437 2988 e.
464 2953 504 2988 in
528 2952 633 2989 libris
659 2954 886 2990 naturalium
912 2953 1180 2989 sententiarum
1205 2964 1382 2999 saperscr.
1409 2954 1434 2998 Z)
1453 2954 1465 2998 ΙΙ
1485 2953 1639 2988 classem
1667 2981 1673 2987 .
1696 2980 1703 2987 .
1727 2980 1733 2987 .
1763 2953 2052 2998 concrematam]

346 3011 433 3036 casu
461 2999 617 3036 classem
642 3001 830 3037 incensam
858 3012 936 3036 esse
962 3001 1148 3036 troianam
1174 3001 1224 3035 M
1244 3002 1255 3047 ΙΙ
1289 3005 1331 3035 12
1359 3000 1462 3046 casu]
1489 3000 1542 3035 ibi
1568 3001 1652 3036 add.
1679 2999 1719 3034 F
1734 3000 1746 3044 ΙΙ
1777 3001 2052 3034 concrematum

346 3048 374 3084 S
397 3049 410 3094 ΙΙ
441 3047 543 3083 caica
568 3048 613 3082 H
633 3049 645 3094 11
674 3060 927 3084 ΛποιοΥκΛιεΙΝ
954 3049 988 3083 A
1027 3061 1169 3083 anomov
1193 3059 1294 3083 ΚεειΝ
1320 3047 1360 3082 F
1395 3058 1467 3082 ano
1493 3059 1562 3082 'roy
1587 3057 1675 3082 xeen
1699 3046 1750 3080 M
1769 3045 1822 3090 (id
1847 3047 1905 3081 est
1929 3048 2052 3082 accre-

344 3094 512 3131 matione
537 3105 714 3139 super-secr.
734 3097 783 3141 m)
803 3098 814 3143 ΙΙ
835 3100 877 3131 13
903 3096 961 3142 ris>
981 3095 1017 3130 R
1042 3095 1156 3141 (ripas
1181 3096 1215 3140 r)
1234 3096 1247 3140 ΙΙ
1265 3095 1340 3129 alte
1361 3094 1448 3129 RH
1469 3095 1562 3139 (alta
1586 3095 1619 3138 r)
1639 3095 1651 3139 Η
1672 3097 1714 3128 16
1740 3092 1958 3140 Epicureos]
1988 3093 2052 3139 qui

346 3143 476 3178 dicunt
507 3142 595 3178 deos
627 3153 703 3177 non
735 3154 862 3179 curare
896 3143 1071 3179 mortalia
1102 3143 1187 3178 add.
1216 3143 1265 3177 M
1271 3143 1300 3185 l,
1336 3152 1420 3176 cum
1451 3152 1495 3175 ea
1526 3151 1583 3175 res
1616 3140 1710 3175 nihil
1743 3140 1790 3175 ad
1820 3143 2052 3176 mortuorum

345 3190 580 3236 voluptatem
606 3189 767 3225 attineat
791 3191 1024 3227 sentiendam
1050 3191 1134 3227 add.
1161 3189 1363 3224 Fabricius
1392 3189 1404 3233 ΙΙ
1443 3191 1486 3223 18
1512 3187 1639 3222 actum
1665 3197 1730 3223 om.
1757 3187 1791 3222 L
1820 3189 1935 3233 (supr.
1961 3199 2049 3225 vers.

346 3238 431 3274 add.
452 3238 479 3282 l)
498 3238 511 3283 ΙΙ
531 3241 574 3273 19
588 3236 723 3273 hebrus
742 3236 816 3273 AS
823 3238 953 3272 FLH
960 3239 1007 3272 M
1014 3252 1021 3272 :
1049 3237 1199 3273 hebrius
1218 3236 1264 3281 R,
1291 3238 1396 3272 cuias
1420 3235 1462 3270 in
1485 3245 1600 3280 mary.
1619 3235 1706 3270 haec
1725 3246 1749 3270 a
1767 3234 1874 3289 Iffetro
1894 3235 2051 3271 Daniele
