<?xml version="1.0" encoding="UTF-8"?>
<!DOCTYPE html PUBLIC "-//W3C//DTD XHTML 1.0 Transitional//EN"
    "http://www.w3.org/TR/xhtml1/DTD/xhtml1-transitional.dtd">
<html xmlns="http://www.w3.org/1999/xhtml" xml:lang="en" lang="en">
 <head>
  <title>
</title>
<meta http-equiv="Content-Type" content="text/html;charset=utf-8" />
  <meta name='ocr-system' content='tesseract 3.04.00' />
  <meta name='ocr-capabilities' content='ocr_page ocr_carea ocr_par ocr_line ocrx_word'/>
</head>
<body>
  <div class='ocr_page' id='page_1' title='image "./invergiliicarmin02servuoft_0548.png"; bbox 0 0 2092 3614; ppageno 0'>
   <div class='ocr_carea' id='block_1_1' title="bbox 336 239 1271 299">
    <p class='ocr_par' dir='ltr' id='par_1_1' title="bbox 336 239 1271 299">
     <span class='ocr_line' id='line_1_1' title="bbox 336 239 1271 299; baseline -0.005 -1"><span class='ocrx_word' id='word_1_1' title='bbox 336 256 424 299; x_wconf 84' lang='lat'><em>534</em></span> <span class='ocrx_word' id='word_1_2' title='bbox 840 239 843 242; x_wconf 67' lang='grc'><strong>’</strong></span> <span class='ocrx_word' id='word_1_3' title='bbox 1109 256 1271 294; x_wconf 78' lang='lat' dir='ltr'><strong>SERVH</strong></span> 
     </span>
    </p>
   </div>
   <div class='ocr_carea' id='block_1_2' title="bbox 261 365 2042 1564">
    <p class='ocr_par' dir='ltr' id='par_1_2' title="bbox 261 365 2042 1564">
     <span class='ocr_line' id='line_1_2' title="bbox 326 365 2040 422; baseline 0.004 -15"><span class='ocrx_word' id='word_1_4' title='bbox 326 365 503 421; x_wconf 73' lang='lat' dir='ltr'><em>pressit,</em></span> <span class='ocrx_word' id='word_1_5' title='bbox 521 381 594 408; x_wconf 86' lang='lat' dir='ltr'><em>nee</em></span> <span class='ocrx_word' id='word_1_6' title='bbox 624 370 683 408; x_wconf 88' lang='lat' dir='ltr'><em>est</em></span> <span class='ocrx_word' id='word_1_7' title='bbox 710 366 966 420; x_wconf 78' lang='lat' dir='ltr'><em>superfluum</em></span> <span class='ocrx_word' id='word_1_8' title='bbox 997 366 1169 418; x_wconf 76' lang='lat' dir='ltr'><em>‘manu’‚</em></span> <span class='ocrx_word' id='word_1_9' title='bbox 1201 371 1248 410; x_wconf 92' lang='lat' dir='ltr'><em>ut</em></span> <span class='ocrx_word' id='word_1_10' title='bbox 1270 369 1440 422; x_wconf 88' lang='lat' dir='ltr'><em>quidam</em></span> <span class='ocrx_word' id='word_1_11' title='bbox 1465 369 1614 412; x_wconf 88' lang='lat' dir='ltr'><em>volunt.</em></span> <span class='ocrx_word' id='word_1_12' title='bbox 1711 382 1884 413; x_wconf 74' lang='lat' dir='ltr'><strong>FREMIT</strong></span> <span class='ocrx_word' id='word_1_13' title='bbox 1911 382 2040 413; x_wconf 78' lang='lat' dir='ltr'>ARMA</span> 
     </span>
     <span class='ocr_line' id='line_1_3' title="bbox 335 438 2041 492; baseline 0.004 -13"><span class='ocrx_word' id='word_1_14' title='bbox 335 450 568 480; x_wconf 80' lang='lat' dir='ltr'>1VVENTvs</span> <span class='ocrx_word' id='word_1_15' title='bbox 600 439 768 492; x_wconf 79' lang='lat' dir='ltr'><em>expetit:</em></span> <span class='ocrx_word' id='word_1_16' title='bbox 800 441 838 480; x_wconf 86' lang='lat' dir='ltr'><em>et</em></span> <span class='ocrx_word' id='word_1_17' title='bbox 866 438 1055 492; x_wconf 87' lang='lat' dir='ltr'><em>absolute,</em></span> <span class='ocrx_word' id='word_1_18' title='bbox 1086 440 1133 481; x_wconf 91' lang='lat' dir='ltr'><em>id</em></span> <span class='ocrx_word' id='word_1_19' title='bbox 1161 443 1218 481; x_wconf 84' lang='lat' dir='ltr'><em>est</em></span> <span class='ocrx_word' id='word_1_20' title='bbox 1247 439 1329 481; x_wconf 90' lang='lat' dir='ltr'><em>hoc</em></span> <span class='ocrx_word' id='word_1_21' title='bbox 1361 440 1606 482; x_wconf 79' lang='lat' dir='ltr'><em>fremebant</em></span> <span class='ocrx_word' id='word_1_22' title='bbox 1637 440 1774 484; x_wconf 72' lang='lat' dir='ltr'><em>‘arma</em></span> <span class='ocrx_word' id='word_1_23' title='bbox 1804 442 1952 485; x_wconf 76' lang='lat' dir='ltr'><em>arma&#39;.</em></span> <span class='ocrx_word' id='word_1_24' title='bbox 1997 445 2041 484; x_wconf 85' lang='lat' dir='ltr'><em>et</em></span> 
     </span>
     <span class='ocr_line' id='line_1_4' title="bbox 335 495 2028 552; baseline 0.002 -2"><span class='ocrx_word' id='word_1_25' title='bbox 335 509 535 552; x_wconf 83' lang='lat' dir='ltr'><em>militaris</em></span> <span class='ocrx_word' id='word_1_26' title='bbox 568 524 650 551; x_wconf 87' lang='lat' dir='ltr'><em>vox</em></span> <span class='ocrx_word' id='word_1_27' title='bbox 683 511 759 551; x_wconf 87' lang='lat' dir='ltr'><em>est.</em></span> <span class='ocrx_word' id='word_1_28' title='bbox 1400 502 1405 509; x_wconf 59' lang='grc'><strong>’</strong></span> <span class='ocrx_word' id='word_1_29' title='bbox 2019 495 2028 499; x_wconf 28' lang='lat'>⁸</span> 
     </span>
     <span class='ocr_line' id='line_1_5' title="bbox 452 580 1288 636; baseline 0.002 -14"><span class='ocrx_word' id='word_1_30' title='bbox 452 580 551 622; x_wconf 81' lang='lat'><em>454.</em></span> <span class='ocrx_word' id='word_1_31' title='bbox 600 591 814 623; x_wconf 81' lang='lat' dir='ltr'>MVSSANT</span> <span class='ocrx_word' id='word_1_32' title='bbox 847 581 974 625; x_wconf 89' lang='lat' dir='ltr'><em>modo</em></span> <span class='ocrx_word' id='word_1_33' title='bbox 1006 580 1288 636; x_wconf 54' lang='lat' dir='ltr'><em>‘queruntufl</em></span> 
     </span>
     <span class='ocr_line' id='line_1_6' title="bbox 286 652 2039 710; baseline 0.005 -20"><span class='ocrx_word' id='word_1_34' title='bbox 286 661 306 690; x_wconf 88' lang='lat'>5</span> <span class='ocrx_word' id='word_1_35' title='bbox 450 652 550 694; x_wconf 85' lang='lat'><em>455.</em></span> <span class='ocrx_word' id='word_1_36' title='bbox 600 663 824 695; x_wconf 82' lang='lat' dir='ltr'>DISSENSV</span> <span class='ocrx_word' id='word_1_37' title='bbox 855 664 997 695; x_wconf 81' lang='lat' dir='ltr'><strong>VARIO</strong></span> <span class='ocrx_word' id='word_1_38' title='bbox 1031 653 1104 695; x_wconf 89' lang='lat' dir='ltr'><em>alii</em></span> <span class='ocrx_word' id='word_1_39' title='bbox 1137 654 1253 695; x_wconf 87' lang='lat' dir='ltr'><em>enim</em></span> <span class='ocrx_word' id='word_1_40' title='bbox 1286 654 1418 697; x_wconf 90' lang='lat' dir='ltr'><em>Turni</em></span> <span class='ocrx_word' id='word_1_41' title='bbox 1450 655 1582 710; x_wconf 88' lang='lat' dir='ltr'><em>dicta,</em></span> <span class='ocrx_word' id='word_1_42' title='bbox 1622 655 1695 696; x_wconf 88' lang='lat' dir='ltr'><em>alii</em></span> <span class='ocrx_word' id='word_1_43' title='bbox 1729 654 1910 698; x_wconf 83' lang='lat' dir='ltr'><strong>Drancis</strong></span> <span class='ocrx_word' id='word_1_44' title='bbox 1942 670 2039 710; x_wconf 91' lang='lat' dir='ltr'><em>pro-</em></span> 
     </span>
     <span class='ocr_line' id='line_1_7' title="bbox 333 723 508 767; baseline 0.017 -3"><span class='ocrx_word' id='word_1_45' title='bbox 333 723 508 767; x_wconf 87' lang='lat' dir='ltr'><em>babant.</em></span> 
     </span>
     <span class='ocr_line' id='line_1_8' title="bbox 450 795 2040 852; baseline 0.002 -15"><span class='ocrx_word' id='word_1_46' title='bbox 450 795 550 837; x_wconf 83' lang='lat'><em>457.</em></span> <span class='ocrx_word' id='word_1_47' title='bbox 600 806 855 838; x_wconf 82' lang='lat' dir='ltr'>PISCOSOVE</span> <span class='ocrx_word' id='word_1_48' title='bbox 883 806 1026 837; x_wconf 55' lang='lat' dir='ltr'><em>amm:</em></span> <span class='ocrx_word' id='word_1_49' title='bbox 1066 808 1276 839; x_wconf 80' lang='lat' dir='ltr'>PADVSAE</span> <span class='ocrx_word' id='word_1_50' title='bbox 1314 796 1483 839; x_wconf 83' lang='lat' dir='ltr'>Padusa</span> <span class='ocrx_word' id='word_1_51' title='bbox 1523 812 1624 852; x_wconf 84' lang='lat' dir='ltr'><em>pars</em></span> <span class='ocrx_word' id='word_1_52' title='bbox 1666 800 1732 840; x_wconf 79' lang='lat' dir='ltr'><em>est</em></span> <span class='ocrx_word' id='word_1_53' title='bbox 1772 797 1896 840; x_wconf 87' lang='lat' dir='ltr'><em>Padi:</em></span> <span class='ocrx_word' id='word_1_54' title='bbox 1939 812 2040 840; x_wconf 86' lang='lat' dir='ltr'><em>nam</em></span> 
     </span>
     <span class='ocr_line' id='line_1_9' title="bbox 331 866 2040 924; baseline 0.002 -16"><span class='ocrx_word' id='word_1_55' title='bbox 331 866 473 908; x_wconf 89' lang='lat' dir='ltr'><em>Padus</em></span> <span class='ocrx_word' id='word_1_56' title='bbox 506 867 606 909; x_wconf 91' lang='lat' dir='ltr'><em>licet</em></span> <span class='ocrx_word' id='word_1_57' title='bbox 637 882 745 909; x_wconf 87' lang='lat' dir='ltr'><em>unus</em></span> <span class='ocrx_word' id='word_1_58' title='bbox 779 868 838 909; x_wconf 87' lang='lat' dir='ltr'><em>sit</em></span> <span class='ocrx_word' id='word_1_59' title='bbox 869 866 1037 922; x_wconf 86' lang='lat' dir='ltr'><em>fluvius,</em></span> <span class='ocrx_word' id='word_1_60' title='bbox 1069 867 1203 910; x_wconf 89' lang='lat' dir='ltr'><em>habet</em></span> <span class='ocrx_word' id='word_1_61' title='bbox 1233 871 1380 910; x_wconf 89' lang='lat' dir='ltr'><em>tamen</em></span> <span class='ocrx_word' id='word_1_62' title='bbox 1413 869 1573 911; x_wconf 89' lang='lat' dir='ltr'><em>fluenta</em></span> <span class='ocrx_word' id='word_1_63' title='bbox 1603 869 1802 924; x_wconf 86' lang='lat' dir='ltr'><em>plurima,</em></span> <span class='ocrx_word' id='word_1_64' title='bbox 1833 883 1855 910; x_wconf 90' lang='lat' dir='ltr'><em>e</em></span> <span class='ocrx_word' id='word_1_65' title='bbox 1883 869 2040 924; x_wconf 85' lang='lat' dir='ltr'><em>quibus</em></span> 
     </span>
     <span class='ocr_line' id='line_1_10' title="bbox 332 936 2041 995; baseline 0.002 -16"><span class='ocrx_word' id='word_1_66' title='bbox 332 940 399 979; x_wconf 81' lang='lat' dir='ltr'><em>est</em></span> <span class='ocrx_word' id='word_1_67' title='bbox 435 936 622 992; x_wconf 87' lang='lat' dir='ltr'>Padusa,</span> <span class='ocrx_word' id='word_1_68' title='bbox 666 953 776 993; x_wconf 87' lang='lat' dir='ltr'><em>quae</em></span> <span class='ocrx_word' id='word_1_69' title='bbox 815 938 1072 993; x_wconf 85' lang='lat' dir='ltr'><em>quibusdam</em></span> <span class='ocrx_word' id='word_1_70' title='bbox 1110 939 1215 980; x_wconf 83' lang='lat' dir='ltr'><em>locis</em></span> <span class='ocrx_word' id='word_1_71' title='bbox 1254 939 1361 980; x_wconf 88' lang='lat' dir='ltr'><em>facit</em></span> <span class='ocrx_word' id='word_1_72' title='bbox 1399 939 1616 995; x_wconf 83' lang='lat' dir='ltr'>paludem,</span> <span class='ocrx_word' id='word_1_73' title='bbox 1662 954 1771 995; x_wconf 89' lang='lat' dir='ltr'><em>quae</em></span> <span class='ocrx_word' id='word_1_74' title='bbox 1807 940 1937 994; x_wconf 85' lang='lat' dir='ltr'><em>plena</em></span> <span class='ocrx_word' id='word_1_75' title='bbox 1974 944 2041 982; x_wconf 79' lang='lat' dir='ltr'><em>est</em></span> 
     </span>
     <span class='ocr_line' id='line_1_11' title="bbox 261 1008 2042 1065; baseline 0.003 -17"><span class='ocrx_word' id='word_1_76' title='bbox 261 1017 304 1048; x_wconf 89' lang='lat'><em>10</em></span> <span class='ocrx_word' id='word_1_77' title='bbox 332 1023 577 1063; x_wconf 83' lang='lat' dir='ltr'>cycnorum.</span> <span class='ocrx_word' id='word_1_78' title='bbox 632 1009 711 1051; x_wconf 86' lang='lat' dir='ltr'><em>alii</em></span> <span class='ocrx_word' id='word_1_79' title='bbox 735 1008 901 1051; x_wconf 88' lang='lat' dir='ltr'><em>Padum</em></span> <span class='ocrx_word' id='word_1_80' title='bbox 933 1009 1062 1051; x_wconf 86' lang='lat' dir='ltr'><em>tribus</em></span> <span class='ocrx_word' id='word_1_81' title='bbox 1090 1010 1275 1062; x_wconf 82' lang='lat' dir='ltr'><em>fontibus</em></span> <span class='ocrx_word' id='word_1_82' title='bbox 1305 1011 1422 1052; x_wconf 87' lang='lat' dir='ltr'><em>nasci</em></span> <span class='ocrx_word' id='word_1_83' title='bbox 1452 1011 1604 1065; x_wconf 87' lang='lat' dir='ltr'><em>dicunt,</em></span> <span class='ocrx_word' id='word_1_84' title='bbox 1635 1024 1684 1052; x_wconf 79' lang='lat' dir='ltr'><em>ex</em></span> <span class='ocrx_word' id='word_1_85' title='bbox 1714 1011 1860 1064; x_wconf 74' lang='lat' dir='ltr'><em>quibus</em></span> <span class='ocrx_word' id='word_1_86' title='bbox 1885 1011 1963 1053; x_wconf 85' lang='lat' dir='ltr'><em>uni</em></span> <span class='ocrx_word' id='word_1_87' title='bbox 1985 1012 2042 1053; x_wconf 82' lang='lat' dir='ltr'><em>sit</em></span> 
     </span>
     <span class='ocr_line' id='line_1_12' title="bbox 330 1080 2039 1136; baseline 0.002 -15"><span class='ocrx_word' id='word_1_88' title='bbox 330 1081 569 1122; x_wconf 82' lang='lat' dir='ltr'><em>vocabulum</em></span> <span class='ocrx_word' id='word_1_89' title='bbox 588 1080 783 1123; x_wconf 78' lang='lat' dir='ltr'><em>Padusa:</em></span> <span class='ocrx_word' id='word_1_90' title='bbox 814 1081 886 1134; x_wconf 88' lang='lat' dir='ltr'><em>qui</em></span> <span class='ocrx_word' id='word_1_91' title='bbox 916 1080 1095 1132; x_wconf 84' lang='lat' dir='ltr'><em>diffusus</em></span> <span class='ocrx_word' id='word_1_92' title='bbox 1125 1081 1172 1122; x_wconf 91' lang='lat' dir='ltr'><em>in</em></span> <span class='ocrx_word' id='word_1_93' title='bbox 1202 1082 1368 1123; x_wconf 86' lang='lat' dir='ltr'><em>modum</em></span> <span class='ocrx_word' id='word_1_94' title='bbox 1398 1083 1537 1135; x_wconf 79' lang='lat' dir='ltr'><em>staqni</em></span> <span class='ocrx_word' id='word_1_95' title='bbox 1561 1083 1608 1124; x_wconf 89' lang='lat' dir='ltr'><em>in</em></span> <span class='ocrx_word' id='word_1_96' title='bbox 1631 1096 1795 1124; x_wconf 85' lang='lat' dir='ltr'><em>amnem</em></span> <span class='ocrx_word' id='word_1_97' title='bbox 1819 1082 2039 1136; x_wconf 76' lang='lat' dir='ltr'><em>diyeritur;</em></span> 
     </span>
     <span class='ocr_line' id='line_1_13' title="bbox 329 1150 2038 1206; baseline 0.001 -13"><span class='ocrx_word' id='word_1_98' title='bbox 329 1165 430 1194; x_wconf 90' lang='lat' dir='ltr'><em>nam</em></span> <span class='ocrx_word' id='word_1_99' title='bbox 460 1153 548 1194; x_wconf 89' lang='lat' dir='ltr'><em>ideo</em></span> <span class='ocrx_word' id='word_1_100' title='bbox 582 1151 667 1206; x_wconf 78' lang='lat' dir='ltr'><em>‘per</em></span> <span class='ocrx_word' id='word_1_101' title='bbox 697 1157 845 1206; x_wconf 71' lang='lat' dir='ltr'><em>stayna</em></span> <span class='ocrx_word' id='word_1_102' title='bbox 877 1150 1092 1205; x_wconf 65' lang='lat' dir='ltr'><em>loquacia?</em></span> <span class='ocrx_word' id='word_1_103' title='bbox 1154 1153 1232 1194; x_wconf 88' lang='lat' dir='ltr'><em>alii</em></span> <span class='ocrx_word' id='word_1_104' title='bbox 1255 1156 1420 1206; x_wconf 75' lang='lat' dir='ltr'><em>partem</em></span> <span class='ocrx_word' id='word_1_105' title='bbox 1450 1153 1640 1206; x_wconf 79' lang='lat' dir='ltr'><em>fluminis</em></span> <span class='ocrx_word' id='word_1_106' title='bbox 1670 1153 1798 1206; x_wconf 86' lang='lat' dir='ltr'><em>Padi,</em></span> <span class='ocrx_word' id='word_1_107' title='bbox 1835 1154 1882 1195; x_wconf 91' lang='lat' dir='ltr'><em>in</em></span> <span class='ocrx_word' id='word_1_108' title='bbox 1911 1167 2038 1206; x_wconf 89' lang='lat' dir='ltr'><em>quam</em></span> 
     </span>
     <span class='ocr_line' id='line_1_14' title="bbox 330 1223 2038 1278; baseline 0 -12"><span class='ocrx_word' id='word_1_109' title='bbox 330 1224 584 1266; x_wconf 76' lang='lat' dir='ltr'><em>descenditur</em></span> <span class='ocrx_word' id='word_1_110' title='bbox 618 1224 755 1276; x_wconf 82' lang='lat' dir='ltr'><em>fossa:</em></span> <span class='ocrx_word' id='word_1_111' title='bbox 796 1223 966 1278; x_wconf 73' lang='lat' dir='ltr'><em>Valyius</em></span> <span class='ocrx_word' id='word_1_112' title='bbox 1002 1224 1049 1265; x_wconf 88' lang='lat' dir='ltr'><em>in</em></span> <span class='ocrx_word' id='word_1_113' title='bbox 1086 1224 1205 1277; x_wconf 69' lang='lat' dir='ltr'><em>eleyis</em></span> <span class='ocrx_word' id='word_1_114' title='bbox 1242 1228 1285 1265; x_wconf 79' lang='lat' dir='ltr'><em>et</em></span> <span class='ocrx_word' id='word_1_115' title='bbox 1313 1224 1569 1277; x_wconf 76' lang='lat' dir='ltr'><em>placidam</em></span> <span class='ocrx_word' id='word_1_116' title='bbox 1603 1225 1768 1277; x_wconf 82' lang='lat' dir='ltr'><em>fossae</em></span> <span class='ocrx_word' id='word_1_117' title='bbox 1803 1239 1898 1278; x_wconf 87' lang='lat' dir='ltr'><em>qua</em></span> <span class='ocrx_word' id='word_1_118' title='bbox 1928 1225 2038 1266; x_wconf 88' lang='lat' dir='ltr'><em>iun-</em></span> 
     </span>
     <span class='ocr_line' id='line_1_15' title="bbox 325 1294 2040 1350; baseline 0.001 -14"><span class='ocrx_word' id='word_1_119' title='bbox 325 1298 449 1349; x_wconf 81' lang='lat' dir='ltr'><em>9unt</em></span> <span class='ocrx_word' id='word_1_120' title='bbox 484 1309 571 1337; x_wconf 90' lang='lat' dir='ltr'><em>ora</em></span> <span class='ocrx_word' id='word_1_121' title='bbox 602 1294 852 1337; x_wconf 80' lang='lat' dir='ltr'><em>Padusam</em></span> <span class='ocrx_word' id='word_1_122' title='bbox 882 1294 1091 1348; x_wconf 77' lang='lat' dir='ltr'><em>naviqat</em></span> <span class='ocrx_word' id='word_1_123' title='bbox 1121 1295 1302 1348; x_wconf 79' lang='lat' dir='ltr'><em>Alpini</em></span> <span class='ocrx_word' id='word_1_124' title='bbox 1330 1295 1551 1348; x_wconf 82' lang='lat' dir='ltr'><em>flumina</em></span> <span class='ocrx_word' id='word_1_125' title='bbox 1581 1309 1761 1350; x_wconf 75' lang='lat' dir='ltr'><em>mot-qna</em></span> <span class='ocrx_word' id='word_1_126' title='bbox 1791 1295 1934 1338; x_wconf 88' lang='lat' dir='ltr'><em>Padi.</em></span> <span class='ocrx_word' id='word_1_127' title='bbox 1983 1310 2040 1338; x_wconf 87' lang='lat' dir='ltr'><em>ce-</em></span> 
     </span>
     <span class='ocr_line' id='line_1_16' title="bbox 262 1362 2040 1421; baseline 0.002 -15"><span class='ocrx_word' id='word_1_128' title='bbox 262 1375 303 1405; x_wconf 80' lang='lat'><em>15</em></span> <span class='ocrx_word' id='word_1_129' title='bbox 330 1362 461 1408; x_wconf 85' lang='lat' dir='ltr'><em>terum</em></span> <span class='ocrx_word' id='word_1_130' title='bbox 504 1366 611 1408; x_wconf 87' lang='lat' dir='ltr'><em>illud</em></span> <span class='ocrx_word' id='word_1_131' title='bbox 651 1367 923 1420; x_wconf 77' lang='lat' dir='ltr'><em>inconqruum</em></span> <span class='ocrx_word' id='word_1_132' title='bbox 965 1369 1023 1408; x_wconf 85' lang='lat' dir='ltr'><em>est</em></span> <span class='ocrx_word' id='word_1_133' title='bbox 1059 1365 1274 1408; x_wconf 85' lang='lat' dir='ltr'><em>Padusam</em></span> <span class='ocrx_word' id='word_1_134' title='bbox 1314 1367 1516 1418; x_wconf 82' lang='lat' dir='ltr'><em>feminino</em></span> <span class='ocrx_word' id='word_1_135' title='bbox 1555 1380 1699 1421; x_wconf 73' lang='lat' dir='ltr'><em>yenere</em></span> <span class='ocrx_word' id='word_1_136' title='bbox 1740 1368 1859 1410; x_wconf 77' lang='lat' dir='ltr'><em>iuxta</em></span> <span class='ocrx_word' id='word_1_137' title='bbox 1895 1370 2040 1410; x_wconf 85' lang='lat' dir='ltr'><em>veteres</em></span> 
     </span>
     <span class='ocr_line' id='line_1_17' title="bbox 330 1437 2040 1492; baseline 0.001 -13"><span class='ocrx_word' id='word_1_138' title='bbox 330 1437 496 1480; x_wconf 85' lang='lat' dir='ltr'><em>Padum</em></span> <span class='ocrx_word' id='word_1_139' title='bbox 538 1439 712 1480; x_wconf 85' lang='lat' dir='ltr'><em>dictum:</em></span> <span class='ocrx_word' id='word_1_140' title='bbox 759 1438 943 1480; x_wconf 77' lang='lat' dir='ltr'><em>Titinius</em></span> <span class='ocrx_word' id='word_1_141' title='bbox 984 1438 1032 1480; x_wconf 90' lang='lat' dir='ltr'><em>in</em></span> <span class='ocrx_word' id='word_1_142' title='bbox 1069 1437 1212 1479; x_wconf 84' lang='lat' dir='ltr'><em>Setina</em></span> <span class='ocrx_word' id='word_1_143' title='bbox 1248 1438 1460 1480; x_wconf 86' lang='lat' dir='ltr'><em>vidistin</em></span> <span class='ocrx_word' id='word_1_144' title='bbox 1503 1438 1748 1480; x_wconf 74' lang='lat' dir='ltr'><em>Tiberim?</em></span> <span class='ocrx_word' id='word_1_145' title='bbox 1792 1439 1918 1481; x_wconf 90' lang='lat' dir='ltr'><em>vidi:</em></span> <span class='ocrx_word' id='word_1_146' title='bbox 1955 1439 2040 1492; x_wconf 90' lang='lat' dir='ltr'><em>qui</em></span> 
     </span>
     <span class='ocr_line' id='line_1_18' title="bbox 329 1508 1426 1564; baseline 0 -14"><span class='ocrx_word' id='word_1_147' title='bbox 329 1508 473 1550; x_wconf 88' lang='lat' dir='ltr'><em>illam</em></span> <span class='ocrx_word' id='word_1_148' title='bbox 503 1510 707 1564; x_wconf 78' lang='lat' dir='ltr'><em>derivet,</em></span> <span class='ocrx_word' id='word_1_149' title='bbox 739 1509 956 1551; x_wconf 83' lang='lat' dir='ltr'><em>beaverit</em></span> <span class='ocrx_word' id='word_1_150' title='bbox 984 1523 1157 1562; x_wconf 58' lang='lat' dir='ltr'><em>aarum</em></span> <span class='ocrx_word' id='word_1_151' title='bbox 1188 1509 1426 1551; x_wconf 81' lang='lat' dir='ltr'><em>Setinum.</em></span> 
     </span>
    </p>
   </div>
   <div class='ocr_carea' id='block_1_3' title="bbox 258 1579 2037 1777">
    <p class='ocr_par' dir='ltr' id='par_1_3' title="bbox 258 1579 2037 1777">
     <span class='ocr_line' id='line_1_19' title="bbox 446 1579 2037 1636; baseline 0 -14"><span class='ocrx_word' id='word_1_152' title='bbox 446 1579 547 1622; x_wconf 83' lang='lat'><em>458.</em></span> <span class='ocrx_word' id='word_1_153' title='bbox 597 1591 779 1622; x_wconf 79' lang='lat' dir='ltr'>STAGNA</span> <span class='ocrx_word' id='word_1_154' title='bbox 816 1590 1055 1630; x_wconf 81' lang='lat' dir='ltr'><strong>LOQVACIA</strong></span> <span class='ocrx_word' id='word_1_155' title='bbox 1092 1580 1121 1621; x_wconf 89' lang='lat' dir='ltr'>h</span> <span class='ocrx_word' id='word_1_156' title='bbox 1156 1580 1345 1635; x_wconf 85' lang='lat' dir='ltr'><em>pallage:</em></span> <span class='ocrx_word' id='word_1_157' title='bbox 1389 1580 1435 1622; x_wconf 87' lang='lat' dir='ltr'><em>in</em></span> <span class='ocrx_word' id='word_1_158' title='bbox 1476 1580 1631 1634; x_wconf 80' lang='lat' dir='ltr'><em>quibus</em></span> <span class='ocrx_word' id='word_1_159' title='bbox 1675 1580 1878 1622; x_wconf 86' lang='lat' dir='ltr'><em>habitant</em></span> <span class='ocrx_word' id='word_1_160' title='bbox 1915 1581 2037 1636; x_wconf 83' lang='lat' dir='ltr'><em>cycni</em></span> 
     </span>
     <span class='ocr_line' id='line_1_20' title="bbox 331 1650 2037 1708; baseline 0.001 -16"><span class='ocrx_word' id='word_1_161' title='bbox 331 1650 544 1706; x_wconf 79' lang='lat' dir='ltr'><em>loquaces,</em></span> <span class='ocrx_word' id='word_1_162' title='bbox 607 1651 757 1694; x_wconf 76' lang='lat' dir='ltr'><em>‘rauci&#39;</em></span> <span class='ocrx_word' id='word_1_163' title='bbox 797 1654 971 1693; x_wconf 76' lang='lat' dir='ltr'><em>autem.</em></span> <span class='ocrx_word' id='word_1_164' title='bbox 1019 1650 1036 1658; x_wconf 63' lang='lat'><strong>⁹</strong></span> <span class='ocrx_word' id='word_1_165' title='bbox 1072 1661 1091 1670; x_wconf 67' lang='lat'><em>&#39;²</em></span> <span class='ocrx_word' id='word_1_166' title='bbox 1281 1654 1363 1692; x_wconf 84' lang='lat' dir='ltr'><em>est:</em></span> <span class='ocrx_word' id='word_1_167' title='bbox 1400 1666 1500 1692; x_wconf 85' lang='lat' dir='ltr'><em>nam</em></span> <span class='ocrx_word' id='word_1_168' title='bbox 1534 1651 1660 1693; x_wconf 87' lang='lat' dir='ltr'><em>modo</em></span> <span class='ocrx_word' id='word_1_169' title='bbox 1693 1665 1874 1693; x_wconf 84' lang='lat' dir='ltr'><em>canoros</em></span> <span class='ocrx_word' id='word_1_170' title='bbox 1907 1652 2037 1708; x_wconf 83' lang='lat' dir='ltr'><em>signi-</em></span> 
     </span>
     <span class='ocr_line' id='line_1_21' title="bbox 258 1720 2037 1777; baseline 0.002 -15"><span class='ocrx_word' id='word_1_171' title='bbox 258 1732 303 1762; x_wconf 82' lang='lat'><em>20</em></span> <span class='ocrx_word' id='word_1_172' title='bbox 332 1722 445 1776; x_wconf 88' lang='lat' dir='ltr'><em>ficat,</em></span> <span class='ocrx_word' id='word_1_173' title='bbox 477 1723 587 1764; x_wconf 86' lang='lat' dir='ltr'><em>alias</em></span> <span class='ocrx_word' id='word_1_174' title='bbox 616 1723 731 1765; x_wconf 86' lang='lat' dir='ltr'><em>vocis</em></span> <span class='ocrx_word' id='word_1_175' title='bbox 758 1720 1016 1777; x_wconf 43' lang='lat' dir='ltr'><em>pessimae?</em></span> <span class='ocrx_word' id='word_1_176' title='bbox 1271 1721 1319 1777; x_wconf 83' lang='lat' dir='ltr'><em>&lt;I</em></span> <span class='ocrx_word' id='word_1_177' title='bbox 1340 1723 1394 1777; x_wconf 82' lang='lat'><em>2&gt;</em></span> <span class='ocrx_word' id='word_1_178' title='bbox 1422 1723 1563 1764; x_wconf 89' lang='lat' dir='ltr'><em>rauci</em></span> <span class='ocrx_word' id='word_1_179' title='bbox 1590 1721 1839 1764; x_wconf 85' lang='lat' dir='ltr'><em>Theseide</em></span> <span class='ocrx_word' id='word_1_180' title='bbox 1866 1722 2037 1766; x_wconf 83' lang='lat' dir='ltr'><em>Cordi:</em></span> 
     </span>
    </p>
   </div>
   <div class='ocr_carea' id='block_1_4' title="bbox 257 1778 2040 2347">
    <p class='ocr_par' dir='ltr' id='par_1_4' title="bbox 257 1778 2040 2347">
     <span class='ocr_line' id='line_1_22' title="bbox 330 1778 2036 1848; baseline 0 -12"><span class='ocrx_word' id='word_1_181' title='bbox 330 1794 441 1835; x_wconf 87' lang='lat' dir='ltr'><em>sicut</em></span> <span class='ocrx_word' id='word_1_182' title='bbox 473 1793 717 1836; x_wconf 71' lang='lat' dir='ltr'><em>‘venenum&#39;</em></span> <span class='ocrx_word' id='word_1_183' title='bbox 753 1797 797 1836; x_wconf 87' lang='lat' dir='ltr'><em>et</em></span> <span class='ocrx_word' id='word_1_184' title='bbox 827 1793 879 1835; x_wconf 90' lang='lat' dir='ltr'><em>de</em></span> <span class='ocrx_word' id='word_1_185' title='bbox 910 1794 1042 1836; x_wconf 69' lang='lat' dir='ltr'><em>boner</em></span> <span class='ocrx_word' id='word_1_186' title='bbox 1135 1778 1187 1835; x_wconf 81' lang='lat' dir='ltr'><em>de</em></span> <span class='ocrx_word' id='word_1_187' title='bbox 1220 1794 1334 1835; x_wconf 88' lang='lat' dir='ltr'><em>malo</em></span> <span class='ocrx_word' id='word_1_188' title='bbox 1368 1794 1542 1848; x_wconf 84' lang='lat' dir='ltr'><em>dicitur,</em></span> <span class='ocrx_word' id='word_1_189' title='bbox 1573 1797 1622 1835; x_wconf 87' lang='lat' dir='ltr'><em>ut</em></span> <span class='ocrx_word' id='word_1_190' title='bbox 1654 1792 1789 1836; x_wconf 72' lang='lat' dir='ltr'><em>‘odor&#39;</em></span> <span class='ocrx_word' id='word_1_191' title='bbox 1823 1795 1867 1835; x_wconf 92' lang='lat' dir='ltr'><em>et</em></span> <span class='ocrx_word' id='word_1_192' title='bbox 1898 1794 2036 1837; x_wconf 86' lang='lat' dir='ltr'><em>bonus</em></span> 
     </span>
     <span class='ocr_line' id='line_1_23' title="bbox 328 1866 1073 1925; baseline 0.001 -19"><span class='ocrx_word' id='word_1_193' title='bbox 328 1870 372 1907; x_wconf 81' lang='lat' dir='ltr'><em>et</em></span> <span class='ocrx_word' id='word_1_194' title='bbox 401 1866 540 1907; x_wconf 86' lang='lat' dir='ltr'><em>malus</em></span> <span class='ocrx_word' id='word_1_195' title='bbox 573 1868 764 1908; x_wconf 85' lang='lat' dir='ltr'><em>vocatur.</em></span> <span class='ocrx_word' id='word_1_196' title='bbox 906 1872 908 1875; x_wconf 84' lang='grc'><strong>“</strong></span> <span class='ocrx_word' id='word_1_197' title='bbox 1056 1921 1073 1925; x_wconf 20' lang='lat' dir='ltr'>s</span> 
     </span>
     <span class='ocr_line' id='line_1_24' title="bbox 447 1924 2036 1991; baseline 0.001 -13"><span class='ocrx_word' id='word_1_198' title='bbox 447 1937 546 1979; x_wconf 81' lang='lat'><em>459.</em></span> <span class='ocrx_word' id='word_1_199' title='bbox 596 1948 807 1979; x_wconf 82' lang='lat' dir='ltr'>ARREPTO</span> <span class='ocrx_word' id='word_1_200' title='bbox 828 1947 1048 1978; x_wconf 82' lang='lat' dir='ltr'>TEMPORE</span> <span class='ocrx_word' id='word_1_201' title='bbox 1068 1924 1134 1977; x_wconf 73' lang='lat' dir='ltr'><em>llic</em></span> <span class='ocrx_word' id='word_1_202' title='bbox 1153 1936 1331 1978; x_wconf 88' lang='lat' dir='ltr'><em>inventa</em></span> <span class='ocrx_word' id='word_1_203' title='bbox 1351 1936 1658 1991; x_wconf 70' lang='lat' dir='ltr'><em>oportunitate,</em></span> <span class='ocrx_word' id='word_1_204' title='bbox 1684 1937 1730 1978; x_wconf 92' lang='lat' dir='ltr'><em>id</em></span> <span class='ocrx_word' id='word_1_205' title='bbox 1746 1939 1805 1978; x_wconf 86' lang='lat' dir='ltr'><em>est</em></span> <span class='ocrx_word' id='word_1_206' title='bbox 1822 1937 2036 1979; x_wconf 79' lang='lat' dir='ltr'><em>occasione.</em></span> 
     </span>
     <span class='ocr_line' id='line_1_25' title="bbox 445 2007 2040 2061; baseline 0 -11"><span class='ocrx_word' id='word_1_207' title='bbox 445 2008 548 2050; x_wconf 84' lang='lat'><em>460.</em></span> <span class='ocrx_word' id='word_1_208' title='bbox 589 2013 734 2050; x_wconf 72' lang='lat' dir='ltr'><em>‘coclm</em></span> <span class='ocrx_word' id='word_1_209' title='bbox 770 2025 979 2050; x_wconf 80' lang='lat' dir='ltr'><em>CONCILIVM</em></span> <span class='ocrx_word' id='word_1_210' title='bbox 1015 2007 1201 2049; x_wconf 81' lang='lat' dir='ltr'><em>Drancis</em></span> <span class='ocrx_word' id='word_1_211' title='bbox 1242 2007 1390 2058; x_wconf 81' lang='lat' dir='ltr'><em>vitium</em></span> <span class='ocrx_word' id='word_1_212' title='bbox 1433 2007 1619 2050; x_wconf 79' lang='lat' dir='ltr'><em>omnibus</em></span> <span class='ocrx_word' id='word_1_213' title='bbox 1655 2008 1888 2061; x_wconf 75' lang='lat' dir='ltr'><em>exprobrat,</em></span> <span class='ocrx_word' id='word_1_214' title='bbox 1931 2009 2040 2061; x_wconf 81' lang='lat' dir='ltr'><em>quod</em></span> 
     </span>
     <span class='ocr_line' id='line_1_26' title="bbox 257 2078 2037 2133; baseline 0.001 -14"><span class='ocrx_word' id='word_1_215' title='bbox 257 2088 301 2119; x_wconf 75' lang='lat'><em>25</em></span> <span class='ocrx_word' id='word_1_216' title='bbox 329 2079 420 2121; x_wconf 85' lang='lat' dir='ltr'><em>belli</em></span> <span class='ocrx_word' id='word_1_217' title='bbox 452 2082 626 2133; x_wconf 74' lang='lat' dir='ltr'><em>tempore</em></span> <span class='ocrx_word' id='word_1_218' title='bbox 656 2080 702 2120; x_wconf 91' lang='lat' dir='ltr'><em>in</em></span> <span class='ocrx_word' id='word_1_219' title='bbox 733 2081 893 2122; x_wconf 88' lang='lat' dir='ltr'><em>curiam</em></span> <span class='ocrx_word' id='word_1_220' title='bbox 923 2079 1174 2132; x_wconf 86' lang='lat' dir='ltr'><em>conveniant,</em></span> <span class='ocrx_word' id='word_1_221' title='bbox 1204 2082 1251 2119; x_wconf 90' lang='lat' dir='ltr'><em>ut</em></span> <span class='ocrx_word' id='word_1_222' title='bbox 1281 2078 1423 2132; x_wconf 83' lang='lat'>&lt;378&gt;</span> <span class='ocrx_word' id='word_1_223' title='bbox 1456 2078 1599 2132; x_wconf 74' lang='lat' dir='ltr'><em>larqa</em></span> <span class='ocrx_word' id='word_1_224' title='bbox 1629 2078 1821 2131; x_wconf 86' lang='lat' dir='ltr'><em>quidem</em></span> <span class='ocrx_word' id='word_1_225' title='bbox 1851 2092 2037 2132; x_wconf 76' lang='lat' dir='ltr'><em>semper</em></span> 
     </span>
     <span class='ocr_line' id='line_1_27' title="bbox 328 2149 1916 2203; baseline -0.001 -11"><span class='ocrx_word' id='word_1_226' title='bbox 328 2150 527 2192; x_wconf 83' lang='lat' dir='ltr'><em>Drance</em></span> <span class='ocrx_word' id='word_1_227' title='bbox 564 2150 655 2192; x_wconf 81' lang='lat' dir='ltr'><em>tibi</em></span> <span class='ocrx_word' id='word_1_228' title='bbox 691 2151 831 2203; x_wconf 74' lang='lat' dir='ltr'><em>copia</em></span> <span class='ocrx_word' id='word_1_229' title='bbox 865 2150 1014 2203; x_wconf 82' lang='lat' dir='ltr'><em>fandi</em></span> <span class='ocrx_word' id='word_1_230' title='bbox 1051 2153 1150 2191; x_wconf 91' lang='lat' dir='ltr'><em>tum</em></span> <span class='ocrx_word' id='word_1_231' title='bbox 1187 2163 1291 2191; x_wconf 91' lang='lat' dir='ltr'><em>cum</em></span> <span class='ocrx_word' id='word_1_232' title='bbox 1328 2149 1455 2191; x_wconf 85' lang='lat' dir='ltr'><em>bella</em></span> <span class='ocrx_word' id='word_1_233' title='bbox 1492 2163 1666 2192; x_wconf 89' lang='lat' dir='ltr'><em>manus</em></span> <span class='ocrx_word' id='word_1_234' title='bbox 1694 2153 1916 2203; x_wconf 73' lang='lat' dir='ltr'><em>poscunt.</em></span> 
     </span>
     <span class='ocr_line' id='line_1_28' title="bbox 329 2220 2035 2277; baseline -0.001 -13"><span class='ocrx_word' id='word_1_235' title='bbox 329 2233 572 2264; x_wconf 81' lang='lat' dir='ltr'>SEDENTES</span> <span class='ocrx_word' id='word_1_236' title='bbox 592 2221 718 2277; x_wconf 85' lang='lat' dir='ltr'><em>pigri,</em></span> <span class='ocrx_word' id='word_1_237' title='bbox 744 2223 793 2262; x_wconf 82' lang='lat' dir='ltr'><em>ut</em></span> <span class='ocrx_word' id='word_1_238' title='bbox 818 2221 1147 2276; x_wconf 84' lang='lat' dir='ltr'><em>inmunisque</em></span> <span class='ocrx_word' id='word_1_239' title='bbox 1175 2220 1359 2263; x_wconf 78' lang='lat' dir='ltr'><em>sedens</em></span> <span class='ocrx_word' id='word_1_240' title='bbox 1387 2221 1559 2263; x_wconf 87' lang='lat' dir='ltr'><em>aliena</em></span> <span class='ocrx_word' id='word_1_241' title='bbox 1584 2221 1643 2262; x_wconf 88' lang='lat' dir='ltr'><em>ad</em></span> <span class='ocrx_word' id='word_1_242' title='bbox 1663 2221 1851 2275; x_wconf 86' lang='lat' dir='ltr'><em>pabula</em></span> <span class='ocrx_word' id='word_1_243' title='bbox 1870 2221 2035 2264; x_wconf 82' lang='lat' dir='ltr'><em>fucus:</em></span> 
     </span>
     <span class='ocr_line' id='line_1_29' title="bbox 326 2291 1986 2347; baseline -0.001 -12"><span class='ocrx_word' id='word_1_244' title='bbox 326 2294 387 2336; x_wconf 92' lang='lat' dir='ltr'><em>vel</em></span> <span class='ocrx_word' id='word_1_245' title='bbox 419 2292 622 2336; x_wconf 74' lang='lat' dir='ltr'><em>‘sedentes&#39;</em></span> <span class='ocrx_word' id='word_1_246' title='bbox 657 2293 864 2347; x_wconf 85' lang='lat' dir='ltr'><em>invidiose,</em></span> <span class='ocrx_word' id='word_1_247' title='bbox 893 2296 942 2335; x_wconf 91' lang='lat' dir='ltr'><em>ut</em></span> <span class='ocrx_word' id='word_1_248' title='bbox 971 2291 1084 2347; x_wconf 85' lang='lat' dir='ltr'>&lt;XII</span> <span class='ocrx_word' id='word_1_249' title='bbox 1119 2291 1203 2346; x_wconf 81' lang='lat'><em>15&gt;</em></span> <span class='ocrx_word' id='word_1_250' title='bbox 1235 2293 1433 2334; x_wconf 83' lang='lat' dir='ltr'><em>sedeant</em></span> <span class='ocrx_word' id='word_1_251' title='bbox 1461 2295 1769 2345; x_wconf 76' lang='lat' dir='ltr'><em>spectentque</em></span> <span class='ocrx_word' id='word_1_252' title='bbox 1798 2292 1986 2335; x_wconf 89' lang='lat' dir='ltr'><em>Latini.</em></span> 
     </span>
    </p>
   </div>
   <div class='ocr_carea' id='block_1_5' title="bbox 1016 1697 1248 1836">
    <p class='ocr_par' dir='ltr' id='par_1_5' title="bbox 1016 1697 1248 1836">
     <span class='ocr_line' id='line_1_30' title="bbox 1016 1697 1214 1715; baseline 0 1899"><span class='ocrx_word' id='word_1_253' title='bbox 1016 1697 1214 1715; x_wconf 95' lang='lat' dir='ltr'><em> </em></span> 
     </span>
     <span class='ocr_line' id='line_1_31' title="bbox 1016 1715 1248 1805; baseline 0 -33"><span class='ocrx_word' id='word_1_254' title='bbox 1016 1715 1248 1805; x_wconf 95' lang='lat' dir='ltr'><em>   </em></span> 
     </span>
     <span class='ocr_line' id='line_1_32' title="bbox 1060 1805 1135 1836; baseline 0 1778"><span class='ocrx_word' id='word_1_255' title='bbox 1060 1805 1135 1836; x_wconf 95' lang='lat' dir='ltr'><em> </em></span> 
     </span>
    </p>
   </div>
   <div class='ocr_carea' id='block_1_6' title="bbox 327 2376 611 2384">
    <p class='ocr_par' dir='ltr' id='par_1_6' title="bbox 327 2376 611 2384">
     <span class='ocr_line' id='line_1_33' title="bbox 327 2376 611 2384; baseline 0 0"><span class='ocrx_word' id='word_1_256' title='bbox 327 2376 611 2384; x_wconf 95' lang='lat' dir='ltr'><em> </em></span> 
     </span>
    </p>
   </div>
   <div class='ocr_carea' id='block_1_7' title="bbox 326 2408 2033 2503">
    <p class='ocr_par' dir='ltr' id='par_1_7' title="bbox 326 2408 2033 2503">
     <span class='ocr_line' id='line_1_34' title="bbox 425 2408 2033 2454; baseline 0 -10"><span class='ocrx_word' id='word_1_257' title='bbox 425 2414 468 2445; x_wconf 92' lang='lat'><em>10</em></span> <span class='ocrx_word' id='word_1_258' title='bbox 493 2410 559 2445; x_wconf 85' lang='lat' dir='ltr'><em>alii</em></span> <span class='ocrx_word' id='word_1_259' title='bbox 583 2409 726 2444; x_wconf 88' lang='lat' dir='ltr'><em>Padum</em></span> <span class='ocrx_word' id='word_1_260' title='bbox 753 2437 761 2444; x_wconf 88' lang='lat'><em>.</em></span> <span class='ocrx_word' id='word_1_261' title='bbox 783 2437 790 2444; x_wconf 90' lang='lat'>.</span> <span class='ocrx_word' id='word_1_262' title='bbox 813 2436 821 2444; x_wconf 88' lang='lat'><em>.</em></span> <span class='ocrx_word' id='word_1_263' title='bbox 847 2409 1047 2454; x_wconf 87' lang='lat' dir='ltr'><em>digeritur]</em></span> <span class='ocrx_word' id='word_1_264' title='bbox 1074 2408 1119 2443; x_wconf 80' lang='lat' dir='ltr'><em>cf.</em></span> <span class='ocrx_word' id='word_1_265' title='bbox 1147 2408 1234 2444; x_wconf 68' lang='lat' dir='ltr'><em>laid.</em></span> <span class='ocrx_word' id='word_1_266' title='bbox 1262 2419 1312 2443; x_wconf 90' lang='lat' dir='ltr'><em>or.</em></span> <span class='ocrx_word' id='word_1_267' title='bbox 1340 2408 1426 2443; x_wconf 92' lang='lat' dir='ltr'><strong>XIII</strong></span> <span class='ocrx_word' id='word_1_268' title='bbox 1452 2412 1509 2452; x_wconf 89' lang='grc'><em>21,</em></span> <span class='ocrx_word' id='word_1_269' title='bbox 1536 2412 1581 2443; x_wconf 88' lang='grc'><strong>26</strong></span> <span class='ocrx_word' id='word_1_270' title='bbox 1600 2408 1613 2453; x_wconf 87' lang='grc' dir='ltr'><em>ΙΙ</em></span> <span class='ocrx_word' id='word_1_271' title='bbox 1645 2411 1687 2442; x_wconf 91' lang='grc'><em>13</em></span> <span class='ocrx_word' id='word_1_272' title='bbox 1715 2408 1870 2453; x_wconf 82' lang='lat' dir='ltr'><em>Valgius</em></span> <span class='ocrx_word' id='word_1_273' title='bbox 1895 2408 1935 2443; x_wconf 89' lang='lat' dir='ltr'><em>in</em></span> <span class='ocrx_word' id='word_1_274' title='bbox 1961 2409 2033 2444; x_wconf 86' lang='lat' dir='ltr'><em>ele·</em></span> 
     </span>
     <span class='ocr_line' id='line_1_35' title="bbox 326 2454 2031 2503; baseline -0.001 -10"><span class='ocrx_word' id='word_1_275' title='bbox 326 2458 399 2503; x_wconf 79' lang='lat' dir='ltr'><em>gis]</em></span> <span class='ocrx_word' id='word_1_276' title='bbox 427 2458 472 2493; x_wconf 84' lang='lat' dir='ltr'><em>cf.</em></span> <span class='ocrx_word' id='word_1_277' title='bbox 503 2457 646 2492; x_wconf 83' lang='lat' dir='ltr'><em>Teuffel</em></span> <span class='ocrx_word' id='word_1_278' title='bbox 672 2457 712 2492; x_wconf 81' lang='lat' dir='ltr'><em>G.</em></span> <span class='ocrx_word' id='word_1_279' title='bbox 741 2457 775 2491; x_wconf 89' lang='lat' dir='ltr'><em>d.</em></span> <span class='ocrx_word' id='word_1_280' title='bbox 801 2469 828 2491; x_wconf 88' lang='lat' dir='ltr'><em>r.</em></span> <span class='ocrx_word' id='word_1_281' title='bbox 855 2457 896 2492; x_wconf 86' lang='lat' dir='ltr'><em>L.</em></span> <span class='ocrx_word' id='word_1_282' title='bbox 923 2459 942 2498; x_wconf 66' lang='grc' dir='ltr'>ξ</span> <span class='ocrx_word' id='word_1_283' title='bbox 969 2459 1050 2499; x_wconf 82' lang='grc'><strong>241,</strong></span> <span class='ocrx_word' id='word_1_284' title='bbox 1077 2459 1097 2490; x_wconf 90' lang='grc'><strong>2</strong></span> <span class='ocrx_word' id='word_1_285' title='bbox 1134 2457 1147 2500; x_wconf 76' lang='grc' dir='ltr'><em>ΙΙ</em></span> <span class='ocrx_word' id='word_1_286' title='bbox 1185 2459 1229 2490; x_wconf 86' lang='grc'><em>16</em></span> <span class='ocrx_word' id='word_1_287' title='bbox 1255 2455 1414 2491; x_wconf 78' lang='lat' dir='ltr'><em>Titinius</em></span> <span class='ocrx_word' id='word_1_288' title='bbox 1441 2455 1480 2490; x_wconf 87' lang='lat' dir='ltr'><em>in</em></span> <span class='ocrx_word' id='word_1_289' title='bbox 1507 2455 1651 2501; x_wconf 86' lang='lat' dir='ltr'><em>Setina]</em></span> <span class='ocrx_word' id='word_1_290' title='bbox 1688 2455 1821 2500; x_wconf 84' lang='lat' dir='ltr'><em>fragm.</em></span> <span class='ocrx_word' id='word_1_291' title='bbox 1847 2454 1897 2490; x_wconf 88' lang='lat' dir='ltr'><em>XI</em></span> <span class='ocrx_word' id='word_1_292' title='bbox 1922 2455 2031 2492; x_wconf 82' lang='lat' dir='ltr'><em>Ribb.</em></span> 
     </span>
    </p>
   </div>
   <div class='ocr_carea' id='block_1_8' title="bbox 328 2502 1182 2551">
    <p class='ocr_par' dir='ltr' id='par_1_8' title="bbox 328 2502 1182 2551">
     <span class='ocr_line' id='line_1_36' title="bbox 328 2502 1182 2551; baseline -0.004 -11"><span class='ocrx_word' id='word_1_293' title='bbox 328 2517 360 2550; x_wconf 87' lang='lat' dir='ltr'><em>p.</em></span> <span class='ocrx_word' id='word_1_294' title='bbox 390 2509 457 2540; x_wconf 87' lang='grc'><em>129</em></span> <span class='ocrx_word' id='word_1_295' title='bbox 489 2507 501 2551; x_wconf 89' lang='grc' dir='ltr'><em>ΙΙ</em></span> <span class='ocrx_word' id='word_1_296' title='bbox 533 2509 576 2540; x_wconf 81' lang='grc'><strong>27</strong></span> <span class='ocrx_word' id='word_1_297' title='bbox 603 2504 854 2549; x_wconf 79' lang='lat' dir='ltr'><em>inmunisque]</em></span> <span class='ocrx_word' id='word_1_298' title='bbox 882 2514 1008 2548; x_wconf 87' lang='lat' dir='ltr'><em>georg.</em></span> <span class='ocrx_word' id='word_1_299' title='bbox 1035 2502 1087 2537; x_wconf 87' lang='lat' dir='ltr'><em>IV</em></span> <span class='ocrx_word' id='word_1_300' title='bbox 1112 2506 1182 2537; x_wconf 84' lang='grc'><strong>244</strong></span> 
     </span>
    </p>
   </div>
   <div class='ocr_carea' id='block_1_9' title="bbox 326 2575 596 2584">
    <p class='ocr_par' dir='ltr' id='par_1_9' title="bbox 326 2575 596 2584">
     <span class='ocr_line' id='line_1_37' title="bbox 326 2575 596 2584; baseline 0 0"><span class='ocrx_word' id='word_1_301' title='bbox 326 2575 596 2584; x_wconf 95' lang='lat' dir='ltr'><em> </em></span> 
     </span>
    </p>
   </div>
   <div class='ocr_carea' id='block_1_10' title="bbox 320 2608 2065 3273">
    <p class='ocr_par' dir='ltr' id='par_1_10' title="bbox 320 2608 2065 3273">
     <span class='ocr_line' id='line_1_38' title="bbox 420 2608 2031 2656; baseline -0.001 -10"><span class='ocrx_word' id='word_1_302' title='bbox 420 2615 441 2646; x_wconf 88' lang='grc'><strong>2</strong></span> <span class='ocrx_word' id='word_1_303' title='bbox 467 2610 540 2646; x_wconf 92' lang='lat' dir='ltr'><em>hoc</em></span> <span class='ocrx_word' id='word_1_304' title='bbox 565 2621 631 2646; x_wconf 88' lang='lat' dir='ltr'><em>om.</em></span> <span class='ocrx_word' id='word_1_305' title='bbox 658 2609 732 2645; x_wconf 78' lang='lat' dir='ltr'><em>AS</em></span> <span class='ocrx_word' id='word_1_306' title='bbox 761 2610 773 2654; x_wconf 83' lang='grc' dir='ltr'><em>ΙΙ</em></span> <span class='ocrx_word' id='word_1_307' title='bbox 809 2609 994 2644; x_wconf 87' lang='lat' dir='ltr'><em>fremebat</em></span> <span class='ocrx_word' id='word_1_308' title='bbox 1020 2609 1091 2644; x_wconf 83' lang='lat' dir='ltr'><em>AS</em></span> <span class='ocrx_word' id='word_1_309' title='bbox 1115 2608 1340 2654; x_wconf 86' lang='lat' dir='ltr'><em>(fremebant</em></span> <span class='ocrx_word' id='word_1_310' title='bbox 1363 2610 1401 2654; x_wconf 90' lang='lat' dir='ltr'><em>a)</em></span> <span class='ocrx_word' id='word_1_311' title='bbox 1433 2611 1444 2656; x_wconf 85' lang='grc' dir='ltr'><em>ΙΙ</em></span> <span class='ocrx_word' id='word_1_312' title='bbox 1483 2621 1587 2644; x_wconf 86' lang='lat' dir='ltr'><em>arma</em></span> <span class='ocrx_word' id='word_1_313' title='bbox 1612 2620 1716 2644; x_wconf 86' lang='lat' dir='ltr'><em>arma</em></span> <span class='ocrx_word' id='word_1_314' title='bbox 1741 2609 1851 2644; x_wconf 84' lang='lat' dir='ltr'><em>HM.-</em></span> <span class='ocrx_word' id='word_1_315' title='bbox 1877 2610 2031 2645; x_wconf 86' lang='lat' dir='ltr'><em>alterum</em></span> 
     </span>
     <span class='ocr_line' id='line_1_39' title="bbox 325 2655 2031 2704; baseline -0.001 -10"><span class='ocrx_word' id='word_1_316' title='bbox 325 2670 430 2694; x_wconf 80' lang='lat' dir='ltr'><em>arma</em></span> <span class='ocrx_word' id='word_1_317' title='bbox 455 2669 521 2694; x_wconf 89' lang='lat' dir='ltr'><em>om.</em></span> <span class='ocrx_word' id='word_1_318' title='bbox 542 2658 685 2704; x_wconf 75' lang='lat' dir='ltr'><em>reliqui.</em></span> <span class='ocrx_word' id='word_1_319' title='bbox 725 2658 770 2701; x_wconf 83' lang='lat' dir='ltr'><em>cf.</em></span> <span class='ocrx_word' id='word_1_320' title='bbox 790 2656 1006 2692; x_wconf 85' lang='lat' dir='ltr'><em>Burmanni</em></span> <span class='ocrx_word' id='word_1_321' title='bbox 1024 2657 1147 2692; x_wconf 86' lang='lat' dir='ltr'><em>adnot.</em></span> <span class='ocrx_word' id='word_1_322' title='bbox 1168 2657 1179 2702; x_wconf 90' lang='grc' dir='ltr'><em>ΙΙ</em></span> <span class='ocrx_word' id='word_1_323' title='bbox 1199 2660 1219 2691; x_wconf 85' lang='grc'>5</span> <span class='ocrx_word' id='word_1_324' title='bbox 1245 2655 1348 2691; x_wconf 86' lang='lat' dir='ltr'><em>turni</em></span> <span class='ocrx_word' id='word_1_325' title='bbox 1373 2659 1412 2692; x_wconf 75' lang='lat' dir='ltr'><em>et</em></span> <span class='ocrx_word' id='word_1_326' title='bbox 1437 2656 1503 2692; x_wconf 86' lang='lat' dir='ltr'><em>alii</em></span> <span class='ocrx_word' id='word_1_327' title='bbox 1526 2657 1674 2692; x_wconf 77' lang='lat' dir='ltr'><em>dranci·</em></span> <span class='ocrx_word' id='word_1_328' title='bbox 1695 2657 1798 2692; x_wconf 83' lang='lat' dir='ltr'><em>diota</em></span> <span class='ocrx_word' id='word_1_329' title='bbox 1818 2657 1867 2692; x_wconf 87' lang='lat' dir='ltr'><em>M</em></span> <span class='ocrx_word' id='word_1_330' title='bbox 1883 2658 1896 2702; x_wconf 90' lang='grc' dir='ltr'><em>ΙΙ</em></span> <span class='ocrx_word' id='word_1_331' title='bbox 1915 2657 2031 2692; x_wconf 85' lang='lat' dir='ltr'><em>Turni</em></span> 
     </span>
     <span class='ocr_line' id='line_1_40' title="bbox 326 2697 2065 2752; baseline -0.001 -11"><span class='ocrx_word' id='word_1_332' title='bbox 326 2706 444 2752; x_wconf 65' lang='lat' dir='ltr'><em>dicta]</em></span> <span class='ocrx_word' id='word_1_333' title='bbox 471 2705 607 2741; x_wconf 78' lang='lat' dir='ltr'><em>tumidi</em></span> <span class='ocrx_word' id='word_1_334' title='bbox 626 2705 670 2740; x_wconf 84' lang='lat' dir='ltr'><em>H</em></span> <span class='ocrx_word' id='word_1_335' title='bbox 685 2707 696 2751; x_wconf 96' lang='grc' dir='ltr'><em>ιι</em></span> <span class='ocrx_word' id='word_1_336' title='bbox 724 2704 883 2750; x_wconf 82' lang='lat' dir='ltr'><em>probant</em></span> <span class='ocrx_word' id='word_1_337' title='bbox 902 2703 974 2748; x_wconf 84' lang='grc' dir='ltr'><em>Ηιι</em></span> <span class='ocrx_word' id='word_1_338' title='bbox 1003 2708 1021 2739; x_wconf 83' lang='lat'><strong>7</strong></span> <span class='ocrx_word' id='word_1_339' title='bbox 1048 2701 1159 2739; x_wconf 55' lang='lat' dir='ltr'><em>atvs</em></span> <span class='ocrx_word' id='word_1_340' title='bbox 1180 2704 1220 2738; x_wconf 86' lang='lat' dir='ltr'><strong><em>F</em></strong></span> <span class='ocrx_word' id='word_1_341' title='bbox 1235 2705 1249 2749; x_wconf 84' lang='grc' dir='ltr'><em>ιι</em></span> <span class='ocrx_word' id='word_1_342' title='bbox 1265 2703 1374 2750; x_wconf 67' lang='lat' dir='ltr'><em>Padi]</em></span> <span class='ocrx_word' id='word_1_343' title='bbox 1404 2704 1506 2740; x_wconf 81' lang='lat' dir='ltr'><em>dicta</em></span> <span class='ocrx_word' id='word_1_344' title='bbox 1524 2704 1561 2739; x_wconf 82' lang='lat' dir='ltr'><em>R</em></span> <span class='ocrx_word' id='word_1_345' title='bbox 1579 2706 1592 2750; x_wconf 95' lang='grc' dir='ltr'><em>ιι</em></span> <span class='ocrx_word' id='word_1_346' title='bbox 1617 2709 1637 2740; x_wconf 90' lang='lat'>8</span> <span class='ocrx_word' id='word_1_347' title='bbox 1658 2704 1766 2739; x_wconf 75' lang='lat' dir='ltr'><em>unius</em></span> <span class='ocrx_word' id='word_1_348' title='bbox 1786 2703 1827 2739; x_wconf 79' lang='lat' dir='ltr'><em>F</em></span> <span class='ocrx_word' id='word_1_349' title='bbox 1841 2706 1854 2750; x_wconf 95' lang='grc' dir='ltr'><em>ιι</em></span> <span class='ocrx_word' id='word_1_350' title='bbox 1872 2697 2065 2750; x_wconf 84' lang='lat' dir='ltr'><em>plurime&#39;&#39;</em></span> 
     </span>
     <span class='ocr_line' id='line_1_41' title="bbox 326 2750 2027 2798; baseline -0.001 -10"><span class='ocrx_word' id='word_1_351' title='bbox 326 2753 460 2798; x_wconf 86' lang='lat' dir='ltr'><em>quibus</em></span> <span class='ocrx_word' id='word_1_352' title='bbox 488 2764 582 2798; x_wconf 86' lang='lat' dir='ltr'><em>quae</em></span> <span class='ocrx_word' id='word_1_353' title='bbox 609 2755 667 2787; x_wconf 83' lang='lat' dir='ltr'><em>est</em></span> <span class='ocrx_word' id='word_1_354' title='bbox 692 2753 734 2787; x_wconf 84' lang='lat' dir='ltr'><em>H</em></span> <span class='ocrx_word' id='word_1_355' title='bbox 751 2753 763 2798; x_wconf 80' lang='grc' dir='ltr'><em>ΙΙ</em></span> <span class='ocrx_word' id='word_1_356' title='bbox 789 2756 809 2787; x_wconf 85' lang='grc'><strong>9</strong></span> <span class='ocrx_word' id='word_1_357' title='bbox 836 2762 931 2796; x_wconf 85' lang='lat' dir='ltr'><em>quae</em></span> <span class='ocrx_word' id='word_1_358' title='bbox 958 2750 1181 2795; x_wconf 79' lang='lat' dir='ltr'><em>quibusdam</em></span> <span class='ocrx_word' id='word_1_359' title='bbox 1208 2751 1262 2786; x_wconf 86' lang='lat' dir='ltr'><em>F:</em></span> <span class='ocrx_word' id='word_1_360' title='bbox 1289 2753 1328 2786; x_wconf 84' lang='lat' dir='ltr'><em>et</em></span> <span class='ocrx_word' id='word_1_361' title='bbox 1353 2752 1572 2796; x_wconf 83' lang='lat' dir='ltr'><em>quibusdam</em></span> <span class='ocrx_word' id='word_1_362' title='bbox 1599 2752 1647 2794; x_wconf 82' lang='lat' dir='ltr'><em>R,</em></span> <span class='ocrx_word' id='word_1_363' title='bbox 1674 2763 1769 2796; x_wconf 85' lang='lat' dir='ltr'><em>quae</em></span> <span class='ocrx_word' id='word_1_364' title='bbox 1794 2762 1860 2787; x_wconf 89' lang='lat' dir='ltr'><em>om.</em></span> <span class='ocrx_word' id='word_1_365' title='bbox 1886 2752 2027 2796; x_wconf 75' lang='lat' dir='ltr'><em>reliqui.</em></span> 
     </span>
     <span class='ocr_line' id='line_1_42' title="bbox 321 2798 2033 2846; baseline -0.002 -10"><span class='ocrx_word' id='word_1_366' title='bbox 321 2802 440 2846; x_wconf 79' lang='lat' dir='ltr'><em>possis</em></span> <span class='ocrx_word' id='word_1_367' title='bbox 458 2805 490 2835; x_wconf 85' lang='lat' dir='ltr'><em>et</em></span> <span class='ocrx_word' id='word_1_368' title='bbox 510 2811 529 2835; x_wconf 92' lang='lat' dir='ltr'><em>e</em></span> <span class='ocrx_word' id='word_1_369' title='bbox 550 2800 683 2846; x_wconf 83' lang='lat' dir='ltr'><em>quibus</em></span> <span class='ocrx_word' id='word_1_370' title='bbox 704 2810 800 2844; x_wconf 89' lang='lat' dir='ltr'><em>quae</em></span> <span class='ocrx_word' id='word_1_371' title='bbox 820 2800 878 2834; x_wconf 83' lang='lat' dir='ltr'><em>est</em></span> <span class='ocrx_word' id='word_1_372' title='bbox 890 2798 1037 2833; x_wconf 80' lang='lat' dir='ltr'><em>Padusa</em></span> <span class='ocrx_word' id='word_1_373' title='bbox 1055 2799 1278 2843; x_wconf 84' lang='lat' dir='ltr'><em>quibusdam</em></span> <span class='ocrx_word' id='word_1_374' title='bbox 1291 2811 1318 2834; x_wconf 90' lang='lat' dir='ltr'><em>e.</em></span> <span class='ocrx_word' id='word_1_375' title='bbox 1333 2811 1363 2844; x_wconf 91' lang='lat' dir='ltr'><em>q.</em></span> <span class='ocrx_word' id='word_1_376' title='bbox 1378 2811 1406 2835; x_wconf 85' lang='lat' dir='ltr'><em>s.</em></span> <span class='ocrx_word' id='word_1_377' title='bbox 1426 2800 1438 2844; x_wconf 87' lang='grc' dir='ltr'><em>ΙΙ</em></span> <span class='ocrx_word' id='word_1_378' title='bbox 1458 2811 1532 2844; x_wconf 86' lang='lat' dir='ltr'><em>qua</em></span> <span class='ocrx_word' id='word_1_379' title='bbox 1547 2799 1587 2835; x_wconf 98' lang='lat' dir='ltr'><strong><em>F</em></strong></span> <span class='ocrx_word' id='word_1_380' title='bbox 1602 2801 1614 2846; x_wconf 81' lang='grc' dir='ltr'><em>ΙΙ</em></span> <span class='ocrx_word' id='word_1_381' title='bbox 1635 2803 1678 2834; x_wconf 93' lang='grc'><em>10</em></span> <span class='ocrx_word' id='word_1_382' title='bbox 1692 2810 1895 2844; x_wconf 79' lang='lat' dir='ltr'><em>cygnorum</em></span> <span class='ocrx_word' id='word_1_383' title='bbox 1909 2798 2033 2833; x_wconf 81' lang='lat' dir='ltr'><em>ASF</em></span> 
     </span>
     <span class='ocr_line' id='line_1_43' title="bbox 326 2845 2028 2892; baseline -0.001 -9"><span class='ocrx_word' id='word_1_384' title='bbox 326 2859 495 2883; x_wconf 82' lang='lat' dir='ltr'><em>escarum</em></span> <span class='ocrx_word' id='word_1_385' title='bbox 518 2848 609 2882; x_wconf 81' lang='lat' dir='ltr'><em>RH</em></span> <span class='ocrx_word' id='word_1_386' title='bbox 641 2847 832 2892; x_wconf 88' lang='lat' dir='ltr'><em>cignerum</em></span> <span class='ocrx_word' id='word_1_387' title='bbox 858 2846 907 2881; x_wconf 85' lang='lat' dir='ltr'><em>M</em></span> <span class='ocrx_word' id='word_1_388' title='bbox 938 2847 950 2891; x_wconf 89' lang='grc' dir='ltr'><em>ΙΙ</em></span> <span class='ocrx_word' id='word_1_389' title='bbox 987 2847 1036 2881; x_wconf 91' lang='lat' dir='ltr'><em>ad</em></span> <span class='ocrx_word' id='word_1_390' title='bbox 1060 2858 1091 2881; x_wconf 92' lang='lat' dir='ltr'><em>v.</em></span> <span class='ocrx_word' id='word_1_391' title='bbox 1118 2849 1187 2882; x_wconf 84' lang='lat'><em>457</em></span> <span class='ocrx_word' id='word_1_392' title='bbox 1221 2847 1375 2892; x_wconf 86' lang='lat' dir='ltr'><em>quidam</em></span> <span class='ocrx_word' id='word_1_393' title='bbox 1401 2847 1530 2882; x_wconf 82' lang='lat' dir='ltr'><em>dicunt</em></span> <span class='ocrx_word' id='word_1_394' title='bbox 1554 2847 1694 2892; x_wconf 86' lang='lat' dir='ltr'><em>padum</em></span> <span class='ocrx_word' id='word_1_395' title='bbox 1717 2845 1838 2881; x_wconf 83' lang='lat' dir='ltr'><em>tribus</em></span> <span class='ocrx_word' id='word_1_396' title='bbox 1863 2845 2028 2881; x_wconf 82' lang='lat' dir='ltr'><em>fontibus</em></span> 
     </span>
     <span class='ocr_line' id='line_1_44' title="bbox 325 2891 2027 2940; baseline -0.001 -10"><span class='ocrx_word' id='word_1_397' title='bbox 325 2895 428 2930; x_wconf 81' lang='lat' dir='ltr'><em>nasci</em></span> <span class='ocrx_word' id='word_1_398' title='bbox 454 2907 473 2929; x_wconf 86' lang='lat' dir='ltr'><em>e</em></span> <span class='ocrx_word' id='word_1_399' title='bbox 499 2894 634 2940; x_wconf 79' lang='lat' dir='ltr'><em>quibus</em></span> <span class='ocrx_word' id='word_1_400' title='bbox 660 2907 754 2930; x_wconf 78' lang='lat' dir='ltr'><em>unus</em></span> <span class='ocrx_word' id='word_1_401' title='bbox 779 2893 895 2929; x_wconf 88' lang='lat' dir='ltr'><em>habet</em></span> <span class='ocrx_word' id='word_1_402' title='bbox 918 2893 1144 2929; x_wconf 83' lang='lat' dir='ltr'><em>uocabulum</em></span> <span class='ocrx_word' id='word_1_403' title='bbox 1169 2894 1312 2939; x_wconf 84' lang='lat' dir='ltr'><em>padusa</em></span> <span class='ocrx_word' id='word_1_404' title='bbox 1337 2894 1403 2939; x_wconf 91' lang='lat' dir='ltr'><em>qui</em></span> <span class='ocrx_word' id='word_1_405' title='bbox 1428 2921 1435 2928; x_wconf 94' lang='lat'><em>.</em></span> <span class='ocrx_word' id='word_1_406' title='bbox 1458 2922 1465 2929; x_wconf 95' lang='lat'><em>.</em></span> <span class='ocrx_word' id='word_1_407' title='bbox 1487 2922 1494 2929; x_wconf 91' lang='lat'><em>.</em></span> <span class='ocrx_word' id='word_1_408' title='bbox 1522 2894 1696 2938; x_wconf 86' lang='lat' dir='ltr'><em>loquacia</em></span> <span class='ocrx_word' id='word_1_409' title='bbox 1718 2894 1751 2928; x_wconf 77' lang='lat' dir='ltr'><em>T</em></span> <span class='ocrx_word' id='word_1_410' title='bbox 1767 2894 1779 2939; x_wconf 77' lang='grc' dir='ltr'><em>ΙΙ</em></span> <span class='ocrx_word' id='word_1_411' title='bbox 1810 2892 1874 2927; x_wconf 88' lang='lat' dir='ltr'><em>uni</em></span> <span class='ocrx_word' id='word_1_412' title='bbox 1897 2891 1948 2928; x_wconf 82' lang='lat' dir='ltr'><em>sit</em></span> <span class='ocrx_word' id='word_1_413' title='bbox 1972 2892 2027 2929; x_wconf 88' lang='lat' dir='ltr'><em>F:</em></span> 
     </span>
     <span class='ocr_line' id='line_1_45' title="bbox 324 2940 2027 2988; baseline -0.001 -11"><span class='ocrx_word' id='word_1_414' title='bbox 324 2942 484 2988; x_wconf 81' lang='lat' dir='ltr'><em>sumpsit</em></span> <span class='ocrx_word' id='word_1_415' title='bbox 502 2942 641 2977; x_wconf 85' lang='lat' dir='ltr'><em>Daniel</em></span> <span class='ocrx_word' id='word_1_416' title='bbox 659 2943 671 2986; x_wconf 81' lang='lat' dir='ltr'>ss</span> <span class='ocrx_word' id='word_1_417' title='bbox 693 2946 734 2977; x_wconf 90' lang='lat'><em>11</em></span> <span class='ocrx_word' id='word_1_418' title='bbox 760 2942 800 2976; x_wconf 89' lang='lat' dir='ltr'><em>in</em></span> <span class='ocrx_word' id='word_1_419' title='bbox 826 2951 973 2976; x_wconf 88' lang='lat' dir='ltr'><em>amnem</em></span> <span class='ocrx_word' id='word_1_420' title='bbox 1000 2940 1198 2987; x_wconf 80' lang='lat' dir='ltr'><em>digeritur]</em></span> <span class='ocrx_word' id='word_1_421' title='bbox 1225 2952 1374 2976; x_wconf 89' lang='lat' dir='ltr'><em>amnem</em></span> <span class='ocrx_word' id='word_1_422' title='bbox 1400 2941 1480 2976; x_wconf 83' lang='lat' dir='ltr'><em>sinu</em></span> <span class='ocrx_word' id='word_1_423' title='bbox 1499 2941 1630 2986; x_wconf 83' lang='lat' dir='ltr'><em>dirigit</em></span> <span class='ocrx_word' id='word_1_424' title='bbox 1648 2941 1820 2976; x_wconf 84' lang='lat' dir='ltr'><em>Isidorus</em></span> <span class='ocrx_word' id='word_1_425' title='bbox 1839 2941 1850 2986; x_wconf 91' lang='grc' dir='ltr'><em>ΙΙ</em></span> <span class='ocrx_word' id='word_1_426' title='bbox 1873 2944 1914 2975; x_wconf 88' lang='grc'><em>12</em></span> <span class='ocrx_word' id='word_1_427' title='bbox 1940 2951 2027 2976; x_wconf 84' lang='lat' dir='ltr'><em>nam</em></span> 
     </span>
     <span class='ocr_line' id='line_1_46' title="bbox 322 2986 2026 3035; baseline -0.001 -10"><span class='ocrx_word' id='word_1_428' title='bbox 322 2990 406 3025; x_wconf 90' lang='lat' dir='ltr'><em>ideo</em></span> <span class='ocrx_word' id='word_1_429' title='bbox 433 2989 527 3024; x_wconf 88' lang='lat' dir='ltr'><em>dicit</em></span> <span class='ocrx_word' id='word_1_430' title='bbox 550 2990 581 3023; x_wconf 80' lang='lat' dir='ltr'><strong><em>T</em></strong></span> <span class='ocrx_word' id='word_1_431' title='bbox 597 2990 609 3034; x_wconf 84' lang='grc' dir='ltr'><em>ΙΙ</em></span> <span class='ocrx_word' id='word_1_432' title='bbox 629 2989 695 3024; x_wconf 85' lang='lat' dir='ltr'><em>alii</em></span> <span class='ocrx_word' id='word_1_433' title='bbox 715 3018 722 3025; x_wconf 91' lang='lat'><em>.</em></span> <span class='ocrx_word' id='word_1_434' title='bbox 745 3017 752 3025; x_wconf 89' lang='lat'><em>.</em></span> <span class='ocrx_word' id='word_1_435' title='bbox 775 3016 782 3024; x_wconf 93' lang='lat'><em>.</em></span> <span class='ocrx_word' id='word_1_436' title='bbox 803 2988 910 3034; x_wconf 89' lang='lat' dir='ltr'><em>Padi]</em></span> <span class='ocrx_word' id='word_1_437' title='bbox 936 2989 1012 3023; x_wconf 83' lang='lat' dir='ltr'><em>scil.</em></span> <span class='ocrx_word' id='word_1_438' title='bbox 1040 2989 1165 3035; x_wconf 78' lang='lat' dir='ltr'><em>volunt</em></span> <span class='ocrx_word' id='word_1_439' title='bbox 1189 2999 1260 3024; x_wconf 86' lang='lat' dir='ltr'><em>esse</em></span> <span class='ocrx_word' id='word_1_440' title='bbox 1282 2989 1471 3024; x_wconf 86' lang='lat' dir='ltr'><em>Padusam</em></span> <span class='ocrx_word' id='word_1_441' title='bbox 1490 2991 1501 3034; x_wconf 77' lang='grc' dir='ltr'><em>ΙΙ</em></span> <span class='ocrx_word' id='word_1_442' title='bbox 1521 2988 1748 3024; x_wconf 81' lang='lat' dir='ltr'><em>discenditur</em></span> <span class='ocrx_word' id='word_1_443' title='bbox 1767 2986 1808 3021; x_wconf 90' lang='lat' dir='ltr'><strong><em>F</em></strong></span> <span class='ocrx_word' id='word_1_444' title='bbox 1823 2989 1834 3033; x_wconf 76' lang='grc' dir='ltr'><em>ΙΙ</em></span> <span class='ocrx_word' id='word_1_445' title='bbox 1857 2991 1898 3022; x_wconf 92' lang='grc'><em>13</em></span> <span class='ocrx_word' id='word_1_446' title='bbox 1925 2988 2026 3023; x_wconf 85' lang='lat' dir='ltr'><em>forsa</em></span> 
     </span>
     <span class='ocr_line' id='line_1_47' title="bbox 326 3034 2026 3084; baseline -0.001 -12"><span class='ocrx_word' id='word_1_447' title='bbox 326 3037 360 3072; x_wconf 76' lang='lat' dir='ltr'><strong><em>G</em></strong></span> <span class='ocrx_word' id='word_1_448' title='bbox 378 3039 391 3084; x_wconf 88' lang='grc' dir='ltr'><em>ΙΙ</em></span> <span class='ocrx_word' id='word_1_449' title='bbox 409 3037 558 3082; x_wconf 79' lang='lat' dir='ltr'><em>uulgius</em></span> <span class='ocrx_word' id='word_1_450' title='bbox 584 3036 633 3080; x_wconf 89' lang='lat' dir='ltr'><em>F,</em></span> <span class='ocrx_word' id='word_1_451' title='bbox 661 3048 751 3073; x_wconf 87' lang='lat' dir='ltr'><em>corr.</em></span> <span class='ocrx_word' id='word_1_452' title='bbox 778 3037 916 3072; x_wconf 86' lang='lat' dir='ltr'><em>Daniel</em></span> <span class='ocrx_word' id='word_1_453' title='bbox 941 3038 946 3081; x_wconf 81' lang='grc' dir='ltr'>Ι</span> <span class='ocrx_word' id='word_1_454' title='bbox 976 3039 1019 3070; x_wconf 83' lang='grc'><em>14</em></span> <span class='ocrx_word' id='word_1_455' title='bbox 1045 3036 1250 3080; x_wconf 79' lang='lat' dir='ltr'><em>padusama</em></span> <span class='ocrx_word' id='word_1_456' title='bbox 1275 3036 1382 3081; x_wconf 84' lang='lat' dir='ltr'><em>uigat</em></span> <span class='ocrx_word' id='word_1_457' title='bbox 1409 3035 1444 3070; x_wconf 72' lang='lat' dir='ltr'><strong><em>G</em></strong></span> <span class='ocrx_word' id='word_1_458' title='bbox 1468 3037 1479 3082; x_wconf 85' lang='grc' dir='ltr'><em>ΙΙ</em></span> <span class='ocrx_word' id='word_1_459' title='bbox 1512 3040 1554 3070; x_wconf 83' lang='lat'><em>15</em></span> <span class='ocrx_word' id='word_1_460' title='bbox 1579 3035 1748 3081; x_wconf 82' lang='lat' dir='ltr'><em>padusan</em></span> <span class='ocrx_word' id='word_1_461' title='bbox 1775 3034 1814 3069; x_wconf 80' lang='lat' dir='ltr'><strong><em>F</em></strong></span> <span class='ocrx_word' id='word_1_462' title='bbox 1829 3037 1842 3081; x_wconf 77' lang='lat' dir='ltr'>ss</span> <span class='ocrx_word' id='word_1_463' title='bbox 1875 3039 1918 3070; x_wconf 88' lang='lat'><em>16</em></span> <span class='ocrx_word' id='word_1_464' title='bbox 1944 3046 2026 3070; x_wconf 82' lang='lat' dir='ltr'><em>sen-</em></span> 
     </span>
     <span class='ocr_line' id='line_1_48' title="bbox 322 3081 2027 3131; baseline -0.001 -11"><span class='ocrx_word' id='word_1_465' title='bbox 322 3087 403 3120; x_wconf 81' lang='lat' dir='ltr'><em>tina</em></span> <span class='ocrx_word' id='word_1_466' title='bbox 429 3084 469 3119; x_wconf 87' lang='lat' dir='ltr'><strong><em>F</em></strong></span> <span class='ocrx_word' id='word_1_467' title='bbox 490 3086 502 3131; x_wconf 72' lang='grc' dir='ltr'><em>ιΙ</em></span> <span class='ocrx_word' id='word_1_468' title='bbox 533 3083 703 3119; x_wconf 84' lang='lat' dir='ltr'><em>uidistiin</em></span> <span class='ocrx_word' id='word_1_469' title='bbox 727 3083 880 3119; x_wconf 86' lang='lat' dir='ltr'><em>tiberini</em></span> <span class='ocrx_word' id='word_1_470' title='bbox 906 3083 936 3117; x_wconf 72' lang='lat'><em>1«</em></span> <span class='ocrx_word' id='word_1_471' title='bbox 967 3084 979 3129; x_wconf 67' lang='lat' dir='ltr'>H</span> <span class='ocrx_word' id='word_1_472' title='bbox 1006 3087 1047 3118; x_wconf 81' lang='lat'><em>17</em></span> <span class='ocrx_word' id='word_1_473' title='bbox 1076 3083 1212 3118; x_wconf 84' lang='lat' dir='ltr'><em>diriuet</em></span> <span class='ocrx_word' id='word_1_474' title='bbox 1237 3083 1278 3118; x_wconf 88' lang='lat' dir='ltr'><em>F</em></span> <span class='ocrx_word' id='word_1_475' title='bbox 1299 3086 1311 3128; x_wconf 78' lang='grc' dir='ltr'><em>ΙΙ</em></span> <span class='ocrx_word' id='word_1_476' title='bbox 1342 3083 1527 3118; x_wconf 82' lang='lat' dir='ltr'><em>sentinum</em></span> <span class='ocrx_word' id='word_1_477' title='bbox 1554 3082 1595 3117; x_wconf 89' lang='lat' dir='ltr'><strong><em>F</em></strong></span> <span class='ocrx_word' id='word_1_478' title='bbox 1616 3083 1627 3128; x_wconf 91' lang='grc' dir='ltr'><em>ΙΙ</em></span> <span class='ocrx_word' id='word_1_479' title='bbox 1663 3086 1706 3117; x_wconf 94' lang='grc'><em>18</em></span> <span class='ocrx_word' id='word_1_480' title='bbox 1737 3093 1930 3118; x_wconf 63' lang='lat' dir='ltr'><em>mamam</em></span> <span class='ocrx_word' id='word_1_481' title='bbox 1953 3081 2027 3118; x_wconf 82' lang='lat' dir='ltr'><em>AS</em></span> 
     </span>
     <span class='ocr_line' id='line_1_49' title="bbox 320 3128 2026 3178; baseline -0.002 -11"><span class='ocrx_word' id='word_1_482' title='bbox 320 3132 496 3178; x_wconf 77' lang='lat' dir='ltr'><em>ypallage</em></span> <span class='ocrx_word' id='word_1_483' title='bbox 512 3131 567 3166; x_wconf 82' lang='lat' dir='ltr'><em>R.-</em></span> <span class='ocrx_word' id='word_1_484' title='bbox 583 3142 649 3167; x_wconf 86' lang='lat' dir='ltr'><em>om.</em></span> <span class='ocrx_word' id='word_1_485' title='bbox 666 3132 798 3176; x_wconf 78' lang='lat' dir='ltr'><em>reliqui</em></span> <span class='ocrx_word' id='word_1_486' title='bbox 821 3132 834 3176; x_wconf 76' lang='lat' dir='ltr'>u</span> <span class='ocrx_word' id='word_1_487' title='bbox 865 3134 910 3166; x_wconf 90' lang='grc'><strong>20</strong></span> <span class='ocrx_word' id='word_1_488' title='bbox 932 3140 1043 3166; x_wconf 78' lang='lat' dir='ltr'><em>uoces</em></span> <span class='ocrx_word' id='word_1_489' title='bbox 1063 3130 1242 3175; x_wconf 80' lang='lat' dir='ltr'><em>pessimas</em></span> <span class='ocrx_word' id='word_1_490' title='bbox 1259 3131 1307 3165; x_wconf 86' lang='lat' dir='ltr'><em>M</em></span> <span class='ocrx_word' id='word_1_491' title='bbox 1313 3130 1353 3164; x_wconf 91' lang='lat' dir='ltr'><strong><em>F</em></strong></span> <span class='ocrx_word' id='word_1_492' title='bbox 1375 3132 1386 3177; x_wconf 84' lang='grc' dir='ltr'>Η</span> <span class='ocrx_word' id='word_1_493' title='bbox 1411 3131 1512 3165; x_wconf 87' lang='lat' dir='ltr'><em>rauci</em></span> <span class='ocrx_word' id='word_1_494' title='bbox 1550 3131 1589 3165; x_wconf 86' lang='lat' dir='ltr'><em>et</em></span> <span class='ocrx_word' id='word_1_495' title='bbox 1607 3130 1711 3165; x_wconf 88' lang='lat' dir='ltr'><em>rauci</em></span> <span class='ocrx_word' id='word_1_496' title='bbox 1726 3129 1800 3165; x_wconf 80' lang='lat' dir='ltr'><em>AS</em></span> <span class='ocrx_word' id='word_1_497' title='bbox 1823 3129 1938 3165; x_wconf 87' lang='lat' dir='ltr'><em>reuici</em></span> <span class='ocrx_word' id='word_1_498' title='bbox 1950 3129 1992 3164; x_wconf 87' lang='lat' dir='ltr'><strong><em>F</em></strong></span> <span class='ocrx_word' id='word_1_499' title='bbox 2013 3128 2026 3176; x_wconf 81' lang='grc' dir='ltr'><em>ΙΙ</em></span> 
     </span>
     <span class='ocr_line' id='line_1_50' title="bbox 321 3176 2026 3225; baseline -0.002 -10"><span class='ocrx_word' id='word_1_500' title='bbox 321 3180 464 3215; x_wconf 84' lang='lat' dir='ltr'><em>teretde</em></span> <span class='ocrx_word' id='word_1_501' title='bbox 490 3179 535 3214; x_wconf 88' lang='lat' dir='ltr'><strong><em>H</em></strong></span> <span class='ocrx_word' id='word_1_502' title='bbox 555 3180 567 3225; x_wconf 84' lang='grc' dir='ltr'><em>ΙΙ</em></span> <span class='ocrx_word' id='word_1_503' title='bbox 592 3179 695 3214; x_wconf 88' lang='lat' dir='ltr'><em>codri</em></span> <span class='ocrx_word' id='word_1_504' title='bbox 722 3180 767 3213; x_wconf 92' lang='lat' dir='ltr'><em>M</em></span> <span class='ocrx_word' id='word_1_505' title='bbox 791 3179 804 3224; x_wconf 79' lang='grc' dir='ltr'><em>ιΙ</em></span> <span class='ocrx_word' id='word_1_506' title='bbox 834 3183 877 3213; x_wconf 82' lang='grc'><em>21</em></span> <span class='ocrx_word' id='word_1_507' title='bbox 904 3180 946 3213; x_wconf 82' lang='lat' dir='ltr'><em>ut</em></span> <span class='ocrx_word' id='word_1_508' title='bbox 970 3188 1036 3213; x_wconf 87' lang='lat' dir='ltr'><em>om.</em></span> <span class='ocrx_word' id='word_1_509' title='bbox 1064 3178 1161 3212; x_wconf 88' lang='lat' dir='ltr'><em>HM</em></span> <span class='ocrx_word' id='word_1_510' title='bbox 1182 3179 1193 3223; x_wconf 90' lang='grc' dir='ltr'><em>ΙΙ</em></span> <span class='ocrx_word' id='word_1_511' title='bbox 1218 3182 1264 3213; x_wconf 83' lang='grc'><strong>24</strong></span> <span class='ocrx_word' id='word_1_512' title='bbox 1289 3179 1339 3213; x_wconf 88' lang='lat' dir='ltr'><em>ad</em></span> <span class='ocrx_word' id='word_1_513' title='bbox 1363 3190 1395 3213; x_wconf 89' lang='lat' dir='ltr'><em>v.</em></span> <span class='ocrx_word' id='word_1_514' title='bbox 1415 3182 1484 3213; x_wconf 87' lang='lat'><em>460</em></span> <span class='ocrx_word' id='word_1_515' title='bbox 1545 3177 1664 3212; x_wconf 83' lang='lat' dir='ltr'><em>rancis</em></span> <span class='ocrx_word' id='word_1_516' title='bbox 1691 3206 1698 3213; x_wconf 94' lang='lat'><em>.</em></span> <span class='ocrx_word' id='word_1_517' title='bbox 1719 3205 1728 3213; x_wconf 92' lang='lat'><em>.</em></span> <span class='ocrx_word' id='word_1_518' title='bbox 1750 3205 1758 3212; x_wconf 98' lang='lat'><em>.</em></span> <span class='ocrx_word' id='word_1_519' title='bbox 1784 3176 2026 3212; x_wconf 79' lang='lat' dir='ltr'><em>conuenerint</em></span> 
     </span>
     <span class='ocr_line' id='line_1_51' title="bbox 322 3222 2029 3273; baseline -0.002 -11"><span class='ocrx_word' id='word_1_520' title='bbox 322 3228 401 3272; x_wconf 87' lang='lat' dir='ltr'><em>(sie)</em></span> <span class='ocrx_word' id='word_1_521' title='bbox 426 3227 459 3261; x_wconf 82' lang='lat' dir='ltr'><em>T</em></span> <span class='ocrx_word' id='word_1_522' title='bbox 475 3229 487 3273; x_wconf 78' lang='grc' dir='ltr'><em>ΙΙ</em></span> <span class='ocrx_word' id='word_1_523' title='bbox 506 3227 688 3272; x_wconf 83' lang='lat' dir='ltr'><em>exprobat</em></span> <span class='ocrx_word' id='word_1_524' title='bbox 709 3226 742 3261; x_wconf 80' lang='lat' dir='ltr'><em>T</em></span> <span class='ocrx_word' id='word_1_525' title='bbox 758 3228 770 3272; x_wconf 77' lang='lat' dir='ltr'>ss</span> <span class='ocrx_word' id='word_1_526' title='bbox 798 3229 841 3261; x_wconf 82' lang='grc'><strong>27</strong></span> <span class='ocrx_word' id='word_1_527' title='bbox 863 3226 913 3262; x_wconf 90' lang='lat' dir='ltr'><em>ad</em></span> <span class='ocrx_word' id='word_1_528' title='bbox 932 3237 1107 3260; x_wconf 69' lang='lat' dir='ltr'><em>sanamus</em></span> <span class='ocrx_word' id='word_1_529' title='bbox 1127 3236 1154 3261; x_wconf 87' lang='lat' dir='ltr'><em>s.</em></span> <span class='ocrx_word' id='word_1_530' title='bbox 1169 3237 1200 3262; x_wconf 90' lang='lat' dir='ltr'><em>v.</em></span> <span class='ocrx_word' id='word_1_531' title='bbox 1220 3226 1320 3271; x_wconf 83' lang='lat' dir='ltr'><em>pigri</em></span> <span class='ocrx_word' id='word_1_532' title='bbox 1338 3226 1400 3261; x_wconf 92' lang='lat' dir='ltr'><em>uel</em></span> <span class='ocrx_word' id='word_1_533' title='bbox 1420 3225 1601 3261; x_wconf 84' lang='lat' dir='ltr'><em>inuidiose</em></span> <span class='ocrx_word' id='word_1_534' title='bbox 1621 3224 1714 3260; x_wconf 87' lang='lat' dir='ltr'><em>dicit</em></span> <span class='ocrx_word' id='word_1_535' title='bbox 1732 3226 1774 3260; x_wconf 86' lang='lat' dir='ltr'><em>ut</em></span> <span class='ocrx_word' id='word_1_536' title='bbox 1794 3252 1825 3261; x_wconf 92' lang='lat'><em>..</em></span> <span class='ocrx_word' id='word_1_537' title='bbox 1841 3252 1850 3261; x_wconf 88' lang='lat'><em>.</em></span> <span class='ocrx_word' id='word_1_538' title='bbox 1868 3223 1979 3260; x_wconf 82' lang='lat' dir='ltr'><em>latini</em></span> <span class='ocrx_word' id='word_1_539' title='bbox 1994 3222 2029 3259; x_wconf 81' lang='lat' dir='ltr'><strong><em>T</em></strong></span> 
     </span>
    </p>
   </div>
  </div>
 </body>
</html>
