2092 3614
582 245 735 283 COMM.
761 246 813 281 IN
839 244 985 282 VERG.
1010 245 1122 281 AEN.
1148 245 1217 280 XII
1241 248 1440 281 285—312.
1776 244 1880 308 605·

153 356 218 398 ita
254 371 368 398 nunc
407 356 608 398 dicimus:
651 370 751 398 nam
791 355 894 397 illud
926 354 1060 397 Ennii
1098 356 1142 396 et
1171 352 1349 397 Pacuvii
1386 355 1559 411 penitus
1598 354 1648 396 de
1688 368 1766 396 usu
1799 368 1863 395 re-

155 428 296 483 cessit,
329 429 378 470 ut
410 427 494 470 ‘hie
525 430 683 483 torrus,
715 427 843 469 huius
876 425 999 469 torri’
1032 426 1232 469 dicamus.

199 495 202 496 ⁷
273 500 372 542 299.
421 517 594 543 FERENTI
613 513 694 554 pro
726 497 969 552 ‘inferenti'.

273 572 371 614 300.
426 589 501 614 aa
512 588 601 614 vxzr
637 571 731 613 bene
761 571 818 613 ad
845 570 1078 612 brevitatem
1109 570 1217 624 ἐφιεὶς
1247 570 1402 624 retulit,
1440 570 1512 623 qai
1543 573 1704 612 tantam
1731 569 1864 624 falyo-

153 656 239 684 rem
269 643 380 685 brevi
408 643 600 685 ediderat.

273 714 372 756 301.
421 725 634 757 N1DOREM
665 715 782 756 modo
814 716 1024 769 putorem.
1145 730 1269 756 SVPER
1307 713 1477 766 qnidam
1501 727 1581 766 pro
1613 712 1865 768 ‘praeterea'‚

153 785 231 828 alii
251 799 332 840 pro
365 784 535 841 ‘sapra',
562 789 612 827 'at
641 785 787 840 <306>
819 799 928 827 ense
958 798 1162 839 sequens
1191 784 1319 826 nudo
1350 797 1494 838 saper
1524 785 1746 827 inminet.

272 857 371 899 302.
422 874 596 901 ΤνιῑΒΑη
623 874 760 901 Hosns
794 857 896 911 qnia
923 857 1026 911 plns
1063 856 1348 910 brepidationis
1385 856 1431 898 in
1461 856 1540 898 illa
1568 856 1742 909 flamma
1770 856 1865 911 fuit,

153 942 278 983 quam
300 929 489 983 periculi.

273 1001 372 1043 304.
412 1018 483 1044 ..SIC
510 1018 645 1044 memo
675 1001 844 1055 quidam
872 998 958 1042 ‘sie’
978 1013 1060 1053 pro
1085 997 1238 1052 ‘aeque'
1265 998 1483 1053 accipiunt,
1514 999 1592 1041 alii
1615 998 1865 1054 simpliciter,

153 1075 201 1114 ut
230 1086 322 1114 enm
353 1074 535 1126 inpresso
562 1087 670 1128 yenn
702 1076 833 1115 terrae
863 1072 1135 1126 adplicuerat,
1173 1073 1226 1112 nl.
1249 1073 1308 1112 esl
1337 1070 1444 1112 illud
1474 1069 1523 1124 <I
1555 1070 1671 1125 224>
1703 1071 1865 1125 despi-

154 1145 285 1186 ciens
333 1158 466 1186 mare
515 1144 776 1187 velivolum
826 1147 1082 1197 terrasque
1131 1142 1346 1184 iacentes
1394 1143 1465 1184 sic
1507 1142 1686 1184 vertice
1728 1142 1865 1184 caeli.

156 1214 319 1270 ‘riyido'
352 1219 488 1258 aulem
512 1216 682 1269 quidam
708 1215 826 1258 ‘eluro
851 1218 889 1257 et
913 1213 1045 1257 aento'
1071 1214 1223 1269 volunt,
1254 1227 1338 1256 non
1366 1213 1512 1269 ‘recto’‚
1543 1217 1590 1256 ul
1613 1218 1657 1256 et
1686 1228 1867 1257 curvae

141 1288 370 1342 ‘riqielum
394 1288 558 1341 falces
586 1288 875 1341 formantur
904 1287 958 1329 in
988 1299 1158 1328 ensem.

274 1359 372 1402 305.
422 1377 623 1407 PRIMAQVE
652 1377 743 1403 ΑσιΕ
771 1359 837 1401 hic
868 1357 972 1413 ‘que'
1004 1358 1233 1400 coniunctio
1264 1357 1458 1400 abundat.
1568 1374 1757 1400 RVENTEM
1784 1371 1868 1400 non

156 1431 374 1483 cadentem,
404 1432 475 1474 secl
503 1444 652 1485 mayno
683 1431 837 1485 impeta
866 1445 908 1474 se
937 1430 1189 1484 inferentem.
1449 1438 1456 1442 ’

276 1503 375 1545 309.
425 1514 637 1546 FERREVS
671 1513 852 1546 SOMNVS
886 1501 1101 1543 Homerus
1133 1497 1316 1555 χάλκεος
1347 1497 1499 1550 ὕπνος.

277 1575 376 1616 312.
425 1585 621 1616 NVDATO
655 1585 824 1616 CAPITE
856 1573 1023 1616 scilicet
1054 1573 1238 1627 deposita
1264 1572 1396 1627 9alea,
1429 1574 1477 1613 ut
1507 1572 1648 1627 possit
1680 1572 1871 1628 agnosci.

159 1661 262 1688 sane
295 1646 529 1701 quaeritur,
561 1645 922 1701 quemadmodum
949 1643 1142 1687 ‘nudato'
1171 1644 1337 1698 dixerit,
1369 1658 1463 1686 cum
1492 1659 1622 1699 supra
1650 1658 1747 1686 eum
1772 1659 1871 1686 nus-

159 1731 287 1773 quam
320 1720 437 1760 tecto
469 1717 686 1760 induxerit
717 1717 876 1772 capite:
914 1732 1013 1759 nam
1047 1714 1287 1758 ‘nudatum'
1321 1718 1387 1758 est
1418 1715 1622 1771 quicquid
1652 1715 1737 1758 fuit
1770 1719 1870 1758 ante

159 1790 425 1844 coopertum,
460 1787 651 1830 ‘nudum'
684 1802 786 1831 vero
819 1787 976 1829 dicitur
1004 1787 1117 1843 quod
1143 1788 1306 1829 tectum
1334 1789 1433 1829 ante
1459 1802 1548 1830 non
1571 1787 1722 1830 fuerat.
1768 1801 1870 1843 ergo

145 1862 233 1918 'aut
264 1859 459 1902 ‘nudato'
491 1874 570 1916 pro
604 1858 748 1902 ‘nudo'
783 1859 1063 1915 accipiamus,
1094 1860 1145 1900 ut
1176 1858 1234 1900 sit
1264 1873 1342 1913 pro
1374 1858 1549 1901 nomine
1574 1859 1871 1914 participium:

159 1934 234 1974 aut
265 1932 458 1975 dicamus
488 1935 650 1975 tectum
676 1947 774 1974 eum
800 1931 1005 1974 habuisse
1033 1933 1173 1987 caput,
1206 1945 1302 1973 cum
1328 1930 1548 1972 descendit
1574 1930 1625 1971 ad
1653 1944 1871 1986 campum:

158 2018 259 2045 nam
284 2004 469 2060 legimus
495 2003 639 2059 <167>
668 2003 869 2046 sidereo
902 2003 1141 2059 flagrans
1173 2002 1338 2058 clipeo
1374 2004 1423 2043 et
1449 2002 1769 2044 caelestibus
1797 2017 1872 2044 ar-

160 2075 267 2117 mis.
390 2087 502 2118 SVOS
544 2086 763 2118 CLAMORE
802 2086 1017 2118 VOCABAT
1062 2076 1293 2130 utrumque
1338 2073 1572 2115 exercitum
1615 2073 1701 2115 iam
1747 2088 1871 2116 suum

161 2145 357 2200 vocabat,
389 2148 436 2188 ut
467 2146 568 2188 talis
600 2146 729 2188 fuerit
761 2147 850 2188 eius
884 2146 1047 2188 clamor
1079 2144 1170 2187 ‘cur
1200 2145 1245 2187 in
1276 2159 1352 2187 vos
1379 2145 1564 2187 invicem
1590 2145 1715 2187 ruitis
1742 2143 1872 2187 mei'?

161 2232 184 2258 *
209 2221 344 2260 autem
375 2220 413 2259 et
441 2218 677 2261 adverbium
702 2221 835 2273 potest
863 2231 945 2261 esse
975 2220 1012 2260 et
1041 2230 1199 2260 nomen.

258 2352 276 2382 1
303 2346 430 2394 Ennii]
459 2358 504 2383 ex
529 2347 612 2384 libr.
638 2347 766 2384 incert.
793 2347 925 2393 fragm.
954 2346 1090 2382 XXXV
1116 2359 1151 2392 p.
1175 2349 1242 2382 179
1262 2346 1372 2383 Vahl.
1392 2348 1404 2393 ΙΙ
1430 2345 1600 2392 Pacuvii]
1628 2357 1672 2381 ex
1698 2345 1768 2382 inc.
1795 2346 1870 2381 fab.

161 2396 293 2441 fragm.
321 2395 404 2431 LVI
430 2408 464 2441 p.
488 2399 553 2430 135
581 2396 637 2431 ed.
665 2407 736 2431 sec.
757 2395 866 2431 Ribb.
886 2397 898 2440 ss
920 2399 962 2430 13
989 2397 1027 2430 et
1053 2395 1205 2441 curvae]
1231 2406 1359 2441 georg.
1386 2394 1402 2429 I
1424 2398 1492 2429 508
1513 2395 1524 2440 ΙΙ
1545 2398 1589 2429 15
1614 2406 1778 2429 nvENTEM
1806 2421 1813 2429 .
1833 2421 1841 2429 .
1863 2421 1870 2428 .

161 2443 397 2490 inferentem]
426 2442 471 2478 cf.
498 2442 591 2479 Don.
619 2443 666 2478 ad
694 2444 776 2478 Ter.
802 2442 871 2478 Ad.
899 2443 950 2478 III
978 2447 1009 2487 2,
1037 2446 1079 2478 21
1101 2443 1113 2488 ΙΙ
1145 2446 1186 2478 17
1215 2443 1412 2489 Homerus]
1440 2442 1482 2478 ll.
1508 2442 1559 2477 XI
1585 2445 1653 2477 241
1674 2443 1686 2488 ss
1713 2445 1759 2477 20
1787 2453 1873 2477 nam

162 2490 342 2526 nudatum
368 2518 376 2526 .
399 2517 407 2525 .
428 2518 436 2526 .
462 2491 600 2538 fuerat]
628 2491 674 2527 cf.
700 2491 784 2527 Isid.
811 2490 886 2526 diff.
912 2490 1014 2526 verb.
1042 2493 1111 2526 385

261 2614 278 2645 1
305 2621 391 2645 nam
418 2639 425 2646 .
449 2637 456 2644 .
477 2638 485 2646 .
512 2610 677 2646 dicamus
703 2622 767 2646 om.
791 2610 834 2645 H
848 2611 861 2656 ΙΙ
881 2614 901 2645 3
928 2622 1077 2645 mimum
1103 2608 1279 2645 inferenti
1302 2610 1384 2645 hab.
1410 2608 1444 2643 T
1456 2609 1469 2653 ΙΙ
1498 2612 1520 2643 4
1546 2609 1596 2644 acl
1614 2621 1766 2645 RELVXIT
1791 2620 1818 2644 s.
1840 2619 1871 2644 v.

164 2657 372 2693 flammauit
397 2685 405 2693 .
433 2659 471 2693 et
496 2658 590 2693 bene
622 2658 671 2693 ad
701 2657 927 2694 breuitatem
961 2656 1058 2704 ignis
1090 2657 1155 2702 qui
1187 2659 1334 2693 tantum
1366 2657 1551 2701 fulgorem
1584 2656 1689 2691 breui
1715 2656 1874 2692 ediderit

164 2704 291 2752 posuit
314 2704 452 2741 reluxit
479 2705 512 2739 T
540 2706 552 2752 ΙΙ
590 2710 610 2741 6
636 2705 815 2750 pudorem
841 2705 914 2741 AS
923 2705 963 2740 F
992 2706 1180 2750 (putorem
1206 2705 1268 2750 as)
1296 2707 1308 2750 ΙΙ
1340 2705 1390 2740 ael
1415 2716 1523 2739 svrmz
1548 2716 1571 2738 1.
1599 2717 1626 2738 s.
1652 2714 1679 2738 s.
1705 2715 1736 2738 v.
1764 2715 1874 2749 super

165 2752 318 2798 quidam
344 2764 410 2798 pro
436 2754 631 2798 praeterea
654 2752 722 2788 alii
740 2764 807 2798 pro
827 2764 939 2799 supra
958 2751 1149 2798 accipiunt
1171 2752 1204 2787 T
1218 2754 1230 2799 ΙΙ
1248 2763 1315 2798 pro
1341 2750 1551 2798 praeterea]
1579 2753 1779 2796 propterea
1800 2751 1841 2785 F
1861 2751 1873 2798 Η

166 2804 186 2836 7
212 2810 320 2835 ansse
347 2800 386 2835 F
414 2801 426 2847 ΙΙ
457 2804 478 2836 8
504 2801 554 2836 ad
578 2811 610 2836 v.
637 2804 705 2836 302
731 2801 941 2846 perturbati
967 2800 1056 2845 quia
1082 2828 1090 2835 .
1112 2829 1119 2837 .
1142 2827 1149 2834 .
1176 2800 1333 2846 periculi
1362 2800 1394 2834 T
1424 2801 1435 2845 ΙΙ
1465 2798 1538 2834 fuit
1563 2798 1602 2832 in
1627 2797 1777 2834 flamma
1806 2799 1838 2833 T
1861 2801 1872 2845 Η

168 2853 211 2884 10
237 2849 286 2884 ad
310 2859 343 2883 v.
370 2851 440 2883 304
465 2847 618 2893 quidam
652 2848 703 2883 sic
736 2859 804 2894 pro
835 2858 953 2893 aeque
985 2847 1175 2892 accipiunt
1206 2846 1272 2884 alii
1306 2846 1543 2892 simpliciter,
1576 2847 1625 2882 ad
1650 2858 1703 2880 s1c
1729 2860 1760 2882 R.
1786 2857 1813 2882 ε.
1839 2857 1872 2881 υ.

165 2896 203 2930 id
230 2896 288 2931 est
318 2895 445 2931 taliter
476 2895 662 2941 prostrato
692 2895 725 2930 T
747 2896 759 2941 ΙΙ
793 2900 832 2930 11
860 2895 1029 2940 inpressu
1055 2895 1096 2930 F
1117 2897 1130 2940 ΙΙ
1168 2899 1211 2931 12
1238 2899 1376 2930 terrase
1404 2893 1444 2929 F
1472 2895 1483 2940 ΙΙ
1522 2897 1565 2928 13
1592 2894 1630 2929 et
1654 2896 1696 2929 ut
1722 2893 1761 2928 F
1784 2895 1796 2940 ΙΙ
1828 2898 1873 2929 14

165 2943 391 2990 formantur]
421 2943 627 2978 conflantur
659 2943 840 2988 Veryilias
858 2943 871 2988 ΙΙ
903 2946 946 2978 15
972 2943 1022 2978 ad
1046 2957 1114 2983 QVE
1139 2955 1166 2980 s.
1192 2955 1225 2980 v.
1252 2943 1363 2978 uacat
1389 2941 1422 2976 T
1438 2942 1450 2988 ΙΙ
1479 2941 1676 2976 habundat
1702 2941 1742 2976 F
1764 2943 1775 2987 1]
1799 2953 1872 2977 non

168 3017 176 3025 .
198 3018 205 3026 .
228 3019 235 3026 .
255 2990 476 3026 inferentem
495 2991 575 3026 hab.
601 2990 634 3025 T
649 2990 662 3036 ss
693 2994 735 3026 17
755 3002 920 3026 xafflewc
938 3002 1050 3026 nnoc
1068 2990 1104 3026 R
1140 3002 1279 3026 xameo
1305 3001 1417 3024 ῩΑΝοε
1435 2989 1481 3024 Η
1507 3000 1665 3025 xaaxcoc
1690 3000 1804 3024 ynnoc
1826 2989 1875 3023 M

167 3049 303 3073 aeneus
329 3049 477 3074 somnus
505 3037 546 3073 F
573 3039 585 3084 ΙΙ
616 3039 666 3073 ad
691 3051 847 3073 mmmm
873 3040 918 3082 (v.
943 3039 1026 3083 311)
1053 3038 1139 3083 quia
1170 3038 1392 3083 deposuerat
1424 3048 1528 3071 arma
1560 3047 1644 3072 cum
1669 3036 1716 3071 ad
1742 3036 1871 3071 foedus

167 3086 379 3121 faciendum
398 3086 556 3121 accessit
572 3086 604 3121 T
621 3087 632 3132 ΙΙ
654 3089 696 3121 18
717 3086 766 3121 aa
785 3098 924 3121 uvnuo
945 3098 975 3120 c.
995 3097 1022 3122 s.
1037 3097 1068 3121 v.
1089 3086 1167 3122 sine
1187 3087 1298 3131 galea
1318 3084 1351 3119 T
1368 3085 1379 3130 ΙΙ
1401 3088 1442 3119 19
1464 3084 1650 3129 quomodo
1665 3083 1706 3118 F
1720 3085 1732 3130 ΙΙ
1751 3087 1795 3118 20
1816 3082 1871 3118 in-

168 3133 324 3168 duxerat
349 3133 390 3169 F
404 3135 417 3180 ΙΙ
446 3134 642 3180 quicquid]
670 3133 770 3178 quod
796 3132 837 3168 F
851 3134 863 3178 ΙΙ
894 3133 964 3168 fuit
988 3144 1053 3168 om.
1080 3133 1117 3169 R
1136 3135 1147 3180 ΙΙ
1179 3137 1221 3168 21
1250 3134 1464 3177 conpertum
1492 3132 1532 3166 F
1548 3133 1560 3178 ΙΙ
1585 3132 1696 3166 antea
1721 3130 1836 3166 ASR
1862 3131 1871 3176 H

169 3184 214 3215 23
240 3180 424 3216 discendit
449 3181 516 3227 Fu
541 3191 693 3226 campos
718 3180 755 3216 R
793 3191 946 3226 eampus
972 3181 1015 3215 H
1032 3182 1043 3227 ΙΙ
1068 3185 1113 3217 26
1139 3180 1262 3216 fuerat
1286 3179 1358 3214 AS
1376 3181 1388 3224 ΙΙ
1406 3179 1479 3215 mei
1505 3179 1611 3214 ruit-is
1638 3178 1678 3214 F
1694 3179 1705 3227 ΙΙ
1731 3182 1774 3214 27
1801 3190 1871 3222 Qvo

170 3228 293 3263 autem
320 3228 476 3273 Daniel,
504 3230 565 3265 sed
589 3239 664 3264 non
689 3228 816 3264 dubito
841 3229 932 3275 quin
958 3229 1007 3264 acl
1031 3240 1162 3276 repens
1182 3228 1366 3275 pertineat
1390 3227 1563 3264 scholium

1889 648 1910 680 5

1893 1007 1936 1039 10

1896 1365 1938 1397 15

1897 1724 2006 1756 20.

1897 2082 1941 2114 25
