2124 3600
522 229 673 267 COMM.
699 228 752 264 IN
779 228 920 266 VERG.
948 228 1058 266 AEN.
1085 230 1135 265 Vl
1163 232 1362 266 725—736.
1713 227 1797 269 103

202 340 299 383 730.
343 352 408 382 ET
453 351 704 382 CAELESTIS
750 350 893 382 omeo
941 350 1188 382 SEMINlssvs
1239 350 1466 388 QVANTVM
1510 349 1607 381 NON
1650 348 1795 380 Noxm

84 423 299 455 CORPORA
337 423 558 454 TARDANT
597 411 709 466 quod
748 425 878 466 supra
910 409 1056 466 (724)
1089 409 1294 464 diximus,
1332 410 1377 450 in
1414 411 1604 465 tantum,
1642 408 1796 465 inqui'n,

79 483 126 525 in
169 483 416 526 hominibus
462 483 580 539 viget
624 497 725 538 pars
771 476 1032 538 divinitatis,
1075 482 1121 524 in
1165 483 1373 537 quantum
1419 480 1524 522 sinit
1565 495 1793 536 corporum

82 554 282 610 qualibas.

201 626 295 668 732.
347 637 645 676 TERRENIQVE
672 637 922 668 HEBETANT
949 636 1096 668 ARTvs
1129 624 1176 666 in
1208 626 1419 680 quantum
1450 637 1537 666 non
1570 623 1793 665 hebetant.
1819 629 1840 660 5

139 708 512 748 MORIBVNDAQVE
539 709 736 739 MEMBRA
762 697 966 739 morienti
999 696 1174 751 similia,
1204 695 1287 738 hoe
1320 697 1387 737 est
1412 709 1581 750 semper
1611 695 1793 736 morien-

80 768 162 809 tia:
202 783 439 823 numquam
478 768 593 810 enim
631 768 677 810 in
709 768 859 810 eodem
892 770 1009 811 statu
1048 770 1166 824 sunt,
1205 767 1276 809 sed
1317 768 1393 809 aut
1429 762 1680 808 minuuntur
1718 768 1793 808 aut

78 842 286 882 creseunt.
348 853 452 895 ergo
491 839 662 882 animus
701 839 815 881 idem
853 842 937 895 est,
976 839 1050 881 sed
1087 839 1152 881 uti
1189 838 1354 881 viribus
1393 838 1482 880 suis
1519 852 1607 880 non
1643 839 1791 894 potest

76 912 254 965 propter
286 911 479 965 eorporis
512 910 871 953 coniunctionem.

197 982 292 1024 733.
341 993 454 1024 H1Nc
480 994 704 1025 METVVNT
731 994 1025 1033 CVPIVNTQVE
1052 994 1241 1025 DOLENT
1269 992 1587 1032 GAVDENTQVE
1621 994 1672 1022 ex
1698 995 1787 1023 cor·
1815 988 1859 1019 10

75 1053 193 1108 poris
227 1053 530 1096 coniunctione
563 1056 606 1095 et
635 1053 907 1097 hebetudine,
948 1053 1089 1096 Varro
1117 1057 1160 1096 et
1186 1068 1335 1096 omnes
1361 1052 1611 1110 philosophi
1638 1052 1788 1094 dicunt

77 1127 283 1179 quattuor
316 1139 409 1167 esse
440 1125 685 1180 passiones,
717 1125 823 1168 duas
856 1141 881 1167 a
910 1126 1036 1168 bonis
1068 1125 1255 1180 opinatis
1283 1127 1326 1167 et
1352 1124 1458 1167 duas
1485 1139 1509 1166 a
1535 1123 1662 1166 malis
1695 1123 1786 1178 opi-

76 1196 190 1238 natis
222 1196 367 1238 rebus:
404 1211 506 1239 nam
538 1196 682 1239 dolere
715 1199 759 1239 el:
790 1196 944 1238 timere
976 1196 1084 1239 duae
1117 1197 1338 1252 opiniones
1370 1195 1512 1238 malae
1545 1197 1664 1251 sunt,
1700 1210 1787 1237 una

74 1268 336 1324 praesentis,
366 1268 452 1311 alia
477 1268 630 1311 futuri:
662 1269 765 1311 item
793 1268 978 1325 gaudere
1005 1271 1048 1311 et
1073 1283 1228 1323 cupere
1256 1267 1481 1323 opiniones
1508 1267 1648 1309 bonae
1674 1269 1787 1322 sunt,

74 1353 161 1380 una
204 1339 466 1395 praesentis,
509 1339 647 1382 altera
687 1339 834 1383 fu'curi.
897 1339 1002 1382 haec
1045 1352 1148 1395 ergo
1185 1342 1426 1382 nascuntur
1463 1353 1514 1381 ex
1550 1339 1645 1394 ipsa
1685 1353 1785 1380 eon·
1814 1345 1857 1377 15

72 1410 309 1463 iunctione,
351 1425 453 1453 nam
491 1426 631 1467 neque
671 1412 804 1454 animi
845 1414 945 1454 sunt
976 1425 1114 1467 neque
1147 1410 1341 1466 corporis
1373 1410 1566 1466 propria:
1603 1411 1785 1466 pereuni:

71 1482 185 1523 enim
216 1482 332 1524 facta
364 1483 679 1539 segregatione.

188 1554 286 1596 734.
336 1565 494 1606 NEQVE
535 1566 685 1598 AVRAs
724 1566 995 1599 REsmchT
1040 1569 1139 1598 nam
1185 1555 1286 1611 quia
1330 1554 1562 1598 cohaerent
1601 1553 1784 1609 corpori,

68 1624 384 1668 obliviscuntur
414 1628 597 1668 naturae
629 1641 749 1683 suae,
781 1642 911 1682 quam
938 1626 1098 1669 ‘auras'
1123 1626 1306 1670 vocaviiz.
1399 1636 1607 1668 GLAVSAE
1640 1636 1782 1666 ΤΕΝΕ-

66 1707 171 1739 BRls
202 1708 263 1739 ΕΤ
286 1707 506 1757 ρΑΒΟΕΒΕ
539 1709 686 1742 CAECO
720 1699 994 1741 definitiones
1028 1701 1128 1742 sunt
1160 1698 1365 1754 corporis.
1806 1704 1851 1735 20

187 1767 283 1810 735.
334 1780 448 1819 QVIN
479 1781 537 1811 ET
570 1781 787 1813 SVPREMO
821 1783 916 1813 CVM
947 1782 1127 1813 LVMINE
1158 1782 1270 1813 VITA
1307 1782 1532 1820 RELIQVIT
1572 1769 1692 1825 quia,
1732 1771 1780 1811 ut

67 1838 251 1881 diximus
283 1838 447 1894 (724),
488 1840 674 1883 occurrii
711 1841 864 1883 debere
905 1856 976 1883 eas
1016 1841 1164 1883 statim
1202 1844 1303 1897 post
1340 1855 1494 1896 corpus
1533 1839 1778 1896 depositum

68 1910 206 1952 redire
238 1910 283 1951 in
317 1925 440 1952 suum
480 1911 685 1967 vigorem.
748 1914 792 1954 et
823 1912 927 1954 dicit
962 1927 1050 1955 non
1087 1927 1233 1968 posse:
1275 1927 1384 1967 quae
1422 1911 1535 1954 enim
1574 1911 1646 1953 diu
1678 1926 1776 1953 con—

64 1981 213 2024 iuncta
251 1984 352 2024 sunt
392 1982 574 2025 invicem
614 1997 659 2024 se
697 1985 847 2025 tenent
884 1986 926 2025 et
963 1983 1146 2025 trahunt
1188 1983 1394 2038 reliquias
1433 1982 1625 2026 sordium
1664 1982 1775 2024 anti-

62 2068 254 2108 quarum.

183 2125 279 2167 736.
328 2136 425 2168 NON
458 2136 617 2167 TAMEN
652 2137 780 2168 OMNE
812 2138 978 2169 MALVM
1010 2126 1141 2182 cedit,
1174 2126 1248 2168 sed
1280 2141 1365 2169 non
1399 2140 1543 2181 omne3
1575 2140 1677 2167 nam
1708 2139 1772 2166 re-

62 2198 207 2238 manet
251 2197 364 2252 quod
402 2202 450 2239 ut
493 2199 703 2253 purgetur
739 2212 912 2240 necesse
953 2200 1028 2240 est.
1091 2198 1190 2240 inde
1230 2200 1296 2240 esi:
1335 2197 1448 2252 quod
1486 2196 1590 2239 dicit
1626 2195 1771 2251 <655>

1799 2060 1845 2092 25

156 2354 176 2385 6
201 2361 407 2385 momnvrmA
433 2379 440 2386 .
464 2379 471 2386 .
495 2378 501 2385 .
529 2349 744 2397 morientia]
772 2350 818 2386 cf.
840 2350 933 2386 Gen.
956 2350 1083 2396 X1·15‚
1111 2351 1196 2387 Isid.
1218 2362 1269 2387 or.
1290 2351 1410 2387 X‘181
1431 2351 1444 2397 11
1465 2354 1508 2387 10
1535 2361 1579 2386 ex
1604 2348 1769 2396 corporis

61 2407 92 2432 e.
112 2409 147 2442 q.
169 2398 214 2444 8.]
243 2397 287 2433 ef.
315 2397 407 2433 Don.
434 2397 481 2432 ad
507 2398 589 2433 Ter.
615 2397 727 2434 Andr.
755 2398 787 2434 V
813 2403 846 2443 4,
873 2402 918 2434 34

154 2543 174 2574 3
200 2539 240 2574 in
265 2550 331 2576 om.
357 2540 410 2583 A,
435 2551 536 2586 supr.
562 2552 649 2577 vers.
677 2542 761 2577 add.
789 2553 812 2578 a
843 2543 854 2588 ΙΙ
884 2541 1098 2578 hominibus
1123 2541 1248 2579 ASO:
1276 2542 1448 2578 omnibus
1473 2542 1558 2577 RH
1566 2542 1615 2577 M
1650 2542 1768 2577 homi—

59 2597 124 2622 nes
150 2586 190 2621 F
205 2587 218 2633 ΙΙ
237 2587 400 2633 corporis
425 2587 461 2623 R
480 2589 492 2635 ΙΙ
512 2592 532 2623 5
559 2588 754 2636 hebetant]
783 2589 925 2625 hebant
950 2589 998 2635 F,
1025 2590 1127 2625 artus
1153 2591 1238 2626 add.
1260 2590 1354 2626 ΒΜ
1367 2591 1378 2636 ΙΙ
1401 2594 1444 2625 10
1470 2600 1665 2634 corporum
1687 2589 1737 2624 M
1756 2589 1768 2636 ΙΙ

60 2637 102 2669 11
129 2634 348 2671 hebitudine
368 2635 453 2670 AF
486 2635 727 2672 haebibudine
749 2637 799 2672 M
815 2638 827 2684 ΙΙ
848 2640 891 2672 12
918 2638 956 2672 et
981 2638 1072 2673 duas
1099 2649 1122 2673 a
1144 2638 1254 2674 malis
1281 2636 1445 2683 opinatis
1471 2648 1536 2672 om.
1554 2636 1584 2672 0
1599 2638 1611 2683 ΙΙ
1632 2641 1676 2672 13
1703 2637 1766 2672 do-

58 2681 135 2717 lore
161 2682 330 2718 RHFG
344 2683 356 2729 11
376 2682 449 2718 duo
475 2683 518 2718 H
533 2684 545 2730 ΙΙ
566 2687 610 2718 14
636 2684 728 2731 alia]
755 2685 874 2720 altera
900 2685 950 2719 M
965 2685 977 2732 ΙΙ
996 2683 1087 2721 item
1114 2713 1121 2721 .
1144 2714 1151 2722 .
1175 2713 1181 2720 .
1208 2686 1325 2721 fusuri
1351 2696 1417 2721 om.
1439 2685 1527 2720 HF
1542 2686 1555 2731 u
1574 2685 1767 2730 opiniones

59 2757 66 2764 .
89 2757 96 2765 .
119 2758 126 2765 .
153 2729 285 2776 futuri]
313 2731 408 2766 duae
434 2732 522 2766 sunt
547 2731 740 2776 opiniones
765 2732 886 2767 bonae
911 2743 986 2768 una
1010 2733 1217 2778 praesentis
1242 2733 1421 2778 temporis
1448 2733 1487 2767 ef,
1511 2733 1631 2768 altera
1649 2732 1767 2768 futuri

59 2777 108 2811 M
125 2778 136 2823 ΙΙ
158 2782 200 2814 16
227 2779 313 2813 sunb
338 2777 454 2813 animi
481 2779 511 2814 Ο
527 2779 538 2824 ΙΙ
565 2782 607 2814 17
635 2780 895 2825 segregatione
920 2779 1020 2815 facta
1048 2781 1097 2815 M
1114 2782 1125 2827 ΙΙ
1144 2781 1246 2816 facta
1270 2781 1387 2816 animi
1412 2791 1435 2816 a
1460 2791 1614 2826 corpore
1641 2791 1766 2826 segre-

56 2825 207 2869 gatione
240 2837 351 2870 quam
383 2827 540 2861 mortem
573 2837 652 2862 esse
685 2826 874 2863 diffiniunt
904 2825 1010 2863 λύσιν
1042 2825 1210 2873 σώματος
1242 2829 1307 2864 καὶ
1331 2828 1455 2873 ψυχῆς
1488 2828 1574 2864 add.
1600 2827 1640 2862 D
1669 2829 1681 2874 ΙΙ
1721 2831 1763 2862 18

55 2884 165 2909 Ανιωε
191 2872 237 2908 H
251 2874 263 2919 ῃ
288 2874 438 2908 coerent
464 2873 493 2908 Ο
516 2874 527 2919 ΙΙ
553 2874 769 2919 corporibus
795 2874 832 2910 R
870 2874 1036 2920 eorporis
1061 2875 1101 2910 F
1117 2877 1128 2922 ΙΙ
1162 2880 1204 2911 19
1232 2876 1361 2922 quam]
1395 2887 1486 2921 quas
1513 2874 1544 2911 G
1559 2876 1570 2921 ΙΙ
1595 2874 1762 2921 vocavit]

57 2919 201 2956 scilicet
226 2919 428 2956 coelestem
454 2921 493 2955 et
518 2920 684 2957 diuinam
711 2923 794 2958 add.
823 2921 1024 2958 Fabricius
1049 2924 1061 2969 ss
1092 2927 1138 2959 20
1164 2923 1444 2959 definitionesur
1470 2923 1558 2958 sunt
1583 2922 1624 2957 F
1645 2924 1656 2969 ΙΙ
1686 2933 1763 2957 cor-

56 2967 172 3014 poris]
210 2978 296 3003 nam
334 2968 459 3014 graeci
491 2967 609 3012 δέμας
640 2970 745 3014 quasi
777 2967 916 3015 δεσμόν
952 2982 1085 3016 corpus
1117 2972 1255 3006 uocant
1285 2970 1394 3016 quasi
1424 2970 1619 3006 uinculum·
1648 2969 1761 3005 animi

57 3015 156 3059 quod
182 3016 239 3050 est
262 3015 340 3061 ligo
365 3017 450 3051 add.
471 3015 510 3050 D
529 3017 540 3062 ΙΙ
560 3020 603 3051 21
631 3029 794 3065 anensem*
822 3017 880 3064 011
905 3022 949 3053 22
977 3018 1141 3062 corporis
1167 3018 1212 3053 H
1226 3019 1237 3065 ΙΙ
1262 3021 1306 3053 23
1332 3016 1454 3053 redire
1481 3045 1489 3052 .
1510 3046 1518 3054 .
1542 3046 1548 3052 .
1574 3016 1758 3063 vigorem]

55 3061 95 3096 in
120 3073 227 3098 suum
251 3062 418 3108 uigorem
445 3063 582 3099 reuerti
609 3064 658 3098 M
675 3065 686 3110 ΙΙ
705 3066 744 3100 et
768 3064 861 3100 dicit
885 3076 951 3101 om.
972 3066 1017 3100 H
1032 3067 1044 3112 u
1069 3069 1115 3101 24
1141 3065 1334 3101 sordidum
1359 3065 1404 3100 H
1418 3067 1430 3112 ss
1457 3070 1502 3101 26
1529 3065 1643 3110 cedit]
1673 3075 1760 3099 con-

58 3107 114 3144 dit
133 3110 178 3144 H
210 3109 311 3145 cedit
336 3109 487 3156 quidem
514 3112 737 3156 exewmlaria
760 3113 936 3158 impressa
955 3117 1103 3158 praeter
1123 3113 1394 3148 Fabricianum
1411 3113 1424 3159 ΙΙ
1443 3117 1487 3149 27
1514 3114 1557 3148 ui.
1580 3111 1680 3156 quod
1703 3110 1732 3146 S
1748 3110 1760 3157 Η

57 3202 99 3235 ub
123 3211 188 3236 om.
209 3202 259 3237 M
277 3204 289 3249 ΙΙ
313 3177 516 3249 pssrgentur
541 3206 581 3239 F
614 3208 820 3253 purgentur
846 3208 877 3243 Ο
892 3210 904 3254 ΙΙ
928 3207 1014 3244 iude
1041 3208 1113 3254 est]
1139 3207 1235 3242 unde
1262 3209 1320 3243 esi.
1344 3209 1384 3243 et
1410 3208 1458 3242 M
