2092 3614
548 233 699 271 COMM.
726 234 781 271 IN
805 234 948 272 VERG.
974 234 1086 270 AEN.
1114 235 1165 270 XI
1191 239 1392 273 599-627.
1739 234 1823 277 551

234 343 333 385 604.
382 355 477 386 ALA
509 355 746 387 CAMILLAE
785 344 1016 399 equitatus.
1078 344 1203 387 ‘alae'
1240 347 1385 387 autem
1418 336 1616 387 dicuntur
1648 345 1827 400 equites,

114 414 227 470 quod
259 415 426 458 alarum
458 416 548 458 vice
581 416 820 471 pedestrem
854 416 1089 458 exercitum
1121 418 1289 472 tegunt.

233 487 333 530 605.
388 504 617 535 HASTASQVE
645 505 723 530 ΗΕΒ
732 504 838 530 rorls
867 490 963 530 ante
994 487 1128 530 oeulos
1149 488 1292 541 posita
1322 488 1549 542 descriptio.

234 559 332 602 608.
381 571 527 602 INTRA
559 570 736 602 IAOTVM
769 570 878 601 TELI
917 559 1027 601 unde
1058 559 1198 614 possit
1228 558 1357 601 hasta
1390 560 1547 602 emissa
1578 560 1623 601 in
1655 560 1827 603 hostem

113 631 270 673 venire.
331 631 432 673 hinc
457 631 607 688 traxit
638 630 801 673 Statius
842 633 891 672 ut
922 631 1084 673 diceret
1115 631 1266 686 quale
1298 633 1482 686 quater
1512 632 1680 675 iaculo
1714 647 1825 687 spa-

112 702 242 745 tium
279 705 358 745 ter
393 703 684 745 harundine
723 702 911 745 vincas.
974 704 1018 745 et
1048 702 1253 745 Enniana
1286 706 1352 744 est
1384 703 1523 745 omnis
1556 703 1662 746 haec
1695 704 1826 746 ambi-

111 774 226 816 tiosa
256 774 502 829 descriptio.

231 846 329 887 609.
379 862 516 889 svfflro
545 845 783 888 adverbium
813 848 893 888 est:
926 859 984 887 ari
1016 844 1162 888 ‘subito
1193 845 1416 888 elamore'?
1447 850 1486 889 et
1509 850 1568 889 est
1590 861 1729 890 versus
1753 847 1824 902 hy-

104 920 340 971 permetros.

231 989 330 1031 612.
382 1005 574 1032 oozvmvvo
603 1006 656 1031 AD
666 1005 799 1032 VERsts
828 988 895 1031 hic
923 989 1112 1043 specialis
1135 1003 1283 1045 puyna
1313 993 1380 1032 est.

230 1060 330 1104 615.
371 1077 676 1108 PERFRACTAQVE
702 1078 870 1104 PECTORA
899 1078 1082 1104 merome
1092 1077 1134 1104 VS
1157 1078 1348 1105 RVMPVNT
1360 1075 1443 1116 pro
1469 1061 1685 1117 ‘rumpunt
1707 1076 1824 1116 prae-

107 1124 323 1187 fractaque
350 1131 542 1186 faciunt'.

231 1204 329 1247 617.
379 1215 687 1246 PRAECIPITAT
720 1218 799 1259 pro
832 1203 1190 1259 ‘praecipitatur'.

230 1276 328 1318 619.
378 1287 601 1318 REICIVNT
622 1287 802 1319 PARMAs
822 1288 882 1318 ET
901 1287 1052 1327 EQVOS
1075 1288 1139 1319 AD
1160 1288 1339 1320 MOENIA
1359 1289 1581 1320 VERTVNT
1610 1277 1823 1320 ‘reiciunt'

110 1351 226 1390 retro
260 1349 409 1404 agunt,
440 1348 501 1390 vel
532 1351 755 1390 retrorsum
784 1348 943 1401 ferunt,
973 1352 1021 1391 ut
1050 1350 1275 1392 cedentium
1307 1353 1420 1404 terya
1450 1350 1615 1391 munita
1645 1350 1747 1401 siut,
1778 1353 1825 1392 ut

108 1421 193 1473 ipse
231 1418 377 1475 <630>
416 1419 489 1462 bis
530 1420 704 1462 reiecti
741 1420 899 1462 armis
941 1423 1221 1474 respectant
1262 1424 1398 1476 terya
1442 1424 1665 1475 teyeutes.
1722 1437 1823 1464 sane

108 1505 221 1533 nunc
263 1490 456 1546 fugiunt,
500 1505 586 1532 non
630 1490 802 1542 timore,
850 1490 925 1533 sed
969 1491 1064 1546 lege
1103 1491 1362 1546 proeliandi:
1409 1491 1641 1535 Sallustius
1685 1508 1822 1536 more

110 1562 366 1618 equestris
405 1562 594 1617 proelii
633 1563 855 1618 sumptis
893 1563 1059 1619 tergis
1093 1578 1147 1605 ac
1179 1563 1413 1606 redditis,
1476 1563 1655 1619 ‘parma'
1686 1569 1823 1608 autem

108 1638 167 1677 est
195 1637 371 1688 equestre
400 1637 570 1677 scutum.

228 1707 327 1749 622.
375 1717 552 1749 MOLLIA
584 1705 763 1760 domita,
795 1705 1058 1748 domitorum
1092 1706 1258 1749 scilicet
1288 1720 1494 1761 equorum.

230 1777 329 1821 625.
380 1789 649 1821 SVPERIAOIT
670 1789 838 1822 VNDAM
866 1792 994 1833 super
1021 1779 1222 1834 scopulos
1249 1779 1409 1822 undam
1429 1779 1551 1822 iacit:
1582 1794 1682 1822 nam
1704 1795 1823 1823 more

110 1866 188 1894 suo
221 1850 339 1894 dedit
370 1850 502 1892 verbo
535 1849 776 1892 detractam
807 1849 972 1892 nomini
1003 1850 1383 1905 praepositionem.

228 1922 327 1966 626.
377 1938 673 1972 EXTREMAMQJ'E
704 1923 906 1975 quantum
936 1922 994 1963 ad
1022 1935 1137 1964 marc
1165 1922 1361 1976 pertinet:
1392 1937 1493 1965 uam
1525 1926 1655 1966 terrae
1682 1924 1823 1977 prima

108 1999 175 2039 est.
297 2006 401 2037 SINV
447 1993 696 2035 curvatione
740 1995 784 2035 et
827 1992 940 2036 flexu
985 1993 1208 2036 undarum.
1272 1993 1540 2037 ‘extremam'
1584 1997 1725 2037 autem
1768 1995 1821 2037 ad

108 2066 211 2109 illud
252 2066 439 2122 pertinet
477 2065 591 2121 quod
630 2064 692 2107 ait
730 2079 862 2120 supra
894 2064 1040 2119 <623>
1072 2066 1385 2121 penitusque
1418 2066 1558 2109 datis
1591 2065 1820 2108 referun-

107 2140 191 2180 tur
221 2138 452 2180 habenis.

228 2209 327 2252 627.
375 2220 522 2251 AEs'rv
554 2219 802 2251 REVOLVTA
834 2220 1102 2252 RESORBENS
1136 2220 1256 2251 SAXA
1289 2221 1433 2252 FVGIT
1471 2211 1616 2252 aestus
1648 2209 1820 2264 proprie

109 2283 175 2324 est
205 2280 336 2323 maris
372 2280 538 2323 incerta
570 2279 819 2322 commotio.

208 2425 225 2456 1
253 2421 336 2457 alae
364 2448 370 2456 .
392 2448 400 2456 .
423 2450 431 2457 .
456 2420 606 2467 tegunt]
633 2420 678 2456 cf.
706 2420 800 2456 Gell.
828 2419 913 2457 XVI
938 2425 972 2467 4,
999 2426 1019 2458 6
1038 2421 1051 2467 ΙΙ
1083 2425 1104 2457 5
1130 2420 1290 2469 Statius]
1317 2421 1433 2457 Theb.
1461 2421 1512 2457 VI
1537 2422 1638 2467 35411
1671 2424 1714 2456 18
1740 2420 1818 2457 Sal-

109 2468 259 2516 lustius]
286 2468 373 2505 hist.
398 2468 470 2505 inc.
497 2472 540 2504 55
566 2468 622 2512 D.‚
649 2472 693 2503 21
720 2468 782 2504 Kr.

205 2604 228 2635 4
254 2600 350 2647 rrum]
376 2599 615 2635 Homericum
643 2602 700 2636 est
727 2599 796 2636 ἔσω
826 2599 957 2648 βέλους
983 2601 1067 2636 add.
1088 2601 1128 2635 D
1146 2602 1158 2647 ΙΙ
1190 2605 1210 2636 5
1237 2602 1280 2636 ut
1304 2599 1445 2635 diceret
1470 2611 1536 2635 om.
1563 2600 1604 2635 F
1620 2601 1632 2647 ΙΙ
1656 2600 1818 2646 spatium

110 2649 232 2684 iaculo
260 2648 378 2683 ASF
412 2648 424 2693 ΙΙ
461 2651 482 2682 6
515 2647 693 2682 arundine
724 2647 893 2683 uindices
918 2648 992 2683 AS
1029 2647 1236 2684 harundine
1265 2650 1385 2683 metas
1411 2648 1447 2682 R
1483 2647 1731 2683 harundinem
1756 2658 1819 2683 eas

110 2695 208 2731 HM
239 2696 251 2742 ΙΙ
288 2698 326 2730 et
351 2694 511 2730 enniana
541 2696 599 2730 est
629 2694 703 2730 ista
731 2694 852 2731 omnis
878 2695 971 2731 haec
996 2697 1074 2730 tam
1101 2695 1294 2741 discriptio
1320 2694 1512 2731 breuisF
1547 2697 1585 2730 et
1609 2694 1649 2729 E.
1678 2707 1707 2730 c.
1734 2695 1757 2731 1.
1785 2707 1818 2730 ο.

110 2744 188 2778 tam
212 2743 336 2778 brevis
363 2740 566 2787 descriptio
592 2742 731 2778 Daniel
761 2744 773 2790 ΙΙ
804 2746 825 2778 8
851 2744 900 2778 ad
926 2755 1049 2778 svm‘ro
1073 2754 1101 2778 s.
1127 2755 1159 2779 v.
1186 2744 1252 2778 aut
1277 2742 1496 2779 aduerbium
1522 2744 1580 2778 est
1603 2742 1670 2778 aut
1695 2742 1818 2778 subito

111 2791 273 2827 clamore
298 2790 329 2824 Τ
346 2791 358 2837 ΙΙ
377 2791 434 2825 est
459 2800 525 2825 om.
550 2788 584 2824 G
603 2791 615 2836 ΙΙ
633 2792 845 2835 ypermetos
866 2790 907 2825 F
922 2792 934 2837 ΙΙ
962 2794 1005 2825 10
1030 2791 1080 2826 ad
1105 2803 1278 2827 cowmzvo
1303 2802 1330 2826 s.
1351 2803 1382 2825 v.
1403 2789 1576 2835 specialis
1602 2802 1730 2836 pugna
1752 2790 1785 2824 Τ
1808 2790 1819 2835 Η

111 2850 261 2873 Anvnnffl
288 2838 328 2872 F
361 2839 374 2883 ΙΙ
413 2842 454 2872 11
482 2838 532 2872 ad
555 2849 718 2872 Rvupvm-
743 2849 771 2873 s.
797 2849 828 2873 v.
855 2838 894 2872 id
919 2838 977 2873 est
1000 2837 1211 2883 praefracta
1235 2839 1379 2874 faciunt
1405 2838 1438 2872 T
1472 2840 1484 2884 ΙΙ
1520 2849 1819 2877 rnfflrnAcu-Aqu:

111 2887 249 2921 Daniel
268 2887 280 2932 ΙΙ
298 2897 365 2930 pro
392 2896 457 2920 om.
473 2885 611 2920 Daniel
629 2885 642 2930 ΙΙ
660 2884 946 2930 perfractaquae
966 2885 1106 2921 Daniel
1123 2887 1135 2932 ΙΙ
1156 2890 1200 2922 14
1226 2887 1274 2922 ad
1292 2899 1456 2921 nmcwsr
1481 2897 1507 2922 s.
1529 2897 1560 2920 v.
1582 2887 1680 2921 retro
1701 2887 1820 2930 agunt

110 2935 152 2968 ut
178 2932 389 2968 cedentium
414 2934 523 2977 terga
548 2932 693 2967 munita
718 2932 793 2968 sint
814 2933 847 2967 Τ
863 2934 876 2977 ΙΙ
898 2935 940 2966 15
965 2933 1156 2969 edentium
1174 2933 1214 2968 F
1229 2936 1241 2979 ss
1260 2934 1367 2979 terga
1387 2960 1394 2967 .
1417 2961 1424 2967 .
1446 2961 1453 2968 .
1474 2934 1688 2979 respectant
1713 2935 1819 2978 terga

110 2991 176 3016 om.
208 2980 242 3015 G
265 2982 278 3025 ΙΙ
309 2983 396 3016 sunt
421 2979 461 3015 F
483 2981 495 3025 ΙΙ
528 2984 571 3015 16
596 2982 784 3024 tergentes
810 2980 844 3015 G
868 2981 880 3027 ΙΙ
913 2983 956 3015 19
982 2981 1154 3025 equestre.
1179 2983 1322 3016 scutam
1350 2980 1391 3015 F
1412 2982 1423 3026 ΙΙ
1455 2985 1500 3016 20
1525 2981 1677 3016 domina
1702 2981 1817 3016 domi-

110 3039 242 3063 norum
256 3028 293 3063 R
311 3029 323 3075 ΙΙ
342 3028 617 3063 dominatorum
632 3026 672 3062 F
687 3028 699 3072 ΙΙ
718 3026 863 3063 scilicet
881 3038 947 3062 om.
962 3027 1002 3062 F
1018 3029 1030 3074 ΙΙ
1049 3027 1210 3075 scilicet]
1238 3029 1301 3073 qui
1326 3028 1436 3063 facile
1462 3027 1662 3064 flectuntur
1681 3029 1765 3063 add.
1779 3027 1818 3062 D

113 3077 121 3121 11
147 3079 192 3110 22
219 3075 428 3111 detractum
455 3075 569 3110 uerbo
595 3074 756 3110 nominis
782 3074 822 3109 F
850 3076 862 3121 ΙΙ
893 3079 938 3110 23
965 3076 1014 3111 ad
1037 3088 1297 3116 EXTBEMAMQVE
1322 3087 1348 3110 s.
1375 3087 1396 3110 v
1434 3078 1615 3121 quantum
1642 3076 1688 3110 ad
1714 3086 1816 3110 mare

111 3122 274 3168 pertinet
298 3123 386 3168 quia
410 3123 530 3168 prima
557 3123 613 3157 est
638 3123 759 3157 terrae
783 3122 816 3156 Τ
829 3122 841 3168 ΙΙ
860 3134 1117 3163 nxrssmunqvn
1138 3124 1172 3159 G
1190 3125 1202 3169 ΙΙ
1222 3128 1267 3158 24
1287 3124 1493 3159 extremum
1512 3123 1601 3158 RH
1615 3125 1627 3167 ΙΙ
1646 3127 1690 3158 28
1717 3133 1816 3157 com-

112 3170 246 3216 motio]
273 3171 471 3206 crescentis
490 3171 529 3205 et
548 3168 795 3206 decrescentis
815 3170 912 3205 unde
933 3170 1119 3206 aestuaria
1137 3172 1253 3207 dicta:
1282 3171 1432 3215 plantus
1456 3170 1495 3206 in
1516 3169 1700 3206 aulularia
1726 3169 1815 3214 ‘quo

113 3216 233 3264 magis
258 3218 296 3252 te
321 3217 359 3252 in
385 3218 504 3253 altum
530 3217 695 3263 capessis
720 3219 846 3254 aestus
871 3218 909 3253 te
934 3217 975 3252 in
997 3219 1147 3264 portum
1172 3218 1301 3254 refert'
1330 3218 1414 3254 add.
1435 3218 1475 3253 D

1852 639 1873 672 5

1853 998 1897 1030 10

1852 1356 1895 1388 15

1848 1715 1894 1747 20

1848 2072 1892 2105 25
