2092 3614
338 274 425 315 254
1110 273 1270 309 SERVII

336 383 458 424 cende
488 383 590 436 quid
617 383 737 425 aliud
765 383 869 437 aqit,
899 396 1024 436 quam
1053 386 1101 424 ut
1129 386 1316 425 sacratae
1339 382 1550 436 reliyionis
1574 395 1695 424 usum
1721 382 1876 424 tribuat
1899 382 2044 424 antisti

335 467 359 493 *
373 454 516 495 divina
548 454 801 505 communia,
831 456 967 507 utpote
996 468 1115 507 quem
1145 455 1269 495 etiam
1291 453 1526 507 pontificali
1555 452 1704 495 honore
1726 456 2045 507 nuncupaverat,

332 525 473 567 dicens
505 525 649 581 <470>
681 525 874 568 ‘maxime
908 524 1155 566 Teucrorum
1185 523 1369 566 ductor':
1406 538 1532 578 neque
1562 525 1671 566 enim
1700 526 1801 578 quia
1831 525 1972 566 ductor
2002 537 2044 566 eo

336 597 563 651 maximus,
593 597 663 638 sed
690 598 790 650 quia
821 597 1030 638 maximus
1061 610 1103 637 eo
1117 610 1139 634 *
1171 597 1324 638 omnia.
1372 597 1507 650 reqiae
1531 599 1667 637 autem
1696 597 1831 637 verius
1861 596 2047 637 meminit

290 675 310 706 5
336 668 502 710 dicendo
533 667 649 710 ‘tecta
679 668 871 710 subibant
893 668 1093 721 pauperis
1124 667 1337 709 Euandri'
1370 665 1447 724 (et)
1480 666 1923 726 ζ1ἱῒωηανι()ςῃιᾳῘΰονοῆ·
1954 667 2046 720 quis

336 740 445 780 enim
476 740 641 794 iynorat
669 740 842 793 reyiam,
874 739 945 780 ubi
976 739 1121 780 Numa
1150 739 1410 793 habitaverit,
1443 740 1491 780 in
1521 739 1729 781 radicibus
1759 738 1920 781 Palatii
1949 738 2045 788 fini-

336 810 486 863 busque
521 810 706 853 Romani
740 811 826 863 fori
863 810 976 852 esse?
1107 821 1277 853 VlcToR
1316 821 1514 853 ALCIDES
1555 821 1707 852 svmrr
1745 806 2046 864 εὐσυμβόλως,

335 880 380 922 id
412 884 478 923 est
510 882 670 924 bonum
704 881 876 924 Aeneae
909 896 1035 923 omen
1068 882 1331 924 ostenditur:
1372 882 1504 924 Varro
1536 882 1645 923 enim
1675 883 1913 924 divinarum
1944 881 2047 923 libro

337 969 393 994 IV.
426 952 625 994 Victorem
650 953 871 995 Herculem
888 956 1015 1006 putat
1037 954 1209 1008 dictum,
1241 954 1349 1007 quod
1371 967 1488 995 omne
1508 967 1636 1007 yenus
1660 953 1910 995 animalium
1935 953 2045 994 dein-

268 1031 312 1062 10
337 1036 425 1076 ceps
461 1025 611 1066 vicerit.
672 1026 743 1066 sed
778 1023 934 1065 Romae
973 1023 1145 1066 Victoris
1183 1024 1377 1067 Herculis
1414 1025 1530 1065 aedes
1566 1024 1671 1065 duae
1712 1027 1825 1078 sunt,
1867 1037 1955 1065 una
1991 1023 2049 1064 ad

329 1098 498 1148 portam
525 1096 804 1149 triqeminam,
828 1095 917 1136 alia
942 1095 999 1136 ad
1019 1095 1159 1147 forum
1185 1095 1394 1137 boarium:
1410 1096 1540 1155 'cuius
1565 1095 1779 1137 commenti
1802 1107 1928 1136 causa
1952 1093 2048 1136 haec

336 1167 562 1219 eoeponitur.
625 1167 801 1208 Marcus
833 1165 1025 1207 Octavius
1055 1166 1298 1208 Hersennus
1333 1168 1379 1208 in
1412 1167 1556 1221 prima
1586 1167 1860 1209 adulescentia
1891 1166 2060 1216 tibicen,⁴

335 1240 551 1290 postquam
591 1239 676 1279 arti
714 1251 814 1279 suae
848 1237 1013 1290 diffisus
1049 1240 1122 1292 est,
1162 1241 1438 1280 mercaturam
1478 1239 1667 1280 instituit.
1728 1238 1822 1280 bene
1858 1252 1902 1279 re
1933 1240 2047 1291 qesta

337 1308 536 1350 decimam
563 1309 737 1351 Herculi
762 1309 923 1351 dicavit.
963 1301 1111 1362 postea
1128 1322 1220 1350 cum
1244 1310 1448 1363 naviqans
1473 1309 1544 1351 hoc
1567 1310 1675 1351 idem
1699 1313 1849 1363 aqeret‚
1881 1323 1909 1351 a
1924 1322 2045 1363 prae-

268 1388 311 1419 15
337 1379 510 1421 donibus
550 1380 846 1422 circumventus
881 1379 1107 1431 fortissime
1135 1381 1342 1434 puqnavit
1350 1383 1416 1443 ,et
1451 1381 1575 1422 victor
1615 1382 1784 1423 recessit.
1845 1394 1963 1434 quem
2001 1380 2049 1421 in

336 1450 493 1491 somnis
530 1451 728 1493 Hercules
764 1452 900 1493 docuit
934 1465 1013 1493 sua
1051 1465 1173 1505 opera
1209 1455 1425 1494 servatum.
1487 1452 1554 1493 cui
1587 1450 1794 1505 Octavius,
1833 1453 2049 1506 impetrato

337 1535 365 1563 a
395 1523 706 1575 maqistratibus
737 1523 831 1576 loce,
862 1523 1001 1564 aedem
1031 1536 1123 1564 cum
1153 1523 1269 1577 siqno
1300 1524 1480 1565 sacravit
1509 1526 1547 1564 et
1578 1522 1777 1565 Victorem
1809 1524 1952 1565 incisis
1983 1522 2050 1564 lit-

339 1593 436 1634 teris
466 1593 698 1648 appellavit.
761 1608 852 1647 erqo
891 1593 1116 1647 Vergilium
1154 1608 1238 1636 non
1275 1598 1436 1636 tantum
1472 1595 1529 1636 ad
1557 1595 1771 1637 victoriam
1793 1597 2049 1648 praesentem

337 1664 525 1705 victorem
563 1665 732 1719 dixisse,
769 1666 839 1706 sed
868 1661 1015 1706 ecculte
1037 1669 1232 1719 perpetuo
1264 1652 1351 1708 eius
1381 1666 1550 1722 epitheto
1580 1680 1701 1708 usum
1733 1666 1916 1708 debemus
1946 1666 2050 1707 acci-

267 1744 313 1775 20
331 1748 446 1789 pere,
477 1736 623 1789 quippe
653 1750 770 1789 quem
802 1735 958 1778 Romae
988 1737 1061 1778 sub
1091 1737 1163 1779 hoc
1194 1738 1359 1779 nomine
1388 1741 1597 1780 sacratum
1627 1738 1704 1779 coli
1734 1737 1914 1787 videbat;
1950 1749 2050 1778 nam

337 1819 467 1859 supra
497 1807 561 1847 ait
592 1806 735 1861 (203)
769 1810 1032 1860 taurosque
1062 1808 1150 1850 hac
1182 1810 1338 1850 victor
1368 1809 1557 1863 aqebat,
1597 1823 1689 1850 cum
1719 1809 1767 1850 de
1788 1821 1935 1862 puyna
1964 1808 2051 1849 eius

337 1877 426 1919 alia
467 1878 704 1931 loqueretur.
765 1892 865 1920 sane
903 1878 968 1920 hic
1011 1878 1175 1921 ‘subiit'
1214 1881 1333 1922 iuxta
1371 1894 1493 1922 usum
1525 1883 1782 1933 praesentem
1824 1879 2050 1928 accusativo

338 1949 495 2002 iunxit,
536 1962 628 1991 cum
666 1949 836 2002 antiquo
868 1964 979 1992 more
1009 1951 1111 1993 alibi
1141 1951 1276 1993 dativo
1309 1952 1507 2002 iunxerit,
1545 1954 1593 1992 ut
1622 1950 1767 2006 <125>
1792 1950 2051 2004 proyressi

337 2019 547 2062 subeunt
577 2020 694 2062 luco.
806 2037 917 2063 cmm·
944 2023 1047 2063 mire
1077 2023 1202 2074 dixit,
1232 2026 1279 2064 ut
1309 2022 1412 2065 alibi
1444 2020 1535 2077 <IX
1561 2021 1676 2076 641>
1708 2035 1793 2063 nec
1824 2025 1865 2063 te
1899 2021 2052 2063 Troia

269 2100 314 2131 25
343 2091 489 2144 capit.
1688 2104 1690 2106 ’

459 2163 558 2205 364.
608 2174 733 2205 AVDE
765 2175 941 2207 HosPEs
974 2176 1292 2207 GONTEMNERE
1322 2176 1435 2207 opes
1468 2165 1577 2206 bene
1612 2164 1774 2219 ‘aude'‚
1806 2164 1930 2219 quasi
1961 2178 2050 2205 rem

341 2233 523 2275 arduam
549 2236 592 2275 et
617 2233 849 2277 difficilem.
941 2253 1051 2279 AVDE
1079 2253 1225 2279 HOSPES
1255 2234 1508 2280 oozv'mmvmss
1539 2253 1630 2278 omes
1657 2237 1743 2277 ideo
1768 2236 1876 2277 dixit
1900 2233 2049 2288 ‘aude',

345 2308 557 2358 tamquam
586 2306 735 2347 virtute
764 2319 865 2360 opus
895 2307 951 2349 sit
979 2308 1115 2349 animi
1138 2311 1177 2349 et
1199 2308 1256 2349 ad
1279 2307 1556 2361 expellendum
1587 2319 1768 2348 amorem
1798 2306 2051 2348 divitiarum.

441 2448 462 2480 8
489 2445 606 2480 Varro
634 2446 731 2480 enim
758 2457 788 2481 e.
816 2457 850 2490 q.
878 2446 924 2492 s.]
951 2446 996 2482 ef.
1024 2440 1187 2482 Macrolss.
1215 2446 1290 2483 Sat.
1319 2447 1371 2482 III
1397 2451 1431 2490 6,
1457 2451 1477 2482 9
1499 2458 1577 2492 sqq.

444 2580 461 2610 1
491 2575 635 2621 antisti]
665 2577 835 2611 lacunam
859 2577 1083 2622 significavit
1107 2577 1255 2612 Daniel.
1306 2577 1469 2613 antistiti
1494 2578 1532 2613 et
1557 2577 1683 2612 divina
1709 2576 1921 2614 communia
1947 2576 2051 2612 Mas·

283 2657 285 2659 ,
347 2624 482 2665 vicius;
508 2624 569 2659 sed
594 2634 735 2658 versum
757 2625 880 2669 potius
905 2635 1013 2669 quam
1037 2625 1184 2660 verbum
1209 2626 1435 2660 intercidisse
1454 2629 1566 2671 puto.-
1591 2626 1632 2660 id
1656 2626 1752 2670 quod
1776 2625 1950 2668 facillime
1973 2624 2054 2667 fieri

342 2672 466 2715 potuit
473 2685 487 2714 ;
511 2682 598 2706 narn
623 2672 720 2706 tanti
744 2673 901 2707 ambitus
926 2672 1100 2706 scholium
1125 2673 1292 2708 dubitari
1316 2684 1391 2708 non
1410 2676 1528 2718 potest
1552 2674 1643 2717 quin
1667 2673 1710 2707 in
1734 2683 1772 2708 eo
1798 2682 1935 2717 quoque
1960 2672 2053 2706 libro

348 2729 391 2752 ex
416 2729 486 2763 quo
512 2718 763 2754 Floriacensis
788 2719 988 2764 descriptus
1020 2723 1071 2755 est
1094 2720 1349 2756 minutissimis
1375 2724 1407 2755 et
1432 2721 1564 2755 litteris
1588 2724 1621 2755 et
1646 2719 1826 2755 linearum
1850 2719 2054 2755 intervallis

348 2767 524 2810 scriptum
547 2766 672 2810 fuerit.
705 2767 750 2810 cf.
772 2767 893 2812 praef.
915 2778 954 2810 p.
981 2765 1044 2801 LX
1069 2768 1081 2813 ΙΙ
1112 2771 1134 2801 4
1160 2779 1203 2803 eo
1228 2767 1315 2803 offla
1340 2767 1386 2804 F.
1419 2771 1505 2812 post
1531 2767 1654 2803 omnia
1679 2768 1850 2802 lacunam
1874 2766 2055 2802 indicavit

348 2813 497 2848 Daniel.
542 2823 586 2849 eo
613 2813 740 2848 omnia
763 2813 862 2859 regit
886 2813 1101 2849 Masvicius.
1140 2816 1230 2850 mihi
1254 2816 1319 2850 hoc
1343 2816 1417 2858 fere
1441 2816 1544 2850 modo
1570 2816 1748 2850 sententia
1771 2814 1976 2859 supplenda
1999 2813 2052 2847 vi·

348 2861 454 2894 detur
487 2860 552 2895 sed
578 2860 667 2906 quia
692 2861 873 2896 maximus
898 2872 941 2896 eo
975 2862 1354 2906 (duem-:maximus
1386 2866 1512 2898 autem
1545 2861 1634 2907 quia
1665 2861 1832 2907 pontifex
1859 2860 1923 2905 qui
1948 2861 2054 2894 curat

349 2909 469 2951 sacra)
489 2908 625 2943 omnia.
652 2909 698 2952 cf.
719 2909 768 2944 ad
787 2920 818 2946 v.
834 2912 902 2943 4⁹10
921 2909 934 2953 ΙΙ
954 2913 972 2943 7
994 2907 1116 2943 uictor
1134 2909 1420 2945 autem‘alcides
1441 2909 1557 2945 subiit
1573 2909 1613 2944 F
1628 2911 1640 2953 ΙΙ
1659 2908 1894 2954 eusymbolos
1914 2907 2004 2941 AH
2007 2907 2056 2941 M

349 2954 575 2989 eusimbolos
600 2955 636 2989 R
674 2956 910 3002 eusymbolus
936 2955 965 2990 S
1001 2956 1229 2992 eusimbolus
1256 2958 1290 2991 L
1328 2968 1542 2992 evcmssoaexoc
1567 2956 1607 2991 F
1628 2957 1639 3003 ΙΙ
1668 2960 1688 2991 8
1714 2955 1811 2990 libro
1836 2953 1881 2990 V.
1910 2954 2073 2990 Merke--

350 3002 423 3036 lius
441 3003 562 3046 praef.
589 3004 639 3037 ad
667 3003 770 3039 Ovid.
796 3004 881 3046 fast.
903 3014 941 3048 p.
970 3001 1119 3037 CXVIII
1137 3004 1149 3049 ss
1175 3008 1195 3038 9
1222 3004 1398 3050 deinceps
1423 3005 1572 3049 scripsi:
1600 3004 1724 3038 dicens
1751 3001 1791 3036 F
1825 3001 1948 3036 decies
1974 3001 2052 3036 Da-

349 3049 423 3084 niel
440 3050 453 3096 ΙΙ
473 3053 517 3084 10
543 3050 653 3084 aedes
679 3051 790 3097 duae]
819 3050 967 3095 aedesq:
993 3049 1034 3084 F
1049 3051 1061 3096 ΙΙ
1082 3054 1123 3084 11
1152 3051 1270 3086 altera
1288 3052 1427 3087 Daniel
1445 3053 1457 3097 ΙΙ
1487 3055 1529 3085 12
1556 3051 1710 3086 octauus
1738 3049 1777 3083 F
1792 3051 1804 3095 ΙΙ
1823 3048 2052 3094 Hersennus]

348 3096 535 3132 Herrenus
562 3097 756 3133 Macrobii·
777 3099 864 3134 libri
906 3096 1106 3133 Eserninus
1140 3099 1346 3134 Masvicius
1381 3100 1394 3143 ΙΙ
1428 3098 1582 3133 tibicem
1608 3097 1648 3131 F
1680 3098 1693 3143 ΙΙ
1731 3101 1773 3131 13
1801 3095 1942 3130 difusus
1969 3095 2010 3130 F
2042 3094 2054 3142 Η

351 3147 395 3179 16
420 3144 604 3190 imperato
624 3144 665 3178 F
680 3146 692 3191 n
714 3150 755 3180 17
782 3145 928 3181 incissis
947 3144 988 3179 F
1003 3145 1015 3191 ΙΙ
1034 3148 1079 3179 22
1106 3145 1295 3180 aeusatiuo
1316 3146 1356 3180 F
1371 3146 1384 3191 ΙΙ
1403 3150 1446 3180 27
1474 3144 1664 3180 difficilem
1684 3154 1772 3189 opes
1793 3144 2053 3188 contempnere

349 3203 438 3227 nam
462 3191 547 3274 ἰᾱῧο
574 3190 669 3275 ᾶὶιέἰίῑ
699 3193 794 3228 aude
825 3195 1020 3237 tamquam
1045 3192 1086 3227 F
1108 3193 1249 3238 (lemma
1273 3193 1455 3239 supplevi,
1479 3202 1566 3226 nam
1591 3192 1718 3237 delevi)
1750 3201 1838 3236 opes
1865 3218 1873 3226 .
1896 3218 1904 3226 .
1924 3218 1931 3226 .
1959 3189 2054 3226 aude

351 3239 474 3274 omisit
538 3238 623 3275 wnie
1054 3261 1057 3262 ν
