2124 3600
373 269 459 311 122
1148 271 1311 308 SERVII

369 393 451 420 res
482 379 760 435 laudanda,
793 379 878 422 sed
911 395 1026 436 spes
1059 382 1149 422 est.
1263 391 1354 422 NEC
1386 391 1577 423 ROMVLA
1610 392 1838 431 QVONDAM
1870 395 1947 436 pro
1975 380 2080 424 ‘Ro-

370 449 548 505 mulea'‚
590 453 641 493 ut
676 449 767 506 <IV
798 451 884 506 37>
924 465 1050 507 quos
1083 451 1262 493 Africa
1298 453 1436 493 terra
1474 452 1751 507 triumphis
1793 452 1932 495 dives
1975 452 2082 495 alit.

371 521 635 577 ‘quondam'
668 524 812 565 autem
844 524 991 577 potest
1023 524 1065 564 et
1096 522 1321 577 praeteriti
1354 537 1446 565 esse
1478 525 1522 565 et
1552 523 1697 565 futuri.

489 594 588 636 881.
638 605 858 636 FODERET
901 605 1188 637 CALGARIBVS
1230 605 1384 637 ARMOS
1419 594 1592 649 “speeies
1635 609 1714 648 pro
1759 608 1936 651 genere:
1982 598 2080 651 equi

323 672 343 703 5
370 663 546 707 ‘armos'
578 680 657 720 pro
690 680 800 721 equo
834 666 996 722 posuit3
1029 680 1117 708 non
1149 665 1261 707 enim
1292 667 1475 720 possunt
1506 665 1616 707 armi
1648 665 1885 708 calcaribus
1917 666 2018 709 fodi.

489 737 588 780 882.
638 747 759 779 FATA
785 748 962 779 ASPERA
994 748 1175 779 RVMPAS
1207 751 1335 792 posse
1369 737 1513 793 aliqua
1543 737 1713 779 ratione
1745 736 1835 779 fata
1867 737 2079 793 disrumpi

368 822 448 863 per
478 807 713 850 transitum
745 807 880 850 docet.

488 879 586 922 883.
635 891 695 920 Tv
725 890 1000 923 MARCELLVS
1032 891 1133 923 mus
1165 879 1290 936 talis,
1321 877 1461 935 qualis
1493 883 1560 922 est
1591 879 1832 923 Marcellus.

490 951 586 994 884.
637 962 912 994 PVRPVREOS
955 962 1132 994 FLORES
1177 954 1225 994 ut
1263 966 1388 1006 saepe
1428 952 1498 1006 <V
1532 952 1616 1007 79>
1654 952 1860 1008 diximus,
1903 954 2081 1007 propter

300 1030 343 1061 10
370 1022 594 1079 sanguinis
628 1022 975 1078 similitudinem,
1005 1023 1107 1079 quia
1139 1025 1215 1065 aut
1246 1023 1390 1065 anima
1421 1025 1504 1078 est,
1538 1026 1613 1065 aut
1645 1024 1813 1066 animae
1846 1024 1978 1067 sedes.

369 1106 567 1137 NEPOTIS
598 1094 780 1149 posteri:
812 1109 900 1137 non
933 1094 1046 1136 enim
1078 1109 1123 1136 re
1155 1109 1257 1137 vera
1287 1109 1423 1150 nepos
1456 1094 1551 1137 fuit.

489 1165 588 1209 885.
637 1178 768 1208 INANI
801 1178 993 1208 MVNERE
1027 1165 1261 1208 seeundum
1292 1165 1548 1221 Epicureos,
1580 1181 1668 1209 non
1698 1166 1939 1221 profuturo.

489 1238 587 1280 886.
641 1249 711 1280 SIC
742 1236 829 1279 ista
860 1238 1098 1279 noscentes.

489 1310 587 1352 887.
637 1320 774 1351 AERIS
816 1321 865 1351 IN
908 1319 1075 1351 CAMPIS
1118 1308 1400 1351 conlisionem
1441 1308 1556 1351 fecit.
1618 1309 1787 1351 loeutus
1829 1310 1974 1351 autem
2015 1312 2082 1351 est

302 1387 344 1418 15
371 1381 605 1423 secundum
638 1395 730 1436 005,
769 1380 842 1436 qui
873 1381 1032 1435 putant
1061 1378 1262 1434 Elysium
1294 1379 1491 1421 lunarem
1523 1394 1615 1421 esse
1647 1379 1866 1422 circulum.

489 1452 587 1495 889.
638 1463 960 1503 memmi-QVE
993 1462 1178 1496 ANIMVM
1215 1466 1317 1493 nam
1355 1466 1487 1507 supra
1522 1452 1585 1494 ait
1617 1450 1762 1507 <806>
1796 1453 1850 1504 et,
1876 1450 2082 1493 dubita-

369 1539 476 1566 mus
509 1523 672 1566 adhuc
704 1523 954 1566 virtutem
986 1522 1261 1565 extendere
1293 1522 1480 1565 factis?
1669 1578 1671 1580 Ι

489 1595 588 1638 890.
635 1607 749 1637 ΕΧΙΝ
790 1594 954 1637 deinde.
1018 1594 1184 1636 confert
1222 1595 1367 1636 autem
1406 1594 1449 1636 in
1491 1594 1776 1649 conpendium
1816 1593 2079 1636 narrationis

368 1666 684 1722 prolixitatem:
711 1667 772 1709 sie
791 1666 1017 1708 Terentius
1044 1667 1221 1721 propter
1240 1665 1421 1721 longum
1442 1667 1586 1708 aetum
1606 1666 1667 1707 ait
1692 1666 1835 1707 intus
1862 1665 2079 1720 despon-

298 1744 344 1775 20
371 1738 596 1794 debitur,
627 1738 770 1779 intus
802 1737 1146 1794 transigetur,
1179 1737 1221 1779 si
1254 1737 1373 1792 quid
1405 1740 1482 1779 est
1514 1738 1646 1793 quod
1677 1739 1854 1779 restat.

490 1809 588 1854 893.
639 1821 757 1852 SVNT
783 1821 994 1851 GEMINAE
1023 1820 1165 1852 SOMNI
1189 1820 1373 1854 PORTAE
1407 1823 1484 1863 pro
1513 1808 1791 1851 somniorum.
1841 1810 1908 1850 est
1934 1801 2077 1850 autem

369 1881 413 1923 in
452 1881 536 1923 hoe
574 1880 669 1924 loco
703 1880 940 1923 Homerum
980 1883 1167 1936 secutus,
1210 1880 1293 1923 hoc
1329 1882 1500 1922 tantum
1540 1880 1701 1935 differt,
1742 1880 1854 1935 quod
1891 1879 1967 1922 ille
2003 1894 2080 1934 per

369 1955 597 2008 utramque
628 1955 804 2008 portam
836 1952 1004 1995 somnia
1036 1951 1150 1994 exire
1180 1952 1299 2007 dicit,
1331 1952 1401 1994 hie
1427 1952 1604 1994 umbras
1630 1966 1752 1994 veras
1777 1965 1855 2005 per
1878 1964 2079 2002 corneam,

370 2038 447 2079 per
473 2038 580 2080 quas
604 2024 773 2067 umbras
799 2024 968 2067 somnia
993 2023 1157 2066 indicat
1180 2037 1293 2066 vera.
1338 2026 1382 2065 et
1405 2023 1573 2078 poetice
1606 2025 1780 2078 apertus
1813 2025 1879 2065 est
1909 2037 2080 2065 sensus:

300 2098 346 2131 25
371 2096 466 2139 vult
497 2098 639 2138 autem
678 2095 873 2151 intellegi
903 2093 1014 2137 falsa
1045 2108 1139 2136 esse
1171 2094 1316 2136 omnia
1348 2108 1455 2149 quae
1487 2093 1607 2135 dixit.
1668 2092 1946 2149 physiologia
1978 2107 2077 2136 vero

369 2167 452 2210 hoc
489 2167 640 2209 habet:
678 2182 755 2222 per
792 2168 964 2222 portam
1005 2179 1205 2208 corneam
1244 2165 1357 2207 oculi
1394 2165 1709 2221 significantur,
1748 2164 1822 2220 qui
1861 2166 1904 2206 et
1934 2164 2079 2206 cornei

465 2288 486 2319 9
518 2285 561 2319 ut
587 2312 594 2319 .
621 2313 629 2320 .
659 2312 666 2319 .
693 2283 814 2329 sedes]
854 2282 900 2318 ef.
926 2282 1013 2318 Isid.
1041 2294 1092 2318 or.
1119 2281 1170 2316 XI
1198 2285 1229 2326 1,
1258 2285 1324 2317 123
1355 2282 1368 2327 ΙΙ
1406 2285 1449 2317 19
1486 2281 1698 2328 Terentius]
1737 2280 1851 2316 Andr.
1878 2280 1910 2316 V
1937 2284 1969 2325 6,
1998 2284 2041 2316 17
2067 2280 2079 2326 11

371 2331 688 2422 {381313ss11[i{2}-u(132'11]2
691 2330 769 2414 4Od.
795 2330 882 2366 XIX
909 2334 978 2366 560
1013 2331 1027 2375 11
1062 2333 1107 2366 25
1133 2329 1370 2375 physiologia
1394 2339 1482 2365 vero
1508 2340 1538 2365 e.
1567 2342 1600 2375 q.
1627 2329 1670 2375 s.]
1704 2339 1819 2369 exser.
1851 2328 2036 2373 mythogr.
2061 2328 2079 2363 I

465 2489 487 2521 2
512 2485 572 2532 ut]
599 2486 665 2521 aut
682 2485 757 2521 AS
781 2485 887 2529 (cors.
910 2485 947 2530 a)
967 2486 980 2530 ss
998 2484 1206 2529 triumphos
1231 2483 1363 2519 RLH
1376 2485 1389 2528 ΙΙ
1408 2488 1429 2519 3
1456 2484 1505 2519 ad
1529 2494 1561 2519 v.
1583 2486 1650 2519 878
1676 2484 1741 2519 hoe
1765 2483 1939 2519 scholium
1963 2482 2078 2526 edidit

370 2533 573 2568 Fabricius
608 2544 731 2567 PmscA
757 2545 860 2567 rums
886 2531 975 2578 quia
998 2531 1161 2567 fidelitas
1186 2542 1260 2567 non
1285 2531 1440 2577 requirit
1466 2532 1629 2575 iuuenes,
1656 2531 1720 2565 sed
1741 2542 1862 2566 senes:
1888 2530 1986 2566 unde
2005 2530 2078 2565 Lu-

371 2591 485 2616 canus
511 2579 614 2626 (VIII
635 2582 718 2624 282)
748 2579 903 2624 ‘quippe
922 2580 1014 2614 fides
1032 2579 1206 2615 robustos
1233 2578 1349 2624 exigit
1374 2579 1517 2614 annos’.
1538 2580 1549 2625 ΙΙ
1569 2582 1588 2613 5
1614 2578 1734 2614 foderi
1754 2578 1794 2613 F
1810 2579 1822 2624 ΙΙ
1842 2582 1861 2613 7
1887 2589 1954 2623 per
1975 2578 2078 2622 tran-

370 2627 445 2663 situ
472 2627 513 2662 F
536 2628 548 2673 ΙΙ
580 2626 707 2672 docet]
741 2628 778 2661 et
809 2628 875 2661 aut
904 2628 1017 2661 uacat
1052 2637 1126 2671 qua
1150 2627 1194 2661 ut-
1219 2626 1268 2662 sit
1292 2626 1324 2661 si
1348 2626 1428 2661 fata
1452 2628 1517 2661 aut
1543 2626 1838 2661 subaudiendum
1865 2626 1923 2660 est
1947 2624 1978 2659 si
2003 2635 2079 2669 qua

369 2675 514 2711 ratione
540 2675 625 2710 add.
649 2675 697 2709 M
714 2675 726 2720 ΙΙ
746 2677 766 2709 8
792 2673 897 2719 talis]
922 2673 994 2709 hoc
1020 2674 1078 2709 est
1101 2674 1189 2709 talis
1210 2674 1255 2718 G,
1280 2685 1346 2710 om.
1366 2673 1493 2708 ASM
1514 2675 1525 2719 ΙΙ
1544 2674 1616 2719 est]
1641 2673 1714 2708 fuit
1736 2673 1814 2708 FG
1833 2673 1846 2717 ΙΙ
1863 2671 2075 2718 Marcellus]

369 2722 435 2759 ille
462 2722 519 2757 uir
539 2721 799 2767 amplissimus
825 2721 994 2766 superius
1027 2721 1148 2757 dietus
1176 2722 1261 2757 add.
1287 2722 1326 2756 D
1362 2723 1375 2766 ΙΙ
1412 2725 1455 2756 10
1482 2722 1546 2766 qui
1571 2721 1702 2756 MFG
1732 2722 1743 2767 {l
1781 2723 1847 2755 aut
1870 2720 1996 2755 anima
2021 2721 2079 2754 est

370 2781 436 2806 om.
464 2769 546 2806 FG'
564 2770 576 2817 ΙΙ
607 2769 753 2805 animae
780 2769 837 2803 est
862 2767 959 2803 sedis
986 2767 1066 2803 FG
1090 2770 1102 2814 ΙΙ
1136 2772 1177 2803 11
1203 2769 1291 2815 fuit]
1319 2769 1407 2803 sunt
1432 2768 1472 2803 F
1494 2771 1505 2814 n
1540 2772 1581 2803 13
1608 2768 1678 2814 sm]
1706 2780 1760 2803 sm
1786 2780 1878 2802 rou
1903 2767 1931 2802 S
1949 2768 1961 2814 ΙΙ
1986 2766 2075 2813 ista]

370 2817 445 2852 ista
469 2816 615 2853 scilicet
641 2816 676 2852 R
712 2816 786 2852 ista
810 2815 893 2850 tota.
919 2815 976 2858 M,
1003 2826 1068 2850 om.
1096 2816 1134 2859 S,
1160 2817 1202 2850 in
1226 2828 1297 2851 ras.
1324 2817 1448 2861 serips.
1477 2828 1499 2851 a
1518 2817 1530 2863 fl
1561 2819 1603 2850 14
1629 2828 1744 2851 AERIIS
1771 2815 1815 2850 H
1833 2816 1846 2860 11
1879 2818 1922 2850 15
1949 2815 2076 2849 lunare

370 2865 417 2900 H
430 2866 443 2909 ΙΙ
472 2868 515 2900 18
541 2877 672 2900 annm:
698 2864 726 2899 S
743 2865 756 2909 ΙΙ
775 2862 925 2909 deinde]
952 2863 1042 2897 bera
1068 2862 1112 2897 de
1139 2862 1188 2906 F,
1214 2874 1280 2898 om.
1301 2863 1373 2898 AS
1399 2865 1511 2908 (supr.
1538 2874 1627 2898 vers.
1654 2863 1738 2899 add.
1759 2864 1796 2907 a)
1816 2863 1828 2908 ll
1846 2861 2077 2907 impendium

372 2911 400 2948 S
426 2914 530 2958 (corr.
551 2913 582 2956 s)
602 2913 614 2957 ΙΙ
633 2915 677 2947 19
703 2909 903 2946 terrentius
921 2909 1053 2944 ΑΒΗ
1069 2910 1080 2955 ΙΙ
1099 2909 1380 2955 dispondebitur
1401 2910 1441 2945 F
1455 2912 1468 2956 ΙΙ
1486 2914 1531 2946 20
1557 2909 1758 2946 transietur
1782 2910 1819 2945 R
1855 2907 2076 2944 transsietur

371 2959 418 2995 H
449 2958 669 3004 transigitur
694 2959 734 2994 F
749 2959 762 3004 ΙΙ
781 2957 827 3004 si]
855 2955 908 2992 sic
933 2957 976 2991 H
991 2957 1003 3003 ΙΙ
1023 2957 1112 3000 quid
1139 2959 1196 2992 est
1219 2968 1264 2992 em
1290 2958 1440 3002 quidem
1465 2958 1594 3003 R1121
1621 2958 1703 3003 pro]
1731 2968 1796 3002 per
1816 2957 1859 2991 H
1872 2958 1885 3002 ΙΙ
1904 2960 1948 2991 22
1975 2955 2075 3000 quod

371 3006 437 3042 ille
462 3016 528 3042 om.
556 3006 629 3041 AS
654 3008 767 3052 (supr.
793 3015 882 3041 vers.
909 3005 993 3040 add.
1020 3005 1058 3048 a)
1077 3005 1089 3048 ΙΙ
1108 3015 1174 3049 per
1198 3006 1324 3039 utrum
1348 3017 1442 3049 quae
1468 3006 1619 3050 portant
1644 3005 1684 3039 H
1702 3006 1714 3050 ΙΙ
1733 3008 1778 3039 23
1804 3004 1903 3039 exire
1930 3002 2075 3038 somnia

372 3053 445 3090 AS
467 3054 481 3099 ΙΙ
513 3053 627 3100 exire]
653 3054 707 3089 ire
733 3064 772 3088 se
798 3063 843 3088 ex
869 3051 947 3087 FG
971 3052 983 3098 ss
1014 3049 1108 3085 dixit
1134 3050 1174 3086 F
1194 3052 1208 3097 ΙΙ
1237 3051 1298 3086 hic
1324 3080 1332 3087 .
1354 3080 1361 3087 .
1383 3081 1391 3088 .
1418 3052 1522 3098 vera]
1549 3063 1624 3088 non
1649 3051 1789 3086 mutavi
1813 3061 1854 3085 ea
1879 3061 1972 3094 quae
1997 3049 2076 3085 FG

368 3097 2075 3192 Ἠῦἷᾼῖἓοῖἶῗωαὲαἶέεαξὲὶιῖἒζῖἶέεέέᾞὲἰέαἴὲἒὶἰῖξὲᾅοῖῗςᾶᾓἑυὲἶηὲἳὲῗῗέἑῗῖἐ

374 3195 454 3232 FG
483 3198 496 3242 ΙΙ
531 3160 820 3242 ρΜεὶὠέςίαᾳΑ
857 3193 1072 3240 phisologia
1095 3193 1131 3229 R
1174 3193 1398 3239 phisiclegia
1424 3193 1469 3228 H
1504 3192 1690 3238 fisiologia.
1716 3193 1765 3227 M
1799 3192 1971 3237 fisologia
1996 3191 2030 3227 Cr*
2063 3190 2076 3238 ΙΙ

374 3248 419 3278 26
446 3254 618 3279 corneam
645 3272 652 3279 .
675 3272 682 3279 .
705 3271 711 3278 .
739 3242 924 3278 emittitur
948 3243 1095 3287 portam
1121 3252 1186 3277 om.
1208 3241 1253 3276 H
