2092 3614
251 1044 290 1075 10

249 1402 290 1433 15

315 278 369 320 21
376 278 401 322 8
1092 281 1254 319 SERvil

314 390 431 446 ideo,
463 391 512 432 ut
541 390 744 434 inertiam
777 393 820 434 et
851 391 1182 436 inbecillitatem
1214 392 1434 435 offerentis
1467 392 1879 436 ostendam-scimus
1912 395 2025 438 enim

315 475 435 516 oveS,
465 463 574 505 unde
605 463 722 515 lana,
752 477 774 506 e
797 478 881 518 qua
909 465 1048 516 vittae,
1082 478 1206 520 egere
1239 464 1380 506 alieno
1409 479 1575 520 semper
1602 465 1774 508 auxilio.
1823 469 1899 509 aut
1926 466 2027 520 quia

314 536 352 575 et
382 533 483 576 lana
514 534 561 577 in
592 534 718 577 tutela
737 536 954 578 Minervae
978 536 1050 591 sit,
1080 550 1185 590 quae
1208 527 1329 590 pacis
1353 536 1522 590 bellique
1545 537 1601 578 sit
1624 536 1787 579 cultrix.
1830 539 1905 579 aut
1928 538 2029 591 quia
2051 532 2058 534 “

315 605 412 647 mite
443 608 482 648 et
509 606 691 660 quietum
728 607 891 649 animal
927 609 987 649 est
1021 607 1123 662 ovis,
1164 608 1280 650 cuius
1316 608 1488 661 quietem
1525 606 1670 650 habere
1704 607 1844 650 debent
1879 609 1952 662 qui
1981 609 2028 652 in

312 676 455 730 foedus
491 681 530 720 et
563 679 793 721 amicitiam
830 682 981 721 coeunt.
1042 679 1256 733 quaeritur
1295 682 1431 721 autem
1471 679 1572 732 quid
1607 679 1761 722 dixerit
1797 678 2027 734 ‘comptos'.

314 750 386 792 sed
423 752 470 792 ut
509 750 642 793 crines
681 750 786 792 comi
821 750 996 794 dicimus
1033 764 1126 793 eum
1163 754 1395 806 nectuntur,
1438 751 1499 793 ita
1542 753 1581 793 et
1620 749 1685 794 liic
1727 751 1853 794 etiam
1889 764 2029 795 ramos

314 825 489 877 comptos
519 835 644 865 nexos
674 822 855 876 illi9atos
885 822 1087 877 ‘iritelleye‚
1117 825 1165 864 ut
1193 823 1279 876 ipse
1311 821 1427 877 <VH
1452 821 1569 876 418>
1603 825 1702 864 tum
1732 836 1921 865 ramum
1950 823 2027 866 in-

314 894 466 936 nectit
494 894 676 937 olivae:
707 908 798 949 erqo
823 895 932 949 quod
955 894 1042 936 illic
1068 893 1281 946 einnectit',
1312 894 1378 936 liic
1403 893 1607 948 ‘comptos’
1634 895 1753 937 dixit.
1855 906 2028 938 VOLVIT

315 964 417 1007 hine
449 980 547 1007 eum
578 964 746 1020 laudat,
778 965 894 1021 quod
925 967 1073 1008 tantus
1106 981 1203 1008 eum
1235 966 1302 1008 vir
1332 979 1487 1022 rogare
1519 965 1791 1021 conpellitur.

438 1036 532 1078 129.
582 1047 945 1087 DANAvmovon
972 1048 1162 1080 DVGTOR
1187 1049 1247 1079 ET
1274 1048 1420 1080 ARoAs
1452 1051 1530 1079 nec
1562 1037 1676 1092 quod
1707 1037 2028 1080 multitudinem

315 1108 500 1151 haberes
534 1108 731 1163 extimui,
763 1123 840 1150 nee
874 1108 988 1164 quod
1021 1123 1136 1151 esses
1169 1107 1306 1151 Areas
1339 1110 1432 1162 †ut
1464 1108 1567 1151 illue
1598 1107 1680 1151 hoe
1711 1107 1862 1151 tendat
1891 1108 1934 1151 id
1966 1111 2032 1151 est

316 1180 637 1237 Agamemnoni
670 1182 713 1223 et
742 1179 940 1223 Menelao
972 1179 1234 1236 cognatione
1265 1180 1532 1222 coniunctus.
1584 1181 1627 1222 et
1657 1179 1739 1222 hoe
1772 1179 1826 1223 ad
1858 1180 2028 1223 laudem

315 1251 510 1294 Euandri
540 1251 749 1307 pertinet,
780 1251 853 1307 qui
885 1251 1097 1307 qualitate
1130 1265 1298 1294 morum
1330 1251 1488 1293 meruit
1517 1266 1606 1293 non
1637 1251 1792 1294 timeri.

438 1323 551 1366 130(
585 1334 733 1366 FORES
765 1338 843 1379 pro
869 1322 1073 1366 ‘fuisses’.
1122 1324 1165 1364 et
1194 1322 1432 1365 notandum
1460 1321 1605 1365 ‘fores'
1640 1322 1691 1364 de
1723 1323 1971 1378 praeterito.

317 1413 479 1439 GEMINJS
507 1412 746 1439 commvcrrs
773 1412 931 1438 Amans
956 1395 1140 1449 geminos
1169 1394 1235 1436 hie
1265 1395 1383 1449 duos,
1414 1395 1535 1437 aliter
1567 1393 1759 1449 ‘qemini’
1792 1409 1874 1437 uno
1901 1397 2028 1448 partu

316 1467 426 1511 editi.
480 1467 696 1521 quaeritur
731 1480 832 1509 sane
867 1467 979 1515 unde,
1005 1466 1208 1508 Euander
1237 1465 1405 1508 Atridis
1436 1479 1580 1520 yenere
1616 1466 1748 1519 fucrit
1782 1466 2030 1509 coniunctus.

316 1542 355 1581 et
382 1539 571 1592 quamvis
596 1539 804 1582 Hesiodus
834 1539 946 1581 dicat
973 1539 1149 1593 qualiter
1176 1538 1419 1580 ,coniunctus
1449 1538 1506 1580 sit
1528 1537 1746 1592 Euander,
1779 1541 1915 1580 tamen
1944 1538 2032 1592 qui-

316 1611 415 1652 dam
445 1610 567 1652 aiunt
593 1609 751 1652 Thestii
779 1610 893 1664 filias
917 1610 1074 1652 Ledam
1102 1612 1140 1651 et
1163 1609 1504 1663 Hypermestram
1531 1609 1678 1663 fuisse,
1703 1609 1839 1652 Ledae
1862 1613 1900 1651 et
1921 1610 2030 1664 Tyn-

316 1682 434 1724 darei
465 1681 580 1735 filias
610 1680 923 1736 Clytemestram
954 1682 1159 1723 Helenam
1192 1684 1229 1722 et
1260 1680 1535 1723 Timandram
1569 1680 1714 1736 fuisse,
1751 1695 1876 1734 quam
1913 1681 2035 1723 duxit

248 1762 267 1791 ²
318 1768 490 1797 uxorem
521 1753 724 1796 Echemus
754 1753 907 1808 Areas,
939 1754 1056 1796 euius
1085 1753 1200 1807 filius
1229 1751 1454 1794 Euander:
1504 1751 1811 1806 Clytemestram
1841 1755 1880 1794 et
1910 1752 2032 1794 Hele-

318 1840 417 1868 nam
448 1829 592 1868 notum
622 1828 681 1867 est
709 1826 1015 1879 Ayamemnoni
1045 1827 1083 1866 et
1112 1824 1304 1866 Menelao
1342 1824 1504 1866 iunctas
1541 1824 1680 1877 fuisse.
1742 1824 1820 1866 alii
1856 1824 1917 1866 ita
1949 1826 2031 1865 tra-

317 1898 442 1940 dunt:
473 1895 659 1951 Steropes
678 1900 727 1938 'et
755 1897 946 1939 Atlantis
975 1896 1085 1950 filios
1112 1895 1365 1938 Oenomaum
1396 1898 1434 1937 et
1457 1895 1626 1937 Maiam
1654 1895 1801 1949 fuisse,
1835 1894 2034 1937 Oenomai

318 1969 649 2024 Hippodamiam
685 1969 839 2023 filiam,
877 1968 984 2010 unde
1015 1967 1169 2009 Atreus
1204 1970 1328 2008 natus
1336 1980 1350 2017 ,·
1389 1970 1434 2009 at
1464 1966 1610 2009 Maiae
1638 1966 1754 2019 filius
1786 1965 2032 2020 Mercurius,

318 2054 367 2083 ex
405 2054 484 2095 quo
521 2040 722 2095 Arcades,
762 2040 810 2082 de
845 2039 992 2093 quibus
1027 2038 1250 2081 Euamler:
1290 2038 1399 2091 quod
1433 2037 1586 2080 Accius
1622 2038 1669 2079 in
1705 2037 1832 2080 Atreo
1865 2036 2033 2091 plenius

251 2142 268 2150 -
320 2113 454 2165 refert.
513 2113 592 2154 alii
626 2113 687 2154 ita
723 2114 926 2154 narrant:
970 2110 1096 2153 Atlas
1131 2110 1356 2163 complures
1391 2109 1536 2151 habu-it
1570 2109 1700 2164 filias,
1737 2112 1775 2151 et
1810 2109 1858 2151 de
1893 2107 2033 2151 Dione

419 2222 462 2254 17
488 2217 689 2264 Hesifflus]
718 2217 827 2253 catal.
855 2217 988 2262 fragm.
1017 2215 1079 2251 CV
1106 2227 1142 2260 p.
1168 2219 1238 2250 318
1264 2213 1448 2250 Markseh.

418 2318 440 2348 2
466 2325 486 2349 e
513 2325 587 2359 qua
612 2313 731 2349 vittae
752 2312 1009 2348 Commelinus:
1037 2310 1191 2356 equauit
1210 2310 1250 2344 F
1283 2308 1363 2354 peti
1388 2309 1509 2344 sueuit
1532 2309 1714 2344 Barthius
1739 2309 1788 2343 ad
1807 2307 1899 2343 Stat.
1924 2308 2030 2343 Theb.

322 2362 389 2396 Vll
416 2365 485 2397 476
519 2361 657 2397 addens
691 2360 738 2396 ‘et
769 2361 822 2396 sie
845 2361 977 2395 habent
1001 2359 1231 2395 membranae
1263 2357 1466 2404 Viryiliani
1497 2356 1743 2392 commentarii
1774 2352 1992 2401 ἄνωνύμ·ου’
2021 2355 2032 2402 ΙΙ

323 2410 449 2454 tegere
476 2408 515 2444 F
532 2410 543 2455 ΙΙ
575 2419 721 2454 semper
746 2407 869 2443 alieno
895 2407 932 2443 R
950 2408 963 2453 ΙΙ
994 2411 1016 2442 4
1041 2406 1139 2442 iouis
1166 2405 1205 2440 F
1220 2406 1232 2451 ΙΙ
1264 2410 1284 2440 5
1310 2403 1477 2440 amitiam
1506 2404 1546 2438 F
1562 2405 1573 2451 ΙΙ
1598 2404 1647 2439 ad
1672 2415 1823 2439 coumos
1850 2404 1892 2438 in
1915 2413 2030 2448 mary.

322 2456 512 2502 quaeritur
549 2469 614 2491 eur
651 2457 819 2501 comptos
853 2454 998 2491 dixerit.
1050 2464 1160 2499 quem
1192 2454 1240 2488 ad
1265 2451 1418 2488 modum
1453 2452 1572 2487 crines
1608 2451 1704 2486 comi
1738 2450 1913 2486 dicuntur
1948 2461 2031 2485 oum

322 2505 522 2539 nectuntur
547 2504 602 2539 ita
626 2506 665 2539 et
690 2503 752 2538 hie
779 2503 893 2538 etiam
919 2514 1043 2538 ramos
1070 2502 1240 2547 comptos
1266 2511 1379 2535 nexos
1405 2499 1571 2543 illigatos
1598 2498 1776 2544 intellege
1806 2498 1839 2533 T
1865 2499 1878 2542 ΙΙ
1909 2497 2032 2542 queri-

322 2554 383 2586 tur
406 2551 447 2586 F
463 2553 475 2597 ΙΙ
508 2556 527 2586 6
554 2551 608 2585 ita
635 2578 641 2585 .
664 2579 671 2586 .
694 2579 701 2586 .
728 2551 907 2596 intellege
934 2562 1000 2585 om.
1022 2550 1062 2584 F
1087 2551 1099 2595 ΙΙ
1131 2552 1151 2584 9
1178 2560 1262 2583 eum
1286 2549 1414 2583 tantus
1440 2547 1479 2581 F
1502 2548 1513 2593 ΙΙ
1549 2551 1590 2581 10
1616 2558 1663 2582 ne
1684 2545 1789 2591 quod
1815 2545 1855 2580 F
1877 2547 1888 2592 ΙΙ
1922 2549 1963 2580 11
1990 2546 2033 2580 ut

323 2599 412 2634 illue
436 2598 508 2634 hoe
533 2599 664 2633 tendat
688 2598 872 2633 RLHM
903 2599 946 2633 ut
970 2596 1066 2632 illud
1091 2598 1161 2632 hoe
1186 2595 1319 2631 tendat
1343 2594 1417 2630 AS
1452 2596 1493 2630 ut
1525 2594 1619 2629 illud
1652 2591 1818 2630 ostendit
1853 2592 2034 2628 adtendat

324 2646 402 2682 FG-
445 2646 489 2680 ut
519 2645 609 2681 illuc
640 2646 712 2680 hoe
743 2646 876 2681 tendat
902 2644 1081 2690 ‘geminis
1116 2643 1335 2680 coniunctus
1360 2642 1523 2677 Atridis’
1551 2642 1668 2687 vulyo.
1713 2643 1941 2685 eaespeetatur
1964 2650 2032 2675 nee

323 2693 424 2739 quod
449 2704 548 2728 esses
574 2694 689 2728 Arcas
714 2694 752 2728 et
777 2693 936 2738 geminis
962 2694 1017 2728 vel
1042 2691 1186 2727 duobus
1205 2690 1346 2726 Atridis
1371 2690 1411 2725 id
1437 2691 1493 2725 est
1517 2701 1542 2725 e.
1564 2702 1595 2734 q.
1616 2700 1643 2725 s.
1676 2690 1830 2733 fortasse
1853 2699 1970 2733 supra
1995 2689 2034 2722 et

323 2740 481 2787 geminis
506 2739 648 2776 Atridis
673 2741 809 2786 aliquis
833 2741 1080 2785 adseripserat
1104 2740 1148 2774 ut
1171 2738 1268 2774 illud
1291 2739 1362 2773 hoe
1394 2738 1542 2780 tendat,
1575 2738 1599 2772 i.
1626 2748 1654 2772 e.
1681 2739 1830 2781 auyeat,
1860 2736 1968 2780 idque
1993 2745 2032 2771 eo

323 2789 476 2825 consilio
500 2791 542 2823 ut
565 2788 709 2823 Aeneae
730 2788 818 2833 plus
843 2788 1142 2823 extimescendum
1167 2787 1281 2831 fuisse
1306 2786 1502 2821 ostenderet
1526 2785 1621 2830 quod
1645 2784 1793 2819 Atridis
1820 2783 2034 2828 coynatione

262 2864 266 2868 .
324 2837 538 2872 coniunctus
564 2839 651 2871 esset
668 2835 861 2877 Euander,
886 2846 994 2880 quam
1020 2836 1114 2880 quod
1139 2837 1226 2870 esset
1244 2835 1373 2869 Arcas.
1417 2832 1598 2868 adtendat
1623 2834 1742 2867 autem
1763 2831 1859 2866 illud
1880 2829 2032 2865 Floria-

324 2885 439 2920 censis
463 2883 549 2918 inde
573 2887 693 2919 ortum
717 2886 768 2918 est
791 2883 888 2928 quod
912 2883 954 2917 in
979 2883 1172 2928 archetypo
1196 2893 1313 2926 supra
1339 2881 1504 2916 ostendit
1530 2879 1754 2923 adscriptum
1773 2881 1851 2914 erat
1875 2879 1925 2914 at.
1952 2878 2031 2912 ten-

324 2931 400 2967 dat.
419 2932 432 2977 ΙΙ
452 2935 495 2966 13
523 2942 598 2967 non
621 2930 753 2966 timere
776 2926 916 2965 ‘meruit
941 2929 981 2963 F
997 2930 1008 2975 Η
1030 2933 1073 2963 14
1100 2931 1152 2974 et]
1179 2929 1244 2964 sed
1270 2928 1343 2964 AS
1358 2929 1371 2973 ΙΙ
1392 2932 1434 2963 15
1460 2929 1510 2963 ad
1535 2939 1677 2963 cummis
1702 2937 1804 2971 supr.
1829 2935 1916 2972 vers.
1944 2924 2033 2959 duo-

325 2979 393 3014 bus
418 2978 530 3014 aliter
554 2978 694 3024 gemini
718 2989 793 3014 uno
818 2977 928 3023 partu
955 2976 1047 3011 editi
1076 2977 1109 3010 T
1141 2978 1153 3021 ΙΙ
1193 2980 1235 3011 16
1261 2976 1365 3011 editu
1391 2975 1431 3010 F
1465 2976 1476 3021 ΙΙ
1515 2977 1558 3010 18
1585 2974 1731 3009 Thestii
1757 2972 2034 3016 Marekscheffel

325 3027 415 3062 conl.
442 3026 612 3065 Apollod.
639 3025 692 3060 III
720 3029 775 3070 10,
803 3029 836 3067 5,
862 3029 901 3059 2:
932 3023 1105 3069 thyaeste
1131 3023 1171 3057 F
1204 3024 1349 3067 tyaeste
1377 3024 1411 3057 G
1447 3022 1635 3067 Thyestae
1662 3021 1799 3056 Daniel
1823 3022 1836 3064 ss
1864 3030 2031 3064 yperme-

326 3076 443 3110 stram
463 3072 503 3109 F
518 3074 531 3119 ΙΙ
549 3072 772 3119 thyandarei
798 3073 837 3108 F
853 3074 865 3118 ss
887 3075 928 3107 19
949 3071 1185 3117 tymandram
1212 3070 1253 3105 F
1268 3073 1280 3114 ΙΙ
1305 3074 1350 3105 20
1376 3069 1550 3105 echemus
1577 3067 1630 3103 F:
1658 3068 1833 3103 eohemus
1859 3066 1998 3102 Daniel
2022 3066 2034 3112 ΙΙ

327 3121 595 3157 clitemestram
622 3121 663 3155 F
677 3121 690 3165 ss
716 3120 903 3156 helemam
928 3119 968 3154 F
989 3121 1002 3164 ΙΙ
1034 3122 1077 3153 21
1104 3119 1235 3153 notum
1261 3117 1333 3162 est]
1361 3119 1491 3160 notsiq;
1519 3116 1553 3151 G-
1570 3117 1582 3160 u
1610 3115 1665 3150 ita
1689 3124 1755 3150 oon.
1783 3114 1817 3148 G
1842 3115 1854 3159 ΙΙ
1884 3117 1929 3149 22
1955 3113 2032 3149 filio

328 3181 393 3205 suo
419 3180 616 3205 enomaum
643 3168 692 3211 F,
718 3179 811 3204 corr.
837 3167 977 3203 Daniel
1002 3167 1016 3211 ΙΙ
1046 3165 1214 3200 oenomai
1238 3162 1495 3209 ippodamiam
1522 3162 1562 3198 F
1589 3163 1601 3208 ΙΙ
1638 3166 1682 3197 23
1709 3162 1749 3196 at
1774 3161 2031 3197 Commelinus:

326 3218 393 3252 aut
418 3216 458 3252 F
491 3218 503 3262 ΙΙ
536 3220 584 3252 25
611 3215 708 3251 atlas
735 3216 945 3261 complures
970 3213 1104 3250 habuit
1128 3212 1225 3247 filios
1252 3211 1317 3246 sed
1334 3211 1388 3246 de
1414 3210 1491 3245 lino
1518 3210 1690 3255 pelopem
1717 3208 1764 3253 F,
1795 3210 1947 3245 correxi.
1985 3209 2032 3253 ef.

327 3264 469 3312 Hyyin.
495 3264 572 3309 fab.
600 3267 643 3299 82
670 3267 702 3299 et
728 3267 771 3300 83
798 3267 831 3300 et
858 3263 962 3300 Ovid.
987 3264 1066 3298 met.
1092 3260 1144 3296 VI
1171 3263 1237 3295 172
1257 3269 1330 3304 sqq.
