2124 3600
261 1025 305 1056 10

261 1382 303 1414 15

260 1739 306 1771 20

261 2093 305 2126 25

328 268 387 309 30
909 321 913 331 Ι
1100 266 1261 302 SERVII

329 377 444 418 dicta
475 378 552 419 est.
602 376 662 417 dii
689 378 834 418 autem
860 376 964 418 laeti
991 378 1093 418 sunt
1119 389 1304 430 semper:
1335 374 1446 416 unde
1478 374 1609 416 etiam
1638 374 1900 429 inmortales,
1932 374 2032 429 quia

326 444 554 502 ἄφθαρτοι
578 445 652 489 καὶ
678 444 908 503 μακάριοι,
939 447 1012 490 hoc
1035 451 1095 490 est
1117 448 1206 489 sine
1229 449 1356 488 morte
1381 446 1496 487 beati.
1545 445 1590 486 hi
1618 459 1720 501 ergo
1745 445 1846 500 quia
1871 459 2035 486 maero-

327 533 417 560 rem
449 533 536 560 non
568 519 779 570 sentiunt,
818 519 964 560 iurant
995 533 1071 574 per
1102 533 1192 560 rem
1225 532 1327 560 suae
1358 519 1540 558 naturae
1572 516 1853 570 contrariam,
1893 515 1935 558 id
1970 518 2044 557 est-

326 590 568 646 tristitiam,
619 605 727 645 quae
779 593 844 632 est
890 590 1136 632 aeternitati
1184 588 1414 631 contraria.
1474 588 1570 629 ideo
1614 588 1911 630 iusiurandum
1957 602 2035 642 per

330 662 643 703 execrationem
675 661 847 703 habent.

449 732 546 775 135.
598 744 816 774 TARTARA
841 733 960 774 locus
987 732 1221 775 inferorum
1247 730 1505 786 profundus,
1530 730 1581 771 de
1608 745 1693 785 quo
1719 729 1916 772 Lucanus
1944 729 2036 785 <VI

330 804 442 859 748>
475 804 529 846 ad
560 803 722 846 inferos
754 804 858 845 dicit
890 804 1033 845 cuius
1066 818 1154 845 vos
1189 802 1318 844 estis
1352 801 1536 856 superi.
1659 812 1831 843 INSANO
1864 815 2035 856 magno.

450 876 546 918 136.
596 887 761 918 Aecum
800 887 924 925 QVAE
962 885 1245 916 PERAGENDA
1281 885 1415 915 PRIVS
1462 873 1498 914 si
1536 872 1618 927 vis,
1662 872 1824 927 inquit,
1866 871 2036 927 reverti,

328 946 426 989 audi
454 947 768 989 observationis
793 948 1034 1001 praecepta.
1078 948 1121 987 et
1147 946 1226 987 sub
1252 944 1441 1000 imagine
1466 943 1711 985 fabularum
1739 943 1864 985 docet
1889 943 2036 985 rectis-

331 1017 487 1059 simam
518 1017 672 1073 vitam,
703 1032 779 1072 per
810 1031 940 1071 quam
973 1016 1199 1058 animabus
1232 1015 1286 1057 ad
1318 1029 1495 1069 superos
1528 1014 1654 1056 datur
1685 1027 1917 1069 regressus.

329 1100 482 1129 LATET
516 1100 700 1131 ARBORE
732 1101 881 1131 OPACA
912 1099 1090 1130 AVREvs
1128 1087 1230 1128 licet
1267 1086 1318 1127 de
1354 1086 1436 1128 hoc
1473 1101 1593 1127 ramo
1631 1085 1677 1126 hi
1717 1086 1790 1140 qui
1822 1085 1872 1126 de
1906 1086 2038 1127 sacris

329 1159 616 1214 Proserpinae
655 1160 878 1215 scripsisse
917 1159 1134 1213 dicuntur,
1173 1157 1375 1213 quiddam
1414 1171 1506 1198 esse
1537 1157 1766 1211 mysticum
1799 1155 2041 1209 adfirment,

331 1231 505 1285 publica
535 1232 683 1272 tamen
716 1231 863 1287 opinio
895 1230 978 1273 hoc
1008 1230 1151 1271 habet.
1203 1228 1377 1270 Orestes
1409 1230 1510 1283 post
1541 1227 1728 1269 occisum
1755 1241 1900 1283 regem
1927 1226 2038 1269 Tho-

332 1304 475 1344 antem
507 1302 554 1343 in
584 1302 760 1357 regione
792 1302 978 1344 Taurica
1009 1315 1105 1343 cum
1139 1314 1285 1342 sorore
1316 1299 1564 1355 Iphigenia,
1596 1301 1645 1340 ut
1677 1313 1807 1353 supra
1832 1297 1903 1352 <II
1928 1298 2038 1353 116>

331 1372 534 1427 diximus,
565 1373 681 1429 fugit
712 1376 756 1415 et
784 1372 951 1415 Dianae
984 1372 1259 1414 simulacrum
1291 1370 1390 1412 inde
1423 1370 1642 1412 sublatum
1672 1369 1788 1411 haud
1819 1370 1948 1424 longe
1981 1369 2035 1410 ab

331 1444 479 1486 Aricia
510 1444 747 1487 collocavit.
809 1444 855 1486 in
885 1443 1013 1486 huius
1045 1442 1207 1497 templo
1244 1444 1347 1497 post
1383 1442 1598 1483 mutatum
1636 1441 1769 1482 ritum
1807 1440 2036 1482 sacrificio-

329 1530 425 1557 rum
475 1516 558 1557 fuit
608 1516 737 1558 arbor
787 1515 1015 1570 quaedam,
1066 1514 1116 1555 de
1168 1528 1252 1570 qua
1301 1513 1484 1568 infringi
1526 1527 1694 1554 ramum
1737 1526 1827 1554 non
1869 1511 2039 1554 licebat.
2087 1518 2091 1524 '

331 1587 516 1629 dabatur
548 1589 691 1630 autem
723 1586 920 1643 fugitivis
952 1587 1163 1642 potestas,
1195 1586 1244 1626 ut
1269 1584 1305 1626 si
1333 1584 1429 1639 quis
1457 1584 1606 1626 exinde
1633 1598 1804 1625 ramum
1824 1583 2039 1638 potuisset

331 1658 511 1713 auferre,
544 1658 848 1701 monomachia
880 1672 976 1699 cum
1007 1656 1194 1712 fugitivo
1226 1655 1380 1710 templi
1412 1654 1632 1697 sacerdote
1664 1654 1903 1696 dimicaret:
1934 1668 2037 1695 nam

331 1729 540 1785 fugitivus
571 1730 659 1771 illic
692 1731 786 1771 erat
820 1728 1019 1770 sacerdos
1053 1727 1106 1770 ad
1137 1727 1304 1782 priscae
1334 1726 1569 1781 imaginem
1601 1725 1741 1780 fugae.
1805 1724 2036 1767 dimicandi

332 1804 476 1843 autem
520 1801 706 1843 dabatur
749 1801 934 1843 facultas
978 1799 1102 1855 quasi
1147 1798 1200 1840 ad
1244 1797 1420 1852 pristini
1462 1796 1662 1839 sacrificii
1705 1796 2037 1851 reparationem.

330 1886 444 1914 nunc
484 1885 585 1926 ergo
624 1872 757 1914 istum
795 1872 894 1914 inde
934 1871 1118 1926 sumpsit
1156 1870 1354 1912 colorem.
1417 1883 1562 1910 ramus
1596 1868 1710 1909 enim
1741 1882 1915 1909 necesse
1948 1870 2041 1910 erat

330 1945 380 1985 ut
411 1945 455 1984 et
484 1943 612 1986 unius
644 1958 776 1985 causa
806 1944 920 1985 esset
951 1942 1175 1984 interitus:
1208 1941 1320 1982 unde
1352 1943 1396 1983 et
1428 1939 1579 1982 statim
1604 1941 1789 1981 mortem
1817 1938 2040 1993 subiungit

330 2014 501 2057 Miseni:
549 2016 593 2056 et
635 2014 689 2056 ad
733 2029 855 2057 sacra
891 2014 1176 2068 Proserpinae
1217 2011 1418 2054 accedere
1458 2011 1542 2053 nisi
1581 2010 1752 2053 sublato
1791 2024 1912 2051 ramo
1949 2023 2039 2051 non

331 2087 517 2141 poterat.
567 2085 729 2128 inferos
757 2087 901 2127 autem
931 2085 1073 2127 subire
1100 2084 1183 2126 hoc
1209 2084 1330 2139 dicit,
1355 2097 1476 2125 sacra
1502 2082 1716 2124 celebrare
1741 2080 2039 2134 Proserpinae.

333 2157 384 2198 de
427 2157 567 2199 reditu
611 2158 756 2198 autem
800 2156 968 2198 animae
1011 2155 1094 2197 hoc
1138 2157 1220 2197 est:
1263 2153 1461 2196 novimus
1506 2152 1802 2207 Pythagoram
1847 2149 2038 2193 Samium

333 2228 469 2270 vitam
500 2227 735 2269 humanam
768 2227 964 2269 divisisse
996 2227 1040 2268 in
1072 2226 1248 2269 modum
1280 2238 1310 2267 Y
1340 2225 1529 2278 litterae,
1562 2223 1724 2265 scilicet
1755 2222 1867 2278 quod
1900 2222 2039 2277 prima

430 2359 473 2390 18
500 2356 660 2391 dabatur
685 2357 809 2391 autem
837 2383 844 2391 .
867 2386 874 2392 .
896 2385 904 2392 .
930 2355 1222 2401 reparationem]
1250 2354 1294 2389 cf.
1323 2365 1454 2389 comm.
1481 2352 1568 2386 Luc.
1583 2351 1647 2398 ,ΙΙΙ
1672 2355 1718 2386 86
1748 2352 1761 2396 ΙΙ
1797 2355 1842 2385 26
1867 2351 2038 2386 novimus

332 2403 585 2448 Pythagoram
612 2415 643 2439 e.
669 2415 702 2447 q.
730 2404 774 2450 s.]
805 2403 851 2440 cf.
877 2402 960 2438 Isid.
989 2414 1040 2438 or.
1066 2402 1083 2436 Ι
1108 2406 1141 2445 3,
1166 2406 1185 2438 7

431 2514 448 2544 1
476 2510 515 2545 di
541 2510 628 2545 GM
645 2512 657 2555 ΙΙ
682 2510 796 2545 etiam
822 2511 919 2546 unde
947 2510 1005 2555 01]
1034 2510 1122 2554 quia
1147 2520 1213 2544 om.
1242 2509 1292 2543 M
1312 2510 1325 2554 ΙΙ
1351 2512 1372 2542 2
1399 2516 1572 2552 ΑφεΛΡΤοι
1597 2519 1659 2542 ΚΑΙ
1684 2517 1854 2541 ΝΙΛΚΛΡΙΟ
1880 2504 1917 2540 R
1954 2513 2038 2549 αφε-

333 2570 445 2593 aPTOY
470 2570 533 2592 Ka1
557 2568 732 2592 ΜώΚφΡΙοΙ
757 2558 803 2592 Η
845 2566 1029 2602 amcam-01
1054 2570 1116 2592 Ka1
1142 2569 1314 2591 MAKdaPIOI
1341 2555 1391 2590 Μ
1419 2556 1430 2600 ΙΙ
1466 2555 1538 2590 hoc
1563 2555 1620 2589 est
1646 2581 1653 2588 .
1676 2582 1683 2590 .
1707 2582 1713 2588 .
1739 2553 1843 2588 beati
1866 2553 1947 2588 hab.
1977 2551 2007 2586 O
2028 2551 2040 2598 ΙΙ

334 2605 390 2650 hi]
419 2616 486 2640 om.
502 2604 572 2639 CA
582 2604 647 2648 M,
672 2605 792 2640 manis
812 2604 853 2639 F
868 2607 880 2650 ΙΙ
898 2604 1121 2650 maerorem]
1147 2614 1350 2639 memorem
1369 2602 1458 2637 AH
1479 2604 1585 2646 (corr.
1600 2603 1638 2645 a)
1657 2603 1669 2646 n
1687 2604 1710 2634 4
1736 2600 1794 2635 est
1817 2604 1900 2635 ante
1919 2600 2037 2635 aeter-

335 2674 447 2710 nitati
472 2685 538 2709 om.
566 2674 594 2709 S
617 2676 629 2719 ΙΙ
661 2679 682 2709 5
708 2674 1003 2710 exsecrationem
1027 2675 1125 2709 HM
1157 2662 1448 2710 exsecrationem
1474 2672 1503 2707 S
1524 2674 1536 2717 ΙΙ
1569 2676 1588 2706 7
1615 2672 1664 2706 ad
1688 2671 1786 2706 feros
1811 2671 1857 2705 H
1870 2672 1882 2716 ΙΙ
1908 2670 1977 2706 esti
2001 2669 2042 2704 F

334 2722 418 2757 istis
444 2722 490 2757 H
508 2723 520 2768 ΙΙ
553 2732 662 2766 super
687 2722 732 2756 H
751 2723 763 2766 ΙΙ
795 2725 815 2756 8
841 2721 972 2766 inquid
999 2721 1084 2756 AF
1106 2722 1243 2767 (inquit
1267 2722 1304 2767 a)
1329 2721 1342 2766 [Ι
1372 2724 1393 2755 9
1419 2719 1531 2755 audio
1558 2719 1592 2754 G
1616 2720 1628 2765 ΙΙ
1659 2716 1930 2754 observationis
1957 2743 1966 2750 .
1993 2743 2000 2750 .
2028 2744 2036 2751 .

335 2781 402 2814 per
428 2780 539 2814 quam
565 2780 630 2805 om.
646 2769 690 2802 H
705 2770 716 2814 ΙΙ
736 2769 1015 2804 obseruationes
1038 2768 1150 2804 G-AS
1175 2766 1459 2814 (obseruationis
1480 2769 1517 2812 a)
1537 2768 1549 2811 ΙΙ
1567 2766 1769 2811 immagine
1789 2765 1829 2800 F
1837 2763 1870 2799 G
1888 2765 1901 2809 ΙΙ
1918 2764 2038 2799 famu·

335 2818 455 2852 larum
482 2816 516 2851 G
533 2817 546 2861 ΙΙ
575 2818 619 2850 10
646 2815 780 2850 animis
805 2815 878 2850 AS
904 2815 1113 2860 (animabus
1140 2818 1176 2861 a)
1196 2818 1207 2862 ΙΙ
1233 2816 1299 2850 dat
1325 2815 1373 2850 M
1390 2816 1401 2861 Ι]
1429 2818 1469 2849 11
1497 2814 1560 2860 de]
1587 2813 1738 2848 dement
1762 2812 1808 2847 H
1837 2812 1908 2846 hoc
1932 2821 2037 2846 ramo

342 2893 374 2901 ..
390 2893 398 2900 .
416 2863 614 2899 adfirment
637 2863 802 2897 omittens
820 2864 832 2907 ΙΙ
851 2862 905 2897 hii
930 2862 971 2897 F
986 2863 997 2908 ΙΙ
1019 2866 1060 2897 12
1088 2863 1184 2909 esse]
1212 2863 1312 2898 enim
1331 2862 1367 2897 R
1385 2865 1397 2907 ΙΙ
1419 2866 1461 2896 13
1487 2861 1630 2906 tamen]
1657 2860 1702 2895 de
1727 2859 1797 2894 hoc
1822 2869 1925 2893 ramo
1951 2859 2036 2893 add.

335 2911 411 2947 FO
427 2912 438 2956 ΙΙ
466 2910 646 2946 occissum
672 2909 702 2945 G
718 2911 731 2954 ΙΙ
758 2914 801 2944 14
828 2909 1027 2954 ephigenia
1052 2909 1088 2943 R
1125 2909 1328 2955 iphygenia
1352 2908 1587 2954 A'yfigenia
1614 2906 1690 2942 FC
1705 2908 1718 2951 ΙΙ
1743 2909 1786 2940 15
1812 2905 1905 2940 haut
1931 2904 2008 2940 FO
2035 2905 2038 2951 Ι

338 2962 380 2994 17
399 2954 561 3003 infringe
581 2956 622 2992 F
643 2956 846 3002 infringere
867 2956 897 2991 Ο
913 2956 926 3001 [Ι
947 2959 989 2991 18
1010 2957 1152 3003 autem]
1173 2957 1271 2992 enim
1290 2957 1330 2991 F
1338 2956 1368 2991 Ο
1382 2957 1394 3001 ΙΙ
1414 2956 1561 3001 exinde]
1581 2954 1667 2989 inde
1687 2952 1764 2987 FC
1778 2954 1791 2997 ss
1811 2955 1854 2987 19
1875 2952 2019 2987 auferre

337 3016 424 3041 aure
447 3005 491 3041 H
504 3007 517 3051 ΙΙ
535 3004 680 3050 figitiuo
699 3003 736 3039 R
754 3006 766 3049 ΙΙ
785 3007 831 3038 20
856 3003 904 3038 ad
929 3002 1071 3049 priscae
1097 3004 1285 3048 maginem
1311 3004 1342 3038 G
1378 3014 1400 3037 a
1425 3002 1487 3048 (ad
1513 3004 1550 3047 a)
1576 3002 1717 3046 priscae
1741 2999 1904 3044 imagine
1931 2999 2037 3044 (ima-

909 3058 927 3077 a
1734 3064 1736 3066 ’
1778 3061 1804 3078 Γ.

336 3089 462 3134 ginem
487 3088 525 3134 a)
556 3086 593 3121 A
637 3099 660 3122 a
691 3086 834 3132 priscae
864 3085 1004 3131 imgine
1030 3084 1059 3121 S
1099 3085 1147 3119 ad
1177 3084 1357 3130 pristinae
1388 3084 1589 3129 imaginem
1616 3082 1666 3117 M
1696 3083 1709 3126 ΙΙ
1745 3080 1939 3116 dimicanti
1964 3080 2004 3115 F
2034 3079 2038 3126 Ι

337 3140 381 3171 22
408 3137 522 3171 istum
545 3134 649 3181 inde]
684 3134 871 3169 indestum
897 3133 937 3168 F
969 3133 1056 3168 inde
1081 3132 1195 3167 istum
1222 3132 1253 3167 Ο
1280 3133 1292 3176 ΙΙ
1329 3131 1443 3176 enim]
1478 3133 1559 3166 erat
1583 3130 1619 3164 R
1649 3132 1661 3174 ΙΙ
1697 3132 1744 3163 24
1775 3130 1815 3163 et
1839 3128 1888 3163 ad
1913 3138 2018 3162 sacra

338 3184 427 3228 quia
452 3182 500 3218 ad
525 3193 630 3217 sacra
657 3181 697 3216 F
711 3182 725 3226 ΙΙ
743 3181 935 3227 accedere]
964 3180 1074 3216 aliter
1098 3179 1272 3215 accedere
1298 3177 1451 3213 FOAS
1460 3178 1509 3212 M
1523 3179 1536 3222 ss
1564 3181 1609 3212 25
1635 3177 1761 3211 autem
1786 3187 1852 3210 om.
1879 3174 1919 3209 F
1947 3176 1959 3220 ΙΙ
1990 3178 2035 3210 26

337 3231 408 3266 1100
434 3230 505 3276 est]
531 3230 603 3265 hoc
629 3228 720 3264 dicit
744 3228 817 3264 AS
826 3229 874 3262 M
890 3229 902 3273 ΙΙ
929 3228 1166 3273 phitagoram
1192 3226 1237 3261 H
1268 3226 1517 3271 phytagoram
1545 3225 1593 3259 M
1608 3224 1622 3269 ΙΙ
1645 3227 1690 3259 27
1715 3222 1835 3259 vitam
1859 3233 1923 3257 om.
1951 3221 1989 3258 R
