2124 3600
246 1021 290 1053 10

250 1378 292 1409 15

249 1735 295 1766 20

254 2092 297 2123 25

312 263 339 304 6
1088 262 1142 298 SE
1148 262 1250 298 RVII

312 373 565 428 ignorantes
609 371 808 426 inplicati
851 374 953 414 sunt
996 374 1040 415 et
1083 387 1179 415 cum
1218 373 1385 428 ingenti
1423 369 1687 428 turpitudine
1724 375 1901 417 resoluti
1939 375 2018 417 sub

312 443 566 486 testimonio
616 445 870 486 cunctorum
919 442 1109 486 deorum.
1171 443 1285 498 quod
1334 444 1497 486 factum
1547 444 1694 487 Venus
1744 445 2022 488 vehementer

313 515 464 557 dolens
509 514 690 570 stirpem
734 528 904 556 omnem
950 513 1062 556 Solis
1111 515 1313 570 persequi
1362 515 1552 557 infandis
1603 517 1823 559 amoribus
1868 516 2021 573 coepit.

313 586 448 642 igitur
478 585 710 641 Pasiphae,
749 584 862 628 Solis
893 586 1002 641 filia,
1040 584 1198 628 Minois
1230 585 1346 641 regis
1378 585 1531 628 Cretae
1562 601 1688 642 uxor,
1729 587 1844 629 tauri
1876 602 2021 630 amore

314 657 515 713 flagravit
554 659 598 699 et
642 659 735 699 arte
772 656 958 699 Daedali
999 657 1166 699 inclusa
1209 657 1324 699 intra
1362 671 1538 699 vaccam
1578 657 1785 714 ligneam,
1827 661 2022 714 saeptam

315 729 431 772 corio
462 729 670 772 iuvencae
700 728 1032 784 pulcherrimae,
1070 742 1166 770 cum
1204 730 1329 771 tauro
1368 728 1618 780 concubuit,
1655 729 1767 771 unde
1798 731 1925 772 natus
1958 732 2025 773 est

315 800 606 862 Minotaurus,
639 799 713 855 qui
743 799 859 841 intra
884 799 1185 854 labyrinthum
1209 799 1398 842 inclusus
1424 799 1627 842 humanis
1655 801 1855 843 carnibus
1883 816 2024 844 vesce-

316 872 456 914 batur.
517 871 591 914 sed
629 871 771 914 Minos
810 870 862 912 de
899 870 1115 925 Pasiphae
1152 870 1306 913 habuit
1343 871 1502 913 liberos
1540 872 1704 928 plures,
1742 872 2021 929 Androgeum

316 943 537 986 Ariadnen
568 943 822 995 Phaedram.
885 942 958 984 sed
991 942 1248 998 Androgeus
1283 957 1380 985 cum
1404 946 1527 985 >esset
1559 943 1724 986 athleta
1755 943 2021 987 fortissimus

317 1017 361 1058 et
391 1007 616 1071 superaret
653 1015 698 1057 in
736 1014 951 1070 agonibus
989 1015 1165 1056 cunctos
1205 1013 1320 1068 apud
1351 1013 1568 1069 Athenas,
1609 1014 1948 1058 Atheniensibus
1982 1019 2026 1058 et

316 1086 470 1129 vicinis
493 1086 823 1143 Megarensibus
855 1085 1089 1128 coniuratis
1122 1085 1286 1127 occisus
1320 1087 1397 1127 est.
1448 1085 1561 1140 quod
1586 1084 1727 1127 Minos
1760 1086 1907 1128 dolens
1940 1087 2024 1129 col-

316 1158 440 1200 lectis
472 1158 655 1200 navibus
688 1158 803 1199 bella
834 1156 1070 1199 commovit
1102 1158 1145 1197 et
1175 1156 1300 1198 victis
1326 1156 1666 1198 Atheniensibus
1697 1171 1882 1212 poenam
1914 1158 2025 1200 hanc

319 1229 491 1285 statuit,
531 1231 580 1271 ut
617 1228 798 1284 singulis
832 1228 1072 1283 quibusque
1111 1227 1236 1268 annis
1276 1229 1441 1282 septem
1481 1226 1530 1269 de
1567 1227 1668 1268 filiis
1701 1229 1744 1269 et
1776 1230 1943 1283 septem
1976 1228 2026 1271 de
2058 1224 2062 1228 ”

317 1300 489 1342 filiabus
528 1300 617 1342 suis
656 1299 841 1342 edendos
872 1298 1120 1340 Minotauro
1160 1298 1393 1340 mitterent.
1455 1298 1533 1340 alii
1571 1299 1714 1341 (liennt
1743 1313 1770 1340 a
1799 1298 1944 1342 Minoe
1981 1301 2028 1342 in

318 1372 500 1414 vimlieta
523 1371 606 1425 filii
630 1372 767 1426 occisi,
791 1371 898 1413 sient
921 1369 1076 1412 dietum
1100 1371 1174 1424 est,
1200 1368 1337 1411 Iovem
1361 1372 1560 1423 royatnm.
1598 1371 1671 1423 qni
1695 1384 1786 1412 eam
1806 1370 2029 1413 Athenien-

317 1444 431 1486 sibus
472 1443 752 1497 pestilentiam
794 1442 987 1493 misisset,
1029 1443 1294 1495 praeceptum
1336 1440 1500 1483 oraenlo
1542 1444 1601 1483 est
1641 1442 1688 1483 de
1730 1446 1877 1496 septem
1925 1443 2028 1497 filiis

318 1515 473 1557 annuis
503 1515 561 1556 ael
583 1512 823 1556 Minotauri
845 1516 1018 1567 pastam
1048 1512 1282 1566 diriyendis.
1334 1511 1407 1553 sed
1438 1512 1567 1553 tertio
1601 1527 1711 1554 anno
1746 1512 1883 1569 Aegei
1914 1513 2028 1556 filius

320 1586 510 1628 Theseus
542 1585 701 1627 missus
734 1586 818 1640 est,
858 1586 1014 1640 potens
1045 1586 1138 1625 tam
1168 1583 1330 1625 virtute
1363 1597 1491 1638 quam
1524 1582 1676 1626 forma.
1739 1571 1941 1639 quicum
1973 1586 2028 1628 ab

320 1657 511 1700 Ariadne
549 1657 664 1712 regis
701 1656 791 1698 filia
829 1657 999 1699 amatus
1037 1654 1208 1710 fuisset,
1251 1653 1433 1696 Daedali
1472 1655 1655 1697 consilio
1695 1655 1920 1710 labyrinthi
1955 1655 2027 1698 filo

321 1730 403 1772 iter
442 1728 552 1770 rexit
590 1731 633 1770 et
669 1729 823 1769 necato
862 1726 1109 1769 Minotauro
1148 1740 1244 1768 cum
1282 1727 1408 1780 rapta
1444 1724 1632 1768 Aria-dne
1669 1726 1809 1769 victor
1847 1727 2029 1783 aufugit.

322 1815 431 1856 quae
464 1814 560 1842 cum
592 1799 738 1842 omnia
765 1798 955 1841 factione
982 1797 1163 1840 Daedali
1187 1796 1327 1839 Minos
1354 1797 1707 1852 deprehendisset
1732 1798 1900 1852 effecta,
1932 1813 2027 1841 eum

321 1886 419 1915 cum
458 1871 582 1913 Icaro
626 1871 715 1913 filio
761 1869 1019 1913 servandum
1061 1869 1107 1911 in
1150 1868 1446 1923 labyrinthum
1490 1869 1632 1910 trusit.
1695 1869 1769 1911 sed
1812 1868 2029 1912 Daedalus

322 1942 536 1998 corruptis
569 1941 828 2000 custodibus!
851 1941 929 1996 vel,
965 1943 1011 1982 ut
1045 1940 1215 1994 qnidam
1247 1940 1434 1991 tradunt,
1471 1940 1522 1982 ab
1552 1941 1698 1982 amieis
1734 1940 1812 1982 sub
1842 1940 2029 1983 faciendi

324 2014 513 2056 muneris
540 2013 699 2069 specie,
731 2027 814 2068 quo
842 2012 1076 2054 simulabat
1108 2026 1235 2066 posse
1267 2025 1413 2066 regem
1445 2011 1627 2066 placari,
1659 2026 1802 2054 ceram
1833 2015 1872 2054 et
1896 2012 2028 2054 linum

325 2086 490 2141 accepit
521 2087 564 2127 et
588 2099 770 2140 pennas,
801 2086 845 2126 et
870 2082 968 2124 inde
996 2085 1087 2124 tam
1113 2082 1197 2124 sibi
1223 2097 1352 2137 quam
1377 2082 1466 2124 filio
1493 2082 1573 2124 alis
1599 2082 1799 2137 inpositis
1828 2083 2029 2126 evolavit.

419 2242 437 2272 1
464 2236 641 2282 impliciti
667 2237 701 2272 G
724 2237 736 2282 ΙΙ
762 2241 782 2271 2
808 2234 1026 2271 testimonia
1050 2234 1124 2270 AS
1148 2235 1252 2278 (corr.
1281 2234 1322 2269 in
1346 2237 1497 2279 utroque
1521 2246 1617 2270 man.
1645 2236 1727 2280 ree.)
1755 2237 1768 2281 ΙΙ
1801 2239 1821 2271 5
1847 2216 2030 2282 flagrabat

323 2283 454 2322 ASM
481 2286 656 2330 mythoyr.
684 2285 713 2319 I
746 2285 758 2331 ΙΙ
795 2285 938 2328 septem
970 2282 1146 2318 AGRH
1179 2282 1323 2327 septam
1355 2281 1477 2317 GSM
1482 2294 1506 2317 a
1541 2283 1554 2326 ΙΙ
1592 2286 1611 2317 7
1646 2281 1873 2318 laberintum
1898 2283 2032 2319 AGH

796 2339 814 2358 Ο

324 2366 578 2404 laberinthum
596 2367 692 2402 ΒΜ
726 2366 956 2412 labyrintum
979 2366 1010 2401 G
1024 2367 1037 2411 ΙΙ
1057 2370 1077 2401 9
1097 2364 1288 2400 ariannem
1307 2364 1343 2399 A
1381 2364 1572 2400 ariadnem
1590 2364 1685 2400 RM
1686 2378 1710 2401 a
1747 2365 1935 2401 ariennem
1955 2366 2002 2401 H
2014 2366 2026 2413 ΙΙ

325 2416 465 2462 pedran
491 2415 525 2450 G
562 2414 743 2460 phedram
770 2413 835 2449 OS
871 2414 1013 2449 fedram
1039 2413 1174 2448 ARM
1203 2411 1368 2447 fredram
1392 2412 1463 2466 HJ}
1490 2416 1533 2447 10
1553 2413 1600 2448 ab
1620 2412 1908 2449 Atheniensibus
1928 2413 1979 2448 M
1997 2418 2030 2450 et

324 2464 499 2517 mpthoyr.
526 2461 555 2496 I
575 2465 608 2497 et
631 2461 686 2496 II
713 2462 726 2506 ΙΙ
765 2465 806 2496 11
834 2460 954 2496 11111108
981 2462 1039 2505 est
1065 2460 1194 2497 dolens
1208 2460 1255 2515 ‘A
1286 2460 1299 2504 ΙΙ
1338 2462 1379 2494 12
1410 2460 1542 2495 uinctis
1568 2460 1602 2495 G
1631 2461 1664 2515 11,
1683 2464 1730 2514 13·
1752 2462 1790 2495 et
1815 2462 1958 2506 septem
1984 2461 2029 2497 de

324 2508 679 2604 Ἑξῗὲῑέηίηῗθὲα
692 2512 739 2591 1ἒ
759 2509 973 2591 Πίοοέἒέιοῗώ
990 2507 1247 2602 εὲῗζωέαἶῗῑ
1258 2507 1605 2600 law-iffi?
1620 2507 2031 2601 ἕἾῗΙῖῗᾛᾎξὲῑζὲἓὲ

327 2605 536 2640 Masvicins
561 2604 574 2648 11
599 2603 762 2648 septenis
785 2603 925 2638 Daniel
943 2605 1091 2657 primus
1114 2605 1127 2649 ΙΙ
1159 2605 1203 2656 1ξ
1229 2601 1276 2636 ab
1301 2613 1367 2637 om.
1394 2601 1519 2636 ASH
1539 2603 1652 2647 (supr.
1678 2613 1766 2638 vers.
1792 2603 1911 2648 suppl.
1938 2604 1993 2648 as)
2019 2603 2030 2659 [Ι

330 2657 371 2687 19
399 2651 548 2687 arianne
574 2650 706 2686 AGH
726 2652 832 2694 (corr.
853 2651 889 2694 a)
926 2651 1056 2686 riadne
1078 2650 1109 2686 G
1142 2649 1320 2703 ariadnae
1343 2649 1380 2683 R
1397 2649 1410 2694 ΙΙ
1427 2660 1473 2702 {³}
1497 2650 1655 2685 Daedali
1681 2650 1837 2686 consilio
1861 2650 2000 2686 Daniel
2019 2651 2028 2695 [ι

325 2698 521 2735 labirinthi
548 2699 582 2772 6ᾶῦ
611 2699 624 2743 ΙΙ
654 2697 731 2733 filio
758 2698 793 2733 G
828 2697 906 2733 filia
931 2698 976 2732 H
1002 2700 1013 2744 ΙΙ
1050 2702 1096 2734 20
1127 2699 1201 2734 iter
1225 2696 1336 2744 rexit]
1363 2697 1383 2731 ἱ
1408 2708 1471 2731 rcx
1496 2697 1543 2732 H
1567 2698 1580 2742 ΙΙ
1616 2698 1765 2744 necato]
1798 2697 1928 2736 innato
1953 2698 1998 2733 H
2018 2697 2030 2743 ΙΙ

326 2785 433 2818 tauro
460 2781 494 2817 G
511 2782 524 2826 ΙΙ
543 2781 695 2826 ariagne
723 2779 755 2815 G
787 2780 939 2815 arianne
965 2779 1054 2815 AH
1075 2781 1178 2825 (corr.
1206 2781 1242 2824 a)
1261 2780 1274 2825 ΙΙ
1302 2783 1344 2815 21
1373 2779 1520 2815 actione
1548 2780 1581 2816 G
1599 2781 1612 2826 ΙΙ
1635 2780 1856 2826 repperisset
1882 2779 1914 2815 G
1946 2791 2030 2825 rep-

326 2829 466 2875 perisse
493 2830 527 2864 G
551 2830 564 2874 ΙΙ
591 2832 635 2864 22
663 2839 747 2863 cum
772 2839 838 2864 om.
866 2827 911 2862 H
925 2829 936 2873 ΙΙ
955 2827 1079 2862 iacaro
1109 2827 1143 2863 G
1179 2828 1275 2863 itaro
1301 2827 1347 2862 H
1359 2827 1372 2872 ΙΙ
1389 2827 1467 2863 filio
1492 2839 1558 2863 om.
1586 2827 1660 2863 AS
1674 2829 1686 2873 ΙΙ
1705 2826 1920 2863 labirintum
1947 2827 2034 2863 GH

398 2885 416 2903 0

326 2910 553 2957 labyrintum
580 2910 612 2947 Ο
644 2909 874 2954 labyrintum
900 2909 935 2944 A
972 2910 1223 2945 laberinthum
1247 2910 1344 2945 RM
1371 2911 1383 2954 ΙΙ
1419 2914 1465 2945 24
1491 2910 1693 2946 simulabat
1722 2921 1760 2945 se
1791 2920 1917 2954 regem
1948 2909 2028 2954 pla-

328 2970 411 2995 care
436 2970 544 3004 posse
570 2958 644 2994 GC
666 2959 677 3003 ΙΙ
706 2961 751 2993 25
776 2956 916 3002 accipit
942 2957 975 2991 G
1012 2957 1158 3002 accepit
1183 2969 1227 2992 ex
1252 2958 1390 3002 accipit
1417 2957 1475 3003 011
1500 2960 1538 2993 et
1562 2969 1629 2993 om.
1655 2957 1727 2992 AS
1734 2957 1779 2991 H
1800 2958 1913 3002 (supr.
1938 2967 2026 2993 vers.

326 3007 445 3052 suppl.
472 3008 527 3050 as)
558 3007 570 3052 ΙΙ
606 3006 740 3051 pinnas
767 3004 853 3040 GH
891 3015 1032 3049 pennas
1056 3015 1100 3040 ea:
1125 3004 1258 3049 pinnas
1285 3005 1316 3039 G
1343 3006 1355 3050 ΙΙ
1393 3006 1431 3039 et
1455 3005 1540 3040 inde
1565 3005 1632 3040 Ra
1658 3008 1690 3040 et
1713 3005 1887 3050 mythoyr.
1915 3004 1957 3038 I:
1990 3006 2030 3038 et

326 3055 424 3090 unde
443 3052 481 3089 A
514 3052 656 3101 sllunde
682 3052 728 3087 H
758 3052 856 3087 unde
877 3051 1042 3087 GO'SM
1077 3051 1207 3087 exinde
1226 3052 1401 3097 mythoqr.
1421 3052 1474 3086 II
1486 3053 1499 3097 ΙΙ
1518 3052 1572 3087 las
1598 3050 1779 3097 inpositas
1799 3051 1834 3085 A
1861 3052 1968 3096 (corr.
1989 3052 2027 3095 a)

328 3111 407 3173 alas
439 3109 635 3183 impositas
660 3136 689 3172 S
725 3135 822 3182 alisls
853 3134 1034 3180 inpositus
1061 3134 1106 3169 H
1136 3135 1149 3179 ss
1187 3133 1368 3179 evolavit]
1402 3135 1440 3168 et
1463 3133 1609 3169 uolauit
1634 3133 1667 3169 G
1691 3134 1777 3168 haee
1802 3133 1940 3168 addens
1964 3144 2029 3178 per

329 3196 512 3220 summam
546 3183 704 3219 carceris
735 3182 846 3228 (aeris
872 3183 1011 3218 Daniel
1034 3181 1137 3217 aedis
1164 3180 1415 3226 Commelinns)
1447 3182 1592 3226 partem
1624 3191 1719 3225 quae
1751 3180 1850 3226 apud
1882 3180 2027 3215 ueteres

328 3233 406 3268 sine
432 3232 532 3268 tecto
559 3232 639 3268 erat
663 3243 746 3267 cum
771 3230 848 3266 filio
875 3230 951 3275 (filo
974 3229 1126 3274 Daniel)
1152 3229 1272 3265 uoluit
1297 3228 1456 3275 (uolauit
1480 3228 1618 3264 Daniel
1639 3228 1796 3273 primus)
1822 3228 1901 3273 ipse
1925 3227 2030 3263 iuxta
