2092 3614
318 272 406 314 242
1094 274 1257 311 SERVII

318 396 428 433 aves,
460 395 566 435 quae
595 382 791 425 alumnae
824 383 984 426 Martis
1012 383 1143 436 fuisse
1173 385 1384 438 dicuntur,
1421 398 1525 438 quae
1554 385 1626 427 hoc
1646 388 1878 440 periculum
1908 389 2033 442 reyio-

315 453 439 495 nibus
469 453 727 509 inroyabant,
752 455 862 508 quod
884 468 975 496 cum
1001 458 1128 496 essent
1145 455 1368 510 plurimae,
1393 456 1572 498 volantes
1599 460 1759 500 tantum
1782 459 2030 513 plumarum

315 525 440 576 dese
476 525 726 576 emittebant,
769 529 815 566 ut
853 525 1037 567 homines
1074 528 1111 566 et
1148 526 1356 567 animalia
1391 532 1600 583 necarent,
1644 543 1764 583 ayros
1801 533 1839 571 et
1873 531 2032 572 semina

314 596 457 637 omnia
487 597 744 650 cooperirent.
800 597 895 639 inde
925 596 1052 638 ovilia
1082 597 1351 638 Elidensium
1380 599 1505 653 reyis,
1536 613 1640 652 quae
1668 603 1838 643 stercore
1870 602 2032 644 anima-

268 675 289 706 5
316 667 420 709 lium
450 670 631 721 conyesto
657 668 935 721 pestilentiam
961 670 1046 708 tam
1071 668 1159 709 suis
1188 681 1313 720 quam
1344 668 1491 710 vicinis
1521 670 1752 722 regionibus
1783 677 2030 724 creaverant,

314 739 485 780 inmisso
510 738 668 791 Alpheo
691 738 864 791 flumine
885 739 1085 791 puryavit
1108 741 1147 779 et
1171 739 1402 792 reqionilms
1425 740 1665 782 salubritate
1689 743 1863 798 reddita,
1894 744 2029 797 ipsum

313 824 444 864 reyem
487 813 634 863 neyata
676 809 756 851 sibi
797 810 974 851 mercede
1001 810 1229 851 interemit.
1291 810 1386 851 inde
1428 824 1546 863 equos
1586 811 1801 856 Diomedis
1844 813 2028 868 Thracis,

312 883 385 934 qui
421 881 616 923 humanis
654 880 848 922 carnibus
883 880 1160 935 vescebantur,
1200 881 1382 923 abduxit.
1445 882 1539 923 inde
1576 884 1634 924 ad
1661 884 1914 940 Hippolytae
1944 887 2028 928 cin-

308 953 454 1006 yulum
476 953 692 1006 petendum
717 951 902 1005 perrexit
925 965 1092 1005 eamque
1116 952 1251 993 ablato
1277 952 1438 1006 cinyulo
1463 955 1679 1006 superavit.
1722 956 1780 997 ad
1798 956 2027 1011 Geryonem

244 1033 288 1064 10
313 1027 467 1077 autem,
503 1024 608 1065 sicut
642 1024 730 1064 iam
766 1036 895 1076 supra
927 1021 1040 1077 <VII
1073 1022 1190 1076 662>
1226 1023 1379 1064 dictum
1416 1027 1488 1078 est,
1526 1026 1625 1066 navi
1661 1039 1787 1073 aenea
1816 1029 2028 1082 naviyavit

302 1083 423 1149 'teryo
449 1095 578 1137 leonis
601 1094 828 1148 velificans,
859 1093 994 1147 ibique
1016 1095 1206 1147 primum
1235 1108 1394 1150 canem,
1425 1095 1639 1137 Echidnae
1662 1097 1816 1151 filium,
1841 1101 2026 1155 peremit,

311 1167 457 1208 deinde
486 1166 726 1220 Eurytiona
750 1168 978 1219 pastorem,
1009 1165 1169 1207 Illartis
1197 1166 1351 1219 filium,
1383 1167 1601 1208 novissime
1633 1167 1879 1224 Geryonem,
1910 1171 2026 1213 cuius

311 1239 487 1280 abduoeit
525 1240 726 1280 armenta.
789 1237 883 1278 item
924 1237 981 1278 ad
1014 1236 1270 1290 Hesperidas
1306 1238 1502 1292 perrexit,
1546 1242 1584 1280 et
1619 1239 1845 1293 Antaeum,
1888 1242 2024 1294 filium

315 1309 483 1365 Terrae,
513 1310 665 1351 victum
697 1308 915 1350 luctatione
943 1309 1110 1350 necavit.
1165 1309 1260 1350 inde
1290 1309 1336 1350 in
1367 1309 1550 1363 Aeyypto
1582 1309 1824 1353 Busiridem
1854 1313 2023 1368 necavit,

243 1395 285 1426 15
309 1383 383 1436 qui
412 1382 667 1424 advenientes
697 1379 872 1434 hospites
902 1379 1116 1421 immolare
1145 1383 1412 1422 consueverat.
1458 1384 1551 1433 post-
1574 1380 1881 1438 Prometheum,
1912 1383 2026 1426 Iovis

310 1454 483 1507 imperio
519 1453 566 1494 in
603 1450 786 1494 Caucaso
824 1454 959 1493 monte
995 1450 1229 1504 reliyatum,
1271 1451 1400 1492 occisa
1440 1452 1601 1505 soyittis
1641 1454 1784 1506 aquila
1827 1454 2023 1496 liberavit.

309 1525 533 1573 Acheloum
564 1525 688 1566 etiam
717 1522 910 1577 fluvium,
942 1522 1014 1575 qui
1044 1535 1085 1564 se
1108 1525 1277 1576 propter
1301 1521 1570 1578 Deianiram,
1604 1523 1727 1566 Oenei
1755 1525 1912 1581 filiam,
1943 1539 2022 1568 cer-

309 1598 434 1639 tando
459 1610 551 1639 cum
569 1594 748 1638 Hercule
772 1595 818 1636 in
846 1594 1008 1646 formas
1032 1594 1174 1636 varias
1205 1594 1495 1648 commutabat,
1528 1598 1732 1637 mutatum
1764 1597 1809 1638 in
1842 1599 2021 1649 taurum,

308 1669 449 1711 avulso
480 1668 531 1710 ab
563 1668 634 1710 illo
665 1663 810 1719 cornu,
841 1666 1012 1708 victoria
1042 1666 1175 1707 cedere
1205 1665 1397 1719 conpulit.
1442 1669 1539 1719 post
1571 1666 1729 1721 Lycum
1759 1682 1908 1723 reyem,
1938 1669 2021 1723 qui,

237 1753 283 1785 2ο
307 1754 349 1783 se
379 1741 493 1794 apud
521 1739 676 1792 inferos
700 1737 933 1787 constituto,
959 1736 1179 1791 Meyaram
1210 1750 1378 1778 uxorem
1409 1738 1496 1779 eius
1528 1740 1807 1792 temptaverat,
1839 1753 2022 1782 reversus

299 1812 497 1866 peremit:
521 1812 691 1864 propter
721 1809 838 1851 cuius
868 1821 1001 1850 necem
1025 1807 1135 1850 Iuno
1166 1808 1203 1849 ei
1228 1808 1440 1849 insaniam
1471 1809 1601 1865 misit,
1632 1813 1680 1851 ut
1707 1824 1877 1852 uxorem
1907 1824 2021 1853 neca-

307 1887 370 1926 ret
398 1897 447 1925 ac
476 1883 597 1937 filios,
646 1881 718 1935 qui
741 1883 854 1934 post,
886 1883 1043 1933 recepta
1074 1879 1270 1934 sanitate,
1302 1893 1392 1920 cum
1418 1881 1690 1934 expiationem
1712 1882 1939 1936 parricidii
1969 1882 2020 1924 ab

307 1955 502 2010 Apolline
530 1954 698 2009 petisset
735 1966 806 1994 nec
843 1952 894 1994 ab
931 1965 974 1993 eo
1005 1964 1200 2004 responsa
1237 1952 1464 2006 meruisset,
1503 1953 1570 1994 ira
1607 1954 1783 1996 concitus
1819 1955 2020 1996 cortinam

307 2029 443 2081 ipsam
486 2030 523 2068 et
565 2025 761 2079 tripodem
797 2023 1011 2077 Apollinis
1052 2022 1240 2064 sustulit:
1285 2022 1332 2064 ob
1375 2024 1483 2076 quod
1523 2025 1658 2066 iratus
1697 2025 1886 2079 Iuppiter
1928 2039 2020 2067 eum

237 2110 282 2144 25
311 2097 537 2152 Omphalae
575 2097 724 2139 servire
759 2095 975 2149 praecepit.
1036 2093 1153 2135 cuius
1191 2093 1289 2146 finis
1328 2093 1600 2137 humanitatis
1639 2096 1736 2137 talis
1771 2096 1865 2149 fuit.
1920 2111 2019 2139 *cum

306 2170 559 2213 Deianiram
590 2168 800 2221 coniuyem
823 2180 902 2220 per
932 2165 1124 2219 fluvium,
1161 2165 1204 2205 in
1235 2178 1313 2218 quo
1345 2165 1500 2208 Nessus
1532 2165 1763 2210 Centaurus
1793 2182 2016 2210 commean-

307 2246 363 2284 tes
404 2239 698 2293 transvehebat,
741 2239 866 2280 etiam
903 2236 1101 2279 Hercules
1139 2235 1393 2278 transvehere
1429 2238 1560 2288 vellet,
1603 2252 1731 2280 ausus
1766 2242 1825 2280 est
1861 2239 2017 2282 Nessus

306 2313 454 2355 occulte
477 2309 730 2354 Deianiram
760 2311 809 2352 de
838 2312 979 2363 stupro
1003 2307 1274 2360 interpellare.
1317 2309 1425 2361 quod
1454 2322 1544 2350 cum
1567 2309 1766 2351 Hercules
1790 2311 2022 2364 aynovisset

306 2385 485 2427 Nessum
511 2384 693 2438 peremit.
742 2383 812 2425 sed
830 2381 987 2424 Nessus
1011 2380 1189 2422 moriens
1207 2379 1458 2421 Deianiram
1489 2381 1666 2435 monuit,
1696 2384 1744 2422 ut
1772 2383 2015 2435 sanquinem

235 2468 280 2499 30
304 2470 427 2499 suum
463 2458 670 2508 exceptum
705 2456 899 2507 servaret,
935 2455 972 2494 et
1001 2452 1039 2493 si
1068 2451 1232 2505 quando
1273 2440 1510 2493 advertisset
1538 2451 1759 2494 Herculem
1796 2453 1928 2494 altera
1955 2453 2014 2506 fe-

402 2588 420 2618 1
449 2583 611 2618 alumine
637 2582 718 2617 FT
733 2583 745 2628 ΙΙ
764 2586 784 2616 2
810 2581 981 2616 u01entes
1009 2579 1049 2615 F
1064 2581 1075 2626 11
1094 2578 1320 2625 plumarum]
1349 2580 1629 2624 stercorumque
1655 2580 1739 2615 add.
1766 2580 1806 2615 D
1824 2581 1836 2627 ΙΙ
1854 2584 1875 2616 3
1901 2591 2011 2616 neca-

304 2634 432 2675 rentug·
457 2631 496 2666 D
526 2631 538 2677 ll
575 2641 665 2676 agro
692 2630 758 2665 sed
783 2629 822 2664 F
850 2630 862 2675 ΙΙ
899 2631 920 2662 4
946 2626 1201 2672 cooeperirent
1226 2626 1267 2660 F
1294 2627 1305 2673 ΙΙ
1335 2626 1422 2661 inde
1449 2656 1456 2663 .
1479 2655 1485 2662 .
1508 2655 1515 2662 .
1543 2626 1657 2673 regis]
1695 2628 1781 2663 inde
1818 2628 1864 2663 ab
1901 2629 2013 2673 augia

305 2680 499 2716 eliensium
525 2688 612 2723 rege
638 2677 792 2722 rogatus
819 2675 934 2711 ouilia
954 2675 991 2710 D
1010 2676 1021 2721 ΙΙ
1040 2675 1137 2709 unde
1164 2673 1204 2708 F
1218 2675 1231 2719 ΙΙ
1249 2673 1391 2709 bovilia
1417 2675 1623 2709 Masvz'cius
1642 2675 1654 2721 fl
1673 2678 1694 2709 5
1720 2686 1830 2719 quam
1857 2676 1897 2710 et
1921 2675 2010 2710 uici-

305 2728 363 2763 nis
391 2727 428 2762 F
445 2727 457 2773 ΙΙ
475 2725 673 2761 creuerant
697 2724 737 2759 F
752 2725 765 2768 ΙΙ
790 2727 811 2758 6
837 2722 1056 2768 repurgauit
1081 2721 1120 2756 F
1135 2722 1147 2767 ΙΙ
1178 2725 1196 2756 7
1224 2721 1318 2756 ande
1344 2721 1384 2756 F
1399 2723 1411 2767 ΙΙ
1430 2721 1620 2757 diomedes
1647 2721 1688 2756 F
1702 2724 1714 2769 ΙΙ
1734 2722 1905 2768 Thracis]
1932 2725 2009 2758 tra-

306 2776 384 2810 chis
411 2773 500 2818 FT,
526 2783 592 2808 om.
618 2772 657 2807 D
681 2773 694 2817 {1
724 2775 744 2806 8
770 2770 868 2806 unde
895 2770 934 2804 F
955 2771 968 2814 ΙΙ
996 2770 1044 2804 ad.
1068 2768 1123 2804 D:
1150 2769 1197 2804 ab
1225 2768 1306 2803 FT
1328 2770 1340 2815 ΙΙ
1363 2768 1534 2814 yppolite
1562 2769 1642 2804 FT
1666 2771 1678 2816 ΙΙ
1710 2773 1730 2804 9
1757 2780 1914 2815 eumque
1943 2770 1978 2805 T
1998 2769 2012 2816 Η

305 2833 501 2868 gersonem
526 2820 607 2855 FT
623 2821 635 2867 ΙΙ
662 2823 705 2855 10
730 2828 864 2854 aeneas
894 2817 925 2851 T
942 2819 954 2862 ΙΙ
981 2820 1022 2851 11
1051 2827 1139 2862 ergo
1166 2815 1248 2850 FT
1261 2817 1274 2861 ΙΙ
1293 2818 1439 2852 cantem
1466 2817 1526 2851 edi
1550 2816 1590 2850 id
1615 2827 1661 2852 ne
1685 2816 1803 2852 filium
1830 2817 1869 2852 F
1901 2819 2008 2852 cante

304 2869 500 2904 mechidne
525 2866 644 2903 filium
673 2866 707 2901 T
746 2867 851 2901 caute
883 2865 1084 2898 mathonae
1115 2863 1233 2898 filium
1259 2863 1315 2906 D,
1351 2875 1441 2899 corr.
1469 2864 1617 2900 Daniel.
1657 2863 1832 2899 Orthrum
1858 2875 1887 2899 ο.
1915 2863 1956 2899 Ε.
1983 2863 2008 2898 f.

307 2917 515 2951 Masvicius
544 2916 556 2960 ΙΙ
596 2918 638 2950 12
671 2912 862 2960 gerionem
888 2911 968 2946 FT
996 2912 1008 2955 ΙΙ
1047 2915 1089 2945 13
1122 2911 1168 2945 ab
1197 2910 1276 2945 FT
1303 2912 1316 2955 ΙΙ
1347 2910 1545 2955 hesperide,
1574 2911 1606 2945 T
1632 2912 1645 2956 ΙΙ
1676 2911 1901 2955 abantheum
1929 2910 1970 2945 F
2005 2912 2008 2956 Ι

307 2969 351 2999 14
375 2963 526 2999 necavit
550 2973 615 2998 om.
634 2961 673 2997 D
692 2963 703 3008 ΙΙ
725 2964 768 2995 15
794 2959 1051 3005 prometheum
1073 2957 1113 2991 F
1128 2959 1140 3002 ΙΙ
1161 2962 1203 2992 16
1230 2958 1351 2993 occiso
1376 2958 1409 2992 T
1422 2960 1435 3003 ΙΙ
1453 2957 1671 2993 liberauerit
1690 2957 1724 2992 T
1739 2959 1752 3003 ΙΙ
1772 2961 1815 2992 17
1834 2958 1988 2993 fluvium

303 3010 408 3046 fluuii
433 3010 543 3045 deum
568 3009 608 3044 D
625 3011 638 3054 ΙΙ
663 3007 907 3044 deseianiram
933 3004 1014 3040 FT
1034 3006 1046 3048 ΙΙ
1073 3004 1189 3038 filium
1221 3005 1254 3038 T
1275 3006 1288 3050 ΙΙ
1318 3009 1363 3040 20
1389 3005 1582 3050 Megaram
1609 3005 1830 3040 Masvicius:
1858 3016 2007 3050 megae-

303 3071 385 3094 ram
410 3058 506 3100 FT,
531 3067 597 3092 om.
624 3057 664 3091 D
682 3058 694 3103 ΙΙ
718 3060 762 3091 21
789 3054 847 3101 ut]
874 3055 913 3090 et
938 3052 1018 3088 FT
1034 3054 1047 3098 {l
1071 3051 1220 3086 neeauit
1249 3052 1282 3086 T
1296 3054 1307 3098 ΙΙ
1332 3056 1376 3087 22
1404 3052 1602 3087 sanitatem
1629 3051 1670 3086 F
1691 3053 1791 3097 (post
1815 3054 2005 3098 receptam

304 3106 506 3142 sanitatem
524 3104 674 3149 Daniel)
694 3105 707 3150 ΙΙ
726 3102 938 3148 expiatione
956 3100 1037 3135 FT
1053 3100 1065 3144 ΙΙ
1082 3098 1233 3143 parricii
1253 3099 1292 3133 F
1308 3101 1320 3144 ss
1339 3103 1384 3134 25
1404 3099 1526 3134 onfale
1547 3099 1587 3133 F
1616 3099 1731 3134 onfali
1754 3099 1787 3133 T
1803 3100 1815 3144 ΙΙ
1834 3104 1878 3135 26
1904 3099 2005 3135 deia—
2071 3116 2085 3130 ο

304 3165 434 3189 ueram
461 3153 495 3188 T
510 3153 523 3198 ΙΙ
546 3162 656 3186 nesus
683 3151 778 3193 FT,
802 3151 856 3185 sic
880 3153 913 3185 et
936 3148 1040 3192 infra
1065 3157 1200 3190 semper
1224 3147 1237 3191 ΙΙ
1265 3146 1474 3181 centauiros
1499 3145 1540 3179 F
1574 3147 1769 3182 centauros
1800 3148 1887 3190 TD,
1914 3158 2003 3183 corr.

303 3201 503 3237 Fabricius
532 3201 545 3246 ΙΙ
582 3203 626 3235 27
653 3197 894 3234 transuehere
919 3195 975 3231 D:
1006 3192 1211 3230 iransfuere
1237 3193 1277 3229 F
1317 3193 1474 3228 transire
1503 3193 1536 3227 T
1563 3194 1576 3238 ΙΙ
1606 3196 1650 3228 28
1677 3194 1890 3231 deianeram
1916 3194 2006 3239 FT,

301 3249 355 3284 sic
379 3253 412 3284 et
436 3249 540 3294 infra
558 3249 570 3295 ΙΙ
599 3259 682 3284 oum
708 3257 774 3282 om.
796 3245 837 3280 F
857 3246 871 3290 ΙΙ
902 3241 1138 3290 cognouisset
1161 3240 1201 3275 D
