2092 3614
526 270 678 308 OOMM.
705 271 757 306 ΙΝ
786 270 928 306 VERG.
955 270 1066 306 AEN.
1094 270 1143 305 IX
1169 274 1369 306 249—262.
1670 244 1685 254 r
1719 269 1804 311 333

91 381 263 435 yiique
292 383 517 437 penates,
553 394 670 434 quos
700 393 879 422 mecum
909 395 938 422 a
971 380 1121 421 Troia
1151 380 1323 422 mediis
1353 394 1409 422 ew
1439 380 1638 435 iynibus
1667 379 1807 422 urbis

95 453 378 495 extuleram.
438 453 510 506 qui
547 455 684 495 tamen
719 452 782 494 dii
810 451 883 505 qui
912 451 1014 506 sint,
1052 464 1080 492 a
1109 450 1281 493 diversis
1318 452 1431 493 carie
1468 452 1665 503 traditur,
1702 451 1809 494 sicut

95 537 224 583 supra
255 523 347 577 <111
376 524 488 579 119>
519 524 672 566 dictum
703 526 771 565 cst.

214 595 312 637 257.
364 607 515 638 CANAE
541 605 722 637 VESTAE
756 594 1035 650 venerabilis,
1069 593 1414 649 antiquissimae:
1445 594 1539 648 ipsa
1563 594 1673 636 enim
1697 594 1806 637 anti-

94 667 295 720 quissima
325 667 401 710 dea
431 670 504 721 est,
539 666 681 708 Terra.

215 737 312 781 258.
365 749 608 781 OBTESTOR
639 736 800 780 adiuro.
846 740 890 780 eb
920 739 987 780 est
1013 737 1118 780 ordo
1152 736 1307 779 ‘immo
1334 751 1434 793 ego,
1467 737 1535 779 cui
1567 738 1660 779 sola
1691 737 1806 780 salus

96 810 291 865 genitore
330 810 524 865 reducto,
566 824 643 852 vos
685 809 881 852 obtestor
917 824 996 865 per
1032 809 1152 864 deos,
1194 811 1393 851 revocate
1430 808 1688 864 parentem'.

96 893 315 924 FORTVNA
335 893 564 933 FIDESQVE
584 892 669 924 EST
695 880 739 923 id
766 883 833 923 est
859 880 1063 936 quicquid
1089 895 1203 935 casu,
1230 880 1432 936 quicquid
1459 880 1639 923 consilio
1666 894 1807 936 egero,

96 953 218 995 vobis
251 953 538 996 commit-tam:
577 967 678 995 nam
717 968 793 1008 per
823 952 951 995 fidem
984 951 1167 995 consilia
1199 952 1434 1008 significat,
1470 967 1549 1008 per
1585 952 1807 994 fortunam

95 1039 216 1080 opeS‚
247 1024 494 1080 imperium,
526 1019 759 1067 cuiuslibet
789 1025 852 1067 rei
883 1024 1236 1079 possibilitassem.
1285 1024 1364 1066 alii
1393 1025 1453 1066 sic
1484 1024 1676 1066 tradunt:
1708 1023 1807 1077 tfor-
1836 1032 1878 1062 10

94 1095 218 1138 tuna’
250 1100 298 1138 ut
318 1097 468 1152 possit,
501 1096 634 1151 ‘fides3
665 1099 713 1138 ut
741 1096 838 1139 velit
858 1096 1070 1150 promissa
1093 1095 1330 1149 persolvere.
1383 1095 1462 1138 alii
1493 1096 1575 1138 ita:
1606 1098 1809 1149 quantum

93 1168 216 1210 liabeo
244 1168 439 1221 fortunae
469 1168 516 1210 in
546 1169 690 1210 vestris
704 1181 824 1222 *pono
851 1168 1039 1222 yremiis,
1076 1168 1204 1220 doque
1233 1167 1356 1220 fidem
1386 1181 1450 1209 me
1480 1167 1542 1210 ita
1572 1167 1809 1209 animatum

94 1253 175 1282 esse
193 1242 239 1281 *et
261 1239 319 1282 sic
343 1240 512 1282 sentire:
545 1238 698 1295 ‘milii',
730 1240 880 1293 inquit,
908 1238 1046 1281 ‘habeo
1071 1239 1331 1281 coniunctam
1353 1239 1572 1291 fortunam
1596 1242 1635 1281 et
1657 1237 1807 1293 fidem'.

94 1324 194 1353 nam
219 1324 311 1352 cum
334 1311 521 1353 volumus
545 1311 747 1353 ostendere
771 1306 973 1365 quantum
993 1311 1039 1352 in
1059 1313 1203 1352 nostra
1225 1310 1282 1352 sit
1297 1313 1506 1366 potestate,
1532 1311 1612 1353 duo
1631 1311 1808 1353 dicimus

90 1381 305 1435 fortunam
335 1385 374 1424 et
400 1383 544 1436 fidem:
574 1382 747 1435 fortuna
772 1383 819 1425 de
843 1383 994 1425 nostris
1021 1385 1081 1425 est
1101 1382 1427 1436 possessionibus
1433 1415 1444 1437 ,
1474 1383 1575 1436 fides
1605 1385 1808 1436 quantum
1838 1390 1878 1421 15

94 1452 210 1495 nobis
240 1453 419 1496 creditur
448 1453 500 1495 ab
530 1454 723 1496 inimicis.
926 1507 933 1512 .

213 1524 312 1567 260.
361 1536 496 1567 NIHIL
530 1536 642 1568 ILLO
675 1537 838 1568 'rmer
871 1522 1084 1568 RECEPT'O
1119 1524 1323 1567 subaudis
1358 1524 1497 1567 ‘erist

214 1597 311 1639 261.
361 1614 539 1639 AJeGENTo
571 1614 764 1640 PERFECTA
794 1598 840 1639 id
869 1600 928 1639 est
958 1599 1042 1639 tota
1072 1599 1275 1651 arycntea.

213 1668 311 1711 262.
361 1679 570 1710 DEVICTA
608 1680 816 1711 GENITOR
856 1680 979 1719 QVAE
1020 1679 1156 1711 cumr
1196 1679 1363 1710 ARISBA
1409 1669 1530 1724 atqui
1575 1669 1807 1712 secundum

94 1739 331 1782 Homerum
359 1738 522 1782 ‘Arisba
548 1739 747 1782 Troianis
780 1740 900 1782 misib
932 1740 1093 1782 auxilia
1125 1741 1169 1782 et
1200 1740 1255 1781 ab
1287 1739 1460 1782 Achille
1492 1740 1699 1783 subversa
1731 1744 1808 1783 cst.
1834 1749 1880 1780 20

94 1811 169 1853 scd
213 1811 468 1867 accipimus,
513 1814 587 1853 aut
631 1814 732 1853 ante
776 1812 938 1854 bellum
983 1811 1247 1854 Graecorum
1291 1811 1495 1854 Arisbam
1540 1827 1565 1854 a
1608 1812 1808 1855 Troianis

38 1899 40 1901 ·
94 1885 266 1938 captam
293 1885 336 1924 et
367 1882 413 1924 in
439 1882 654 1924 amicitiae
679 1882 831 1925 foedus
858 1883 1112 1926 admissam:
1146 1885 1222 1925 aut
1247 1884 1360 1925 certe
1387 1883 1544 1938 pocula
1574 1883 1681 1927 haec
1707 1884 1810 1927 data

94 1955 148 1996 ab
174 1953 361 2008 Heleno,
393 1954 468 2009 qui
499 1953 545 1995 in
570 1953 755 1996 Achillis
781 1955 896 1997 bona
922 1969 998 2010 per
1023 1954 1182 2010 Pyrrhi
1213 1956 1480 1997 successerat
1509 1954 1808 2009 heredibatem,

94 2029 142 2068 ut,
179 2026 236 2068 sit
273 2025 404 2081 equae
442 2025 574 2080 cepit’
614 2041 692 2081 pro
732 2025 861 2082 ‘quae
901 2025 1087 2081 accepit'
1127 2026 1295 2069 devicta
1326 2026 1503 2082 Arisba,
1548 2027 1713 2070 scilicet
1754 2028 1807 2070 ab

94 2097 276 2140 Achille.
328 2098 437 2140 dicta
467 2100 526 2140 est
549 2098 706 2140 Arisba
737 2098 788 2140 ab
814 2098 1000 2152 Meropis
1023 2098 1083 2140 vel
1107 2097 1300 2140 Macarei
1329 2098 1439 2153 filia,
1470 2112 1593 2152 quam
1617 2100 1809 2152 primum
1835 2107 1879 2138 ‘25

94 2170 221 2212 Paris
252 2170 298 2211 in
329 2170 514 2224 coniuyio
545 2169 698 2212 habuit.
753 2170 923 2223 quidam
954 2169 1006 2211 ab
1037 2169 1219 2222 Abante,
1251 2169 1323 2223 qui
1357 2169 1506 2212 Troica
1534 2170 1716 2225 scripsit,
1747 2184 1810 2212 re-

96 2241 227 2284 latam
255 2241 413 2295 ferunt,
437 2244 535 2295 post
563 2242 783 2284 discessum
814 2256 841 2283 a
869 2241 999 2284 Troia
1025 2240 1278 2284 Graecorum
1303 2240 1553 2296 Astyanacti
1582 2240 1642 2283 ibi
1665 2242 1809 2284 datum

94 2327 286 2367 rcynum:
326 2312 434 2355 hunc
469 2313 521 2355 ab
552 2313 762 2356 Antenore
779 2313 1008 2367 expulsum
1037 2313 1203 2356 sociatis
1232 2312 1313 2355 sibi
1342 2313 1537 2366 finitimis
1567 2313 1810 2368 civitatibus,

94 2385 202 2427 inter
232 2398 336 2438 quas
366 2387 402 2426 et
432 2384 590 2427 Arisba
618 2385 723 2438 fuit:
762 2385 934 2427 Aenean
964 2384 1036 2427 hoc
1066 2398 1183 2439 aeyre
1215 2384 1355 2427 tulisse
1384 2387 1422 2426 et
1443 2398 1525 2438 pro
1556 2384 1810 2439 Astyanacte

94 2470 218 2498 arma
247 2456 410 2510 cepisse,
441 2470 490 2499 ac
513 2470 706 2510 prospere
726 2459 842 2511 yesta
866 2470 928 2508 re,
959 2455 1207 2510 Astyanacti
1230 2456 1455 2498 restituisse
1479 2469 1661 2510 reynum.
1703 2457 1812 2510 quod
1835 2466 1880 2496 30

95 2527 132 2569 si
170 2528 230 2569 ita
273 2530 346 2581 est,
387 2528 529 2570 merito
566 2541 656 2570 eam
694 2528 857 2570 Aeneas
893 2531 931 2570 et
965 2528 1108 2570 vicisse
1144 2530 1182 2570 et
1217 2527 1314 2570 haec
1345 2527 1496 2582 pocula
1532 2528 1627 2570 inde
1662 2516 1826 2582 cepisseX

99 2601 358 2640 trienioratiir.

179 2743 420 2833 Jelfssffsggg
446 2738 591 2785 adiuro]
625 2740 670 2775 ef.
696 2739 788 2776 Don.
818 2740 866 2775 ad
893 2740 975 2776 Ter.
1004 2739 1116 2776 Andr.
1144 2741 1159 2776 1
1186 2743 1219 2784 5,
1245 2744 1290 2777 56
1322 2742 1334 2786 ΙΙ
1375 2745 1416 2776 19
1444 2741 1647 2776 secundum
1674 2741 1809 2777 Homo-

95 2799 175 2822 rum
256 2814 263 2821 .
375 2791 381 2801 ¹

191 2921 211 2951 2
249 2917 323 2952 sini:
357 2917 580 2953 IVIasvicius:
623 2918 710 2952 suni,
742 2918 783 2952 F
822 2920 832 2964 ΙΙ
875 2918 1071 2954 tradentur
1102 2919 1157 2961 F,
1195 2920 1348 2955 correxi.
1386 2919 1586 2955 traduntur
1623 2920 1763 2955 Daniel
1799 2919 1810 2965 J:

98 2968 118 2999 5
145 2966 267 3000 cbcrra
293 2964 340 2999 F.
376 2965 531 3009 fortasse
555 2965 594 3000 id
620 2966 678 3000 est
703 2965 820 3001 Terra
849 2967 862 3011 ss
900 2970 919 3001 7
945 2966 1119 3002 reuocahe
1146 2978 1212 3012 per
1237 2967 1326 3002 deos
1351 2967 1392 3001 F
1425 2969 1437 3013 ΙΙ
1476 2971 1520 3002 10
1546 2969 1584 3002 et
1609 2966 1811 3002 cuiuslibet

96 3013 203 3057 vulyo
221 3014 233 3057 ΙΙ
252 3012 440 3047 fortunam
462 3013 502 3048 F
518 3015 529 3060 ΙΙ
552 3017 590 3048 11
619 3014 662 3048 ut
687 3017 771 3048 ante
795 3014 888 3049 velit
913 3024 978 3049 om.
1000 3014 1034 3050 G
1052 3015 1065 3060 ΙΙ
1096 3019 1138 3049 12
1164 3015 1299 3050 vestris
1319 3015 1476 3050 Daniel:
1502 3015 1560 3050 ius
1581 3014 1622 3049 F
1637 3016 1649 3061 fl
1668 3015 1807 3060 doque]

98 3059 218 3103 dequo
239 3060 273 3095 G
292 3060 303 3105 ΙΙ
322 3071 380 3095 me
406 3060 460 3096 ita
479 3061 687 3096 animatum
706 3061 863 3097 Daniel:
890 3060 964 3097 mei
983 3062 1214 3098 daminatum
1234 3062 1274 3096 F
1291 3063 1303 3108 ΙΙ
1331 3066 1374 3097 13
1394 3061 1525 3107 inquid
1544 3062 1585 3096 F
1600 3063 1612 3108 ΙΙ
1632 3062 1724 3097 abeo
1745 3062 1779 3096 G
1797 3063 1807 3107 fl}

98 3106 226 3152 fidem]
254 3117 333 3142 esse
359 3108 443 3143 add.
459 3108 498 3143 F
515 3110 526 3155 ΙΙ
549 3112 591 3144 14
616 3122 669 3143 x11
683 3108 733 3153 F,
759 3107 918 3144 dicimus
942 3109 1097 3145 Daniel:
1125 3110 1197 3154 duo
1225 3109 1395 3153 dicimus,
1419 3110 1607 3145 fortunam
1633 3112 1672 3144 et
1696 3109 1807 3143 fidem
1828 3142 1835 3148 ,

99 3154 231 3197 scripsi
248 3155 261 3198 ΙΙ
294 3158 336 3189 15
362 3155 549 3191 fortunam
577 3157 622 3191 de
648 3156 785 3192 nostris
815 3155 849 3191 G
873 3157 885 3202 ΙΙ
915 3159 958 3192 21
986 3157 1198 3203 accepimus
1223 3157 1260 3191 R
1299 3157 1529 3203 accipiamus
1555 3150 1567 3192 l
1591 3158 1603 3201 ΙΙ
1634 3160 1678 3190 22
1706 3155 1807 3191 dict-,a

100 3200 140 3235 F
154 3202 167 3245 ΙΙ
187 3205 230 3235 23
258 3202 437 3237 successit:
456 3203 496 3238 F
511 3206 523 3248 ΙΙ
542 3207 587 3239 27
607 3204 758 3239 fuerunt
778 3203 818 3238 F
834 3205 845 3250 ΙΙ
864 3204 1075 3249 astyanocti
1095 3204 1137 3239 F
1152 3206 1164 3251 ΙΙ
1184 3208 1228 3240 28
1249 3205 1441 3240 societatis
1461 3205 1510 3247 F,
1530 3215 1621 3239 corr.
1636 3203 1777 3239 Daniel
1795 3203 1806 3250 Η

101 3252 144 3283 29
172 3248 391 3292 hasbynacte
417 3250 457 3284 F
491 3251 701 3287 bastinocte
727 3251 761 3287 G
786 3252 798 3298 l}
830 3255 875 3287 30
900 3253 1009 3299 gesta
1033 3252 1088 3298 re]
1114 3263 1204 3299 gesa
1229 3253 1263 3288 G
1281 3254 1294 3298 ΙΙ
1321 3253 1421 3299 quod
1448 3252 1520 3287 sita
1545 3252 1601 3287 est
1626 3250 1666 3286 F
