2092 3614
527 241 679 278 COMM.
705 242 758 276 IN
785 240 928 277 VERG.
955 241 1066 276 AEN.
1093 240 1126 275 X
1153 243 1352 276 533—545.
1705 238 1792 280 447

83 351 317 392 cierentur
339 350 626 405 profugisse
655 351 707 392 in
739 350 1011 403 †sieiliam.
1133 361 1425 400 INGENTIQVE
1459 359 1620 391 vMBRA
1652 359 1793 391 TEGIT

85 424 161 464 aut
192 422 492 478 magnilzudine
525 422 719 476 eorporis
754 421 840 477 sui,
870 425 945 463 aut
967 421 1086 475 clipei
1112 421 1342 462 obumbrat
1369 422 1458 463 eius
1492 420 1689 463 cadaver:
1722 421 1796 460 aut

85 492 269 548 ‘ingenti
301 493 483 549 umbra’,
514 494 558 535 id
590 496 656 535 est
689 495 827 535 morte
859 493 988 549 begua,
1019 494 1068 534 ut
1101 492 1246 547 <746>
1280 493 1331 534 in
1364 495 1627 535 aeternam
1660 492 1795 534 elau-

85 563 275 606 duntur
301 565 498 606 lumina
523 579 583 606 no
595 567 742 606 etem:
769 567 844 606 aut
870 564 1054 620 ‘ingenti
1079 564 1234 606 umbra
1258 563 1385 620 tegit'
1413 565 1646 606 seeundum
1669 578 1796 605 usum

86 636 400 692 accipiendum,
449 630 498 678 id'
537 638 603 678 est
645 636 929 678 insultatione
974 650 1081 688 eum,
1116 636 1325 691 opprimit
1369 638 1412 677 et
1456 636 1704 691 adumbrat,
1753 638 1801 677 ut
1825 643 1845 674 5

85 711 296 763 superatos
326 708 501 750 dicimus
531 708 818 750 adumbratos:
849 711 924 749 aut
955 707 1128 762 ‘ingenti
1157 708 1307 749 umbra
1332 706 1447 762 teyit'
1479 709 1507 760 †
1520 710 1596 749 aut
1624 708 1799 761 inferior

87 783 194 834 teyat
222 779 437 822 adversum
467 779 597 822 hostes
628 793 655 821 a
683 780 854 832 fortiore
890 780 997 833 quod
1033 780 1268 822 institutum
1304 780 1459 821 uiuunt
1494 793 1622 821 eausa
1651 779 1798 833 spolio-

84 865 181 893 rurn
217 850 578 893 detrahendorurn:
615 852 798 905 sequitur
834 851 944 893 enim
976 850 1113 893 ‘arina
1145 837 1334 894 Serestuss
1366 851 1466 893 lecta
1502 851 1627 903 refert
1662 851 1799 892 hume-

86 921 183 966 ris'.
304 933 536 966 SERESTVS
570 922 766 966 Serestos
807 922 913 965 duos
953 923 1275 981 intellegamus,
1316 937 1450 964 unum
1488 923 1534 964 in
1570 923 1723 964 eastris
1756 925 1800 964 et

88 1009 220 1036 unum
254 1009 349 1036 cum
382 993 547 1036 Aenea:
584 1010 685 1036 nam
718 994 896 1036 Troiani
928 994 1119 1037 nondum
1154 1009 1329 1050 erupere
1363 995 1414 1036 de
1446 994 1619 1049 eastris,
1657 996 1706 1035 ut
1737 994 1800 1035 in·
1827 1000 1872 1032 10

87 1066 346 1122 tellegamus
385 1080 481 1107 eum
520 1080 647 1121 quem
686 1081 818 1122 supra
850 1066 942 1121 <IX
978 1067 1091 1121 169>
1123 1066 1243 1108 dixit.
1305 1080 1407 1122 ergo
1441 1066 1524 1108 duo
1564 1068 1681 1121 sunt3
1722 1080 1801 1107 nee

87 1137 263 1189 mirum,
295 1152 391 1179 eum
424 1139 468 1179 et
498 1138 590 1193 ipse
618 1138 791 1193 dixerit,
823 1138 936 1194 quod
963 1139 1158 1193 exemplo
1185 1152 1277 1180 esse
1303 1138 1445 1193 possit
1470 1137 1616 1192 <124>
1643 1137 1800 1179 Assa-

88 1209 296 1264 racique
330 1209 437 1251 duo.

208 1280 308 1322 542.
357 1292 512 1323 LEGTA
543 1293 728 1323 REFERT
766 1282 941 1337 proprie
973 1281 1099 1324 dixit:
1140 1297 1240 1324 nam
1280 1282 1421 1337 spolia
1453 1296 1563 1336 quae
1596 1283 1802 1336 aptantur

89 1351 300 1406 tropaeis,
331 1351 419 1407 legi
451 1352 671 1408 dicuntur,
704 1353 748 1394 id
781 1355 847 1395 est
878 1354 995 1409 eligi.
1105 1370 1186 1395 rtet
1214 1370 1294 1395 Rex
1324 1370 1500 1396 mmmm
1528 1356 1577 1395 ut
1605 1352 1698 1408 <VI
1720 1353 1803 1407 18>
1832 1359 1874 1390 15

90 1424 198 1479 tibi,
237 1423 440 1475 Phoebe,
478 1425 707 1467 sacravit.
829 1437 1081 1468 TROPA'EVM
1119 1424 1350 1467 declinatio
1389 1425 1526 1467 latina
1565 1428 1647 1477 est,
1693 1424 1804 1466 unde

90 1494 357 1550 paenultima
387 1495 568 1538 habebit
599 1498 842 1552 accentum3
880 1498 925 1539 in
957 1511 1134 1540 numero
1167 1510 1269 1540 vero
1302 1496 1459 1552 plurali
1492 1496 1591 1551 quia
1624 1498 1806 1552 tropaea

92 1567 295 1623 dicimus,
338 1567 450 1609 sicut
488 1566 658 1624 Graeci,
700 1583 779 1611 nee
823 1567 987 1625 aliquid
1027 1568 1125 1610 inde
1164 1567 1437 1623 mutilamus,
1481 1567 1564 1610 erit
1602 1567 1646 1609 in
1686 1570 1805 1610 ante-

91 1639 360 1694 paenultima
390 1641 609 1695 accentus,
641 1640 752 1699 sieut
784 1641 898 1696 apud
932 1640 1131 1683 Graecos.

211 1710 311 1752 543.
360 1722 655 1753 INSTAVRANT
687 1723 821 1755 ACIES
858 1708 968 1754 κατὰ
1000 1709 1050 1754 τὸ
1085 1708 1378 1766 σιωπώμενον
1417 1713 1515 1753 ante
1547 1710 1667 1754 fusas
1700 1711 1806 1754 aeci·
1832 1718 1878 1750 20

91 1782 234 1836 pimus
276 1796 327 1824 ex
359 1796 409 1824 eo
443 1782 555 1838 quod
595 1782 703 1824 dixit
735 1782 1038 1826 ‘instau1·anb'.
1160 1794 1366 1826 VVLCANI
1399 1794 1563 1825 s'mRPE
1597 1795 1806 1826 GREATVS

93 1853 331 1896 notandum
367 1854 547 1910 stirpem
580 1854 630 1897 de
662 1856 787 1909 patre
820 1854 999 1909 dietam,
1040 1869 1137 1896 eum
1176 1869 1346 1909 semper
1385 1855 1436 1896 de
1474 1855 1607 1911 longa
1638 1856 1806 1911 generis

95 1925 412 1980 significatione
444 1926 622 1968 dicatur.

213 1996 312 2039 544.
367 2014 533 2041 VENIENS
554 2012 636 2052 pro
668 1996 755 2052 ‘qui
785 1997 982 2040 venerat'.

212 2068 311 2111 545.
362 2081 665 2112 DARDANIDES
704 2069 1034 2124 patronymicon
1074 2084 1098 2110 a
1136 2069 1388 2111 maioribus.
1508 2085 1683 2111 Auxi'nzs
1711 2085 1811 2111 mvsa
1834 2076 1879 2108 25

94 2157 306 2184 SINISTRAM
332 2141 502 2195 quidam
530 2155 579 2183 ea*
603 2141 676 2183 hoe
699 2141 843 2183 volunt
865 2142 1044 2195 intelleyi
1068 2142 1193 2183 etiam
1219 2140 1462 2183 Vmbronern
1487 2141 1684 2182 occisum:
1716 2154 1807 2182 eon-

93 2216 177 2254 stat
205 2213 315 2255 enim
345 2226 434 2254 vere
464 2213 515 2254 ab
540 2212 683 2255 Aenea
707 2214 898 2268 occisum,
929 2213 1036 2254 sieut
1064 2213 1150 2266 ipse
1180 2213 1227 2254 in
1258 2212 1439 2265 eataloyo
1470 2212 1533 2253 ait
1559 2211 1672 2266 <VII
1696 2211 1809 2266 756>

95 2285 177 2326 sed
204 2298 299 2327 non
329 2283 624 2327 Dardaniae
655 2285 895 2327 medicari
926 2285 1149 2339 cuspidis
1179 2285 1331 2326 ictum
1361 2284 1564 2326 evaluit.

190 2381 235 2412 22
261 2388 346 2412 eum
371 2388 516 2423 semper
543 2406 550 2413 .
572 2405 579 2412 .
603 2406 609 2413 .
637 2377 799 2424 dicatur]
828 2389 941 2414 exser.
968 2376 1054 2414 Isid.
1083 2389 1135 2413 or.
1161 2378 1213 2413 IX
1239 2380 1272 2423 5,
1301 2382 1343 2413 13

195 2466 210 2496 1
239 2461 278 2496 in
304 2461 437 2496 silvam
461 2461 679 2497 Brissonius
703 2462 747 2497 de
770 2461 875 2505 form.
903 2461 920 2496 I
944 2465 1002 2498 27.
1040 2461 1086 2506 cf.
1115 2462 1278 2497 Iordani
1303 2462 1426 2497 adnot.
1447 2462 1499 2508 113
1526 2461 1624 2507 tegit
1648 2471 1714 2496 om.
1736 2461 1776 2495 F
1808 2462 1810 2506 l
1843 2458 1856 2473 ¹

96 2509 153 2555 ut]
181 2510 247 2543 aut
272 2507 311 2542 F
327 2509 339 2554 ΙΙ
357 2508 397 2543 in
423 2510 615 2544 aeternum
641 2519 726 2544 nam
755 2521 784 2544 0.
805 2509 828 2544 l.
855 2510 964 2544 noete
991 2509 1036 2544 H
1049 2510 1062 2555 ΙΙ
1082 2512 1102 2544 5
1129 2508 1389 2556 insultatione]
1417 2509 1456 2544 in
1484 2509 1710 2544 salutatione
1736 2509 1771 2544 A

98 2557 157 2591 vel
189 2557 227 2591 in
260 2555 486 2591 salutatione
516 2556 760 2593 insultatione
792 2557 826 2591 L
863 2557 936 2602 (vel
966 2556 1006 2592 in
1038 2557 1265 2593 salutatione
1297 2558 1363 2592 del.
1392 2558 1417 2602 l)
1462 2556 1692 2592 exultatione
1726 2557 1766 2591 F
1800 2558 1810 2603 Η

98 2607 119 2638 6
146 2604 320 2649 superato
347 2602 388 2638 F
420 2604 432 2649 ΙΙ
468 2604 551 2650 aut]
583 2605 625 2639 ut
650 2605 799 2640 Daniel.
844 2606 886 2639 ut
915 2603 1130 2640 inferiorem
1160 2604 1259 2650 tegit
1291 2605 1491 2640 adversum
1523 2605 1649 2639 hostes
1680 2604 1812 2640 fortioi

99 2651 313 2686 Masvicius.
353 2651 478 2686 malim
502 2651 546 2686 ut
569 2651 722 2687 inferior
745 2651 887 2698 tegitur
912 2663 944 2687 3,.
971 2652 1007 2687 h.
1035 2664 1057 2687 a
1082 2652 1235 2688 fortiore
1261 2654 1273 2699 ΙΙ
1303 2656 1322 2687 7
1349 2651 1488 2687 minuit
1511 2651 1650 2687 Daniel
1686 2652 1811 2686 innuit

98 2699 358 2741 Burmannus
383 2699 536 2741 fortasse
559 2703 659 2735 reete.
704 2700 848 2735 videtur
873 2700 968 2735 enim
993 2700 1170 2744 interpres
1191 2704 1320 2745 poetae
1344 2701 1410 2735 hoc
1435 2700 1623 2735 tribuisse:
1648 2699 1811 2734 Aeneam

99 2746 340 2782 Haemonidis
360 2756 490 2790 eorpus
511 2747 619 2791 quasi
642 2747 808 2782 umbram
833 2748 980 2791 teaeisse,
1006 2750 1047 2782 ut
1072 2747 1149 2792 ipse
1173 2751 1274 2783 tutus
1298 2748 1418 2793 spolia
1438 2748 1647 2782 detraheret.
1688 2747 1731 2781 ub
1755 2747 1809 2781 in-

98 2794 212 2829 ferior
233 2794 271 2837 (i.
286 2805 312 2829 e.
329 2793 505 2839 Serestus)
531 2794 682 2839 tegatur
703 2805 736 2829 a.
751 2794 786 2829 h.
802 2805 834 2829 a.
849 2794 874 2829 f.
890 2807 925 2839 q.
939 2794 962 2830 i.
983 2794 1114 2829 volunt
1133 2795 1334 2831 Schoellius
1351 2797 1363 2840 ΙΙ
1383 2799 1403 2830 9
1430 2795 1605 2830 scholium
1629 2795 1679 2830 ad
1706 2807 1812 2829 snus-

100 2854 180 2877 srvs
206 2852 272 2877 om.
293 2841 333 2875 F
349 2842 361 2886 11
388 2845 431 2876 10
457 2852 543 2876 nam
570 2841 723 2876 ASRl:
747 2843 874 2877 tamen
899 2842 1065 2887 LHMn
1092 2845 1134 2877 15
1161 2843 1301 2888 tropeis
1329 2842 1417 2877 HF
1450 2842 1618 2888 tropheis
1644 2843 1777 2887 reliqui
1801 2842 1812 2888 {l

100 2889 176 2934 legi
201 2899 266 2925 om.
281 2888 318 2923 R
337 2891 348 2934 ΙΙ
367 2888 406 2923 id.
432 2889 489 2923 est
514 2888 621 2934 eligi]
647 2889 744 2924 unde
770 2888 843 2924 ista
867 2888 962 2934 legit
982 2889 1021 2923 F
1037 2890 1048 2935 ΙΙ
1069 2893 1112 2925 16
1132 2902 1318 2926 ποΡΗΕνΜ
1337 2889 1514 2925 ASRM
1547 2902 1758 2925 TROPHAEVM
1777 2889 1813 2923 L

101 2949 285 2972 Tnomuvu
310 2936 398 2970 HF
413 2937 425 2982 ΙΙ
458 2940 500 2971 17
526 2935 683 2971 habebit
709 2964 715 2971 .
739 2964 746 2972 .
769 2964 776 2971 .
803 2936 842 2970 in
867 2937 1190 2982 antepaenultima
1214 2949 1282 2974 om.
1308 2938 1394 2972 LH
1418 2938 1521 2984 (add.
1548 2938 1573 2982 l)
1593 2938 1605 2981 ΙΙ
1623 2937 1739 2973 habet
1765 2938 1777 2972 l
1802 2937 1814 2983 ΙΙ

102 2994 189 3019 vero
214 2995 281 3019 om.
308 2983 345 3018 R
381 2985 393 3030 ΙΙ
432 2987 474 3019 18
506 2986 718 3018 mutuamus
745 2983 863 3027 Lien,
895 2985 980 3019 inde
1010 2985 1198 3020 mutamus
1225 2986 1426 3021 Sehoellius
1457 2986 1499 3020 de
1531 2996 1603 3021 aec.
1631 2986 1718 3030 linq.
1747 2985 1810 3020 lat.

98 3042 137 3074 p.
156 3035 225 3066 210
244 3033 256 3076 ΙΙ
275 3030 345 3067 erit
366 3058 374 3066 .
390 3058 421 3068 ..
443 3031 619 3076 Graecos]
646 3031 717 3066 erit
742 3042 898 3076 graecus
923 3032 1098 3067 accentus
1125 3032 1270 3068 seilicet
1294 3032 1410 3068 tertia
1434 3032 1580 3078 syllaba
1606 3043 1629 3067 3,
1652 3033 1724 3067 fine
1746 3032 1786 3066 F
1801 3031 1813 3078 ΙΙ

103 3081 149 3112 20
175 3078 278 3125 ante]
304 3089 391 3114 nam
419 3081 506 3114 ante
531 3079 565 3113 L
584 3080 595 3125 ΙΙ
614 3078 716 3114 fusos
739 3079 828 3113 RH
861 3078 1032 3115 confusas
1057 3079 1092 3114 L
1111 3081 1123 3125 ΙΙ
1148 3084 1192 3115 21
1220 3092 1264 3115 ex
1290 3108 1298 3116 .
1320 3108 1327 3116 .
1352 3108 1359 3115 .
1387 3079 1614 3134 instaurant]
1643 3090 1731 3124 ergo
1757 3079 1812 3113 in·
1837 3109 1839 3111 .

105 3126 275 3160 staurant
305 3125 482 3161 aduersus
516 3137 656 3161 aenean
683 3126 723 3161 F
751 3128 762 3171 ΙΙ
800 3138 921 3160 sunm:
947 3153 955 3161 .
977 3154 984 3162 .
1007 3154 1015 3162 .
1042 3128 1245 3163 notandum
1271 3137 1338 3163 om.
1367 3128 1417 3161 M
1445 3128 1456 3174 ΙΙ
1493 3131 1538 3162 22
1565 3126 1707 3162 dictum
1733 3126 1779 3160 H
1801 3126 1814 3173 Η

104 3176 150 3207 24
182 3173 230 3208 ad
260 3185 407 3208 vnumus
432 3185 460 3209 s.
485 3185 517 3209 υ.
544 3185 611 3219 pro
644 3174 703 3208 eui
731 3175 811 3219 (sic)
839 3176 993 3209 uenerat
1019 3174 1052 3208 Τ
1086 3176 1098 3220 ΙΙ
1134 3179 1179 3210 26
1206 3175 1339 3210 uolunt
1368 3174 1541 3220 intellegi
1573 3174 1708 3209 uolunt
1733 3173 1774 3207 F

104 3223 148 3254 27
177 3219 271 3254 sieut
295 3219 375 3265 ipse
399 3221 471 3256 hoe
496 3221 593 3256 libro
618 3221 657 3256 in
683 3221 857 3266 catalogo
875 3221 1014 3256 Daniel
1031 3223 1044 3267 ΙΙ
1070 3225 1117 3257 28
1136 3223 1346 3258 dardanum
1363 3221 1504 3258 edieari
1525 3221 1566 3257 F
1580 3222 1593 3267 ΙΙ
1612 3220 1754 3256 ebaluit
