2092 3614
523 251 674 289 COMM.
701 250 754 287 IN
780 250 922 288 VERG.
948 250 1061 287 AEN.
1087 250 1174 286 VIII
1200 254 1400 286 608-630,
1715 249 1801 290 285

90 361 439 417 distinguendum
485 365 663 417 propter
707 362 830 417 plura
875 360 1077 417 epitheta.
1147 359 1459 414 esanquineam'
1511 362 1648 402 autem
1695 359 1806 402 velut

89 437 318 489 cruentam,
352 434 583 476 terribilem.

209 505 307 547 623.
357 516 486 548 SOLIS
519 517 797 549 INARDESOET
837 516 996 548 RADIIS
1035 503 1125 545 Irin
1163 503 1343 558 physica
1381 503 1548 545 ratione
1587 503 1803 558 describit,

93 591 201 631 quae
239 576 290 617 fit
321 591 416 618 eum
450 592 657 632 aquosam
695 578 851 619 nubem
893 577 996 619 solis
1029 575 1157 617 ardor
1189 574 1388 616 inradiat.
1451 589 1529 616 nec
1562 577 1627 615 est
1658 575 1803 616 incon-

89 661 198 703 grua
229 647 335 690 haec
368 649 652 703 comparatio,
685 663 781 690 cum
814 648 948 690 lorica
981 647 1032 688 de
1065 646 1245 688 diversis
1279 646 1469 687 metallis
1497 645 1589 686 fieri
1615 646 1802 700 plerum-

91 733 172 773 que
205 720 488 762 consueverit.
701 719 705 722 ⁴

210 790 308 832 624.
358 802 504 833 LEvns
545 802 722 834 ocunAs
765 792 810 833 id
845 794 904 833 est
939 790 1076 833 nitida
1117 790 1297 832 tibialia.
1420 799 1634 830 nncocro
1677 803 1804 843 saepe

91 863 296 916 purgato,
326 862 426 915 quia
456 866 609 915 quanto
632 863 734 916 plus
764 863 967 916 coquitur,
999 862 1146 904 melius
1175 862 1246 915 fit:
1287 875 1379 915 erqo
1410 862 1468 902 ad
1496 860 1736 914 qualitatem
1767 862 1806 901 et

91 934 148 974 ad
175 933 562 975 commendationem
592 934 780 987 refertur.

211 1004 308 1046 625.
358 1015 455 1047 NON
498 1017 796 1047 ENARRABILE
839 1017 1032 1047 TEXTVM
1077 1005 1185 1046 bene
1231 1003 1339 1046 ‘non
1381 1002 1662 1046 enarrabile':
1709 1018 1805 1045 cum

91 1075 205 1117 enim
246 1075 292 1117 in
331 1076 468 1132 clipeo
507 1091 678 1119 omnem
717 1076 959 1119 Romanam
1004 1075 1232 1118 historiam
1271 1076 1377 1118 velit
1415 1089 1507 1116 esse
1547 1074 1805 1129 descriptam

91 1147 268 1189 dicendo
308 1147 419 1189 ‘illic
457 1161 592 1203 genus
631 1163 757 1190 omne
795 1148 966 1190 futurae
1009 1148 1157 1203 stirpis
1198 1147 1257 1188 *ab
1297 1146 1487 1189 Ascanio
1527 1149 1806 1203 pugnataque

94 1218 136 1259 in
164 1218 310 1261 ordine
339 1219 487 1274 bella',
519 1220 702 1275 carptim
736 1222 882 1261 tamen
915 1234 1053 1274 pauca
1085 1220 1411 1274 commemorat,
1445 1218 1556 1260 sicut
1588 1218 1633 1260 in
1666 1219 1806 1273 primo

92 1289 238 1344 (456)
271 1291 334 1332 ait
368 1291 505 1332 videt
535 1291 728 1333 Iliacas
762 1306 818 1332 ex
851 1291 1027 1333 ordine
1059 1304 1277 1346 pugnas,
1314 1304 1392 1332 nec
1424 1292 1572 1332 tamen
1605 1290 1808 1332 universa

93 1360 333 1416 descripsit.
382 1376 481 1404 sane
511 1363 678 1404 interest
706 1363 814 1404 inter
844 1362 952 1404 liune
982 1365 1019 1404 et
1044 1362 1219 1404 Homeri
1250 1362 1446 1415 clipeum:
1478 1362 1564 1404 illie
1588 1361 1697 1404 enim
1722 1362 1806 1403 sin-

87 1433 189 1486 yula
220 1434 316 1475 dum
347 1434 457 1487 fiunt
485 1437 731 1488 narrantur,
764 1433 828 1475 liic
858 1447 949 1474 vero
973 1447 1054 1486 pro
1080 1433 1256 1487 perfeeto
1287 1446 1403 1486 opere
1431 1436 1677 1475 noscuntur:
1707 1447 1806 1475 nam

91 1506 130 1545 et
157 1503 223 1545 liic
252 1518 376 1546 arma
398 1506 524 1558 prius
554 1505 703 1558 accipit
732 1504 895 1547 Aeneas
926 1518 1052 1558 quam
1084 1507 1297 1559 spectaret,
1333 1505 1393 1546 ibi
1415 1508 1636 1559 postquam
1667 1506 1808 1547 omnia

91 1579 268 1617 narrata
300 1580 423 1631 sunt,
465 1578 524 1619 sie
565 1591 593 1618 a
633 1575 800 1618 Thetide
835 1576 1075 1629 deferuntur
1111 1577 1168 1618 ael
1203 1575 1418 1618 Achillem.
1481 1580 1675 1630 oportune
1716 1591 1807 1631 erqo

79 1644 187 1699 'fecit
224 1647 444 1704 Vergyilius,
475 1649 573 1702 quia
605 1662 688 1690 non
718 1648 877 1689 videtur
906 1648 1033 1689 simul
1063 1651 1101 1690 et
1130 1647 1390 1690 narrationis
1419 1648 1602 1698 celeritas
1625 1649 1809 1702 potmsssse

92 1719 240 1760 conecti
270 1722 308 1761 et
330 1733 435 1773 opus
460 1723 546 1761 tam
569 1719 752 1761 velociter
782 1719 983 1773 expediri,
1014 1722 1061 1760 ut
1089 1720 1147 1761 ad
1174 1719 1340 1762 verbum
1365 1723 1501 1774 posset
1531 1734 1747 1763 occurrere.

214 1790 311 1847 627.
362 1802 490 1833 HAVD
518 1802 678 1833 VATVM
705 1801 908 1832 IGNARVS
942 1790 1071 1832 litotes
1101 1791 1259 1847 figura,
1290 1791 1336 1833 id
1358 1795 1418 1833 est
1446 1791 1691 1834 futurorum
1721 1806 1807 1833 non

93 1861 263 1904 inscius.
326 1866 362 1904 et
398 1863 644 1916 quibusdam
681 1863 858 1916 videtur,
897 1862 1005 1904 hunc
1035 1875 1195 1904 versum
1227 1863 1361 1904 omitti
1383 1863 1577 1916 potuisse.
1699 1875 1808 1905 VEN-

93 1945 298 1983 TVRIQVE
332 1944 508 1977 INSCIVS
538 1946 647 1976 AEVI
679 1948 765 1976 non
797 1932 936 1989 ‘aevi'‚
969 1933 1043 1976 sed
1076 1948 1185 1989 quae
1217 1934 1263 1975 in
1295 1948 1401 1976 aevo
1435 1937 1560 1976 erant
1591 1934 1747 1978 futura.

214 2005 312 2048 629.
363 2017 538 2048 s'rmrrs
572 2018 630 2047 AB
663 2016 865 2047 ASCANIO
899 2019 1032 2060 usque
1064 2006 1117 2047 ad
1150 2006 1399 2061 Augustum
1431 2004 1672 2048 Caesarem.

94 2093 220 2119 PVGNA
230 2094 355 2124 TAQVE
383 2095 429 2120 IN
459 2095 603 2120 ORDINE
639 2094 762 2120 BELLA
804 2080 841 2119 et
876 2076 941 2119 liic
976 2077 1194 2119 subaudiri
1225 2079 1355 2130 potest
1391 2076 1464 2118 ‘ab
1500 2077 1728 2127 Ascanio';
1773 2082 1810 2120 el

94 2147 198 2189 bella
229 2147 507 2204 Albanorum,
539 2150 567 2203 †
581 2163 684 2202 quac
715 2163 742 2190 a
772 2148 1059 2190 Romanorum
1092 2148 1136 2190 in
1167 2148 1292 2201 clipeo
1324 2149 1432 2191 dicit.

214 2219 313 2262 630.
361 2232 597 2263 MAVORTIS
631 2232 681 2262 ΙΝ
714 2232 871 2262 ANTRO
903 2212 1058 2275 potest‘
1082 2219 1220 2275 accipi
1253 2222 1296 2262 et
1329 2219 1505 2262 ‘fecerat
1537 2220 1683 2276 lupam
1716 2219 1808 2263 Ma-

95 2290 252 2333 vortis'
299 2293 342 2333 et
385 2291 616 2335 ‘Mavortis
661 2292 707 2334 in
753 2291 912 2334 antro'.
973 2291 1134 2334 Fabius
1182 2292 1417 2346 spelunea
1461 2292 1649 2334 Martis
1691 2293 1807 2335 dixit.

190 2411 235 2443 28
264 2407 419 2455 Fabius]
448 2410 463 2444 I
488 2409 619 2455 fragm.
646 2414 668 2444 4
694 2421 752 2455 ap.
779 2409 858 2446 Pet.
885 2422 920 2455 p.
950 2413 1015 2444 109

195 2519 210 2550 1
239 2516 288 2551 acl
314 2528 538 2552 smevmmn
563 2528 663 2562 supr.
691 2528 776 2552 vers.
805 2518 996 2552 cruentam
1025 2514 1230 2551 terribilem
1257 2517 1288 2550 T
1305 2518 1316 2563 ΙΙ
1336 2521 1357 2551 4
1383 2517 1494 2552 ardor
1519 2517 1608 2552 solis
1629 2518 1668 2552 F
1683 2519 1696 2563 11
1716 2522 1736 2552 5
1763 2518 1808 2552 de

96 2574 162 2598 om.
190 2563 224 2597 L
249 2563 348 2606 (adel.
376 2564 401 2608 l)
420 2565 432 2609 ss
462 2568 482 2599 6
508 2564 697 2600 consuerit
721 2565 756 2599 L
794 2564 1039 2600 consueuerat
1064 2564 1103 2598 F
1119 2565 1131 2609 ΙΙ
1158 2567 1176 2599 7
1204 2575 1315 2609 saepe
1342 2565 1519 2611 purgato]
1546 2565 1599 2599 sic
1626 2566 1808 2601 Homerus

96 2611 164 2650 (Il.
183 2609 306 2645 XVIII
326 2614 394 2645 608
409 2613 496 2656 sqq.)
523 2608 644 2655 αὐτὰρ
673 2609 754 2647 ἐπεὶ
781 2609 828 2657 δὴ
856 2640 863 2646 .
886 2640 893 2647 .
917 2639 923 2646 .
954 2608 1069 2646 ἕανοῦ
1090 2611 1326 2657 κασσιτέροιο
1352 2613 1438 2647 aaa.
1453 2613 1492 2646 J)
1510 2614 1523 2659 ΙΙ
1545 2617 1584 2647 11
1614 2613 1806 2648 historiam

97 2668 288 2692 romanam
303 2658 343 2692 F
359 2659 370 2704 ΙΙ
389 2659 497 2705 velit]
518 2659 578 2694 uel
598 2659 635 2694 R
667 2660 784 2695 uellet
796 2659 836 2694 F
851 2660 863 2704 ΙΙ
886 2663 927 2694 12
948 2659 1087 2703 figurae
1103 2658 1144 2693 F
1159 2659 1171 2704 ΙΙ
1194 2662 1235 2694 15
1262 2660 1528 2694 describitTAL
1554 2660 1767 2705 (describsit
1786 2672 1809 2694 a

98 2705 297 2750 descripsit
317 2706 341 2749 l)
369 2705 540 2740 discribit
566 2706 632 2751 ΓΙ]
652 2707 701 2742 ad
726 2718 757 2742 v.
780 2711 848 2742 625
873 2707 915 2741 in
933 2717 1047 2752 mary.
1075 2707 1145 2742 hoc
1171 2706 1327 2742 interest
1351 2707 1448 2742 inter
1474 2708 1618 2742 homeri
1645 2707 1807 2753 clipeum

101 2755 139 2787 et
164 2752 306 2797 uirgilii
331 2753 420 2797 quia
443 2752 496 2788 ibi
522 2753 670 2799 singula
694 2754 783 2788 dum
808 2754 902 2788 fiunt
926 2755 1123 2788 narrantur
1149 2781 1156 2789 .
1178 2782 1186 2789 .
1208 2783 1215 2790 .
1243 2765 1434 2789 occurrere
1464 2755 1497 2789 T
1519 2757 1531 2801 ss
1566 2760 1607 2790 16
1634 2767 1700 2800 pro
1728 2767 1807 2800 pcr-

99 2800 198 2835 fecto
228 2799 273 2834 T:
300 2799 469 2845 profecto
496 2800 537 2835 F
571 2798 736 2846 perfecto
762 2802 900 2836 Daniel
919 2802 930 2846 ΙΙ
963 2804 1005 2836 17
1032 2800 1102 2847 ibi]
1130 2803 1168 2836 et
1192 2802 1244 2836 ibi
1275 2801 1334 2847 ΤΙΙ
1362 2803 1560 2847 postquam
1596 2802 1641 2837 T:
1667 2804 1808 2848 potest-

93 2858 210 2891 quam
237 2847 277 2881 F
293 2848 304 2893 ΙΙ
327 2851 368 2883 18
394 2858 417 2882 a
442 2848 558 2883 tetide
588 2848 621 2882 Τ
656 2849 702 2883 ad
729 2848 864 2884 hedide
890 2848 957 2892 Fu
988 2852 1030 2883 19
1056 2848 1146 2883 fecit
1171 2859 1237 2884 om.
1265 2849 1306 2883 F
1321 2852 1332 2895 ΙΙ
1352 2849 1530 2895 uer-gilius
1550 2849 1597 2884 F
1613 2851 1624 2896 ΙΙ
1643 2850 1808 2896 videtur]

101 2895 252 2930 auditur
277 2894 416 2930 Daniel
445 2896 458 2940 ΙΙ
488 2899 534 2930 20
557 2899 643 2940 post
668 2895 813 2931 conecti
839 2897 1010 2931 lacunam
1035 2896 1214 2931 indicavit
1238 2897 1377 2932 Daniel
1408 2898 1419 2942 ss
1457 2902 1499 2932 21
1529 2899 1578 2932 ad
1602 2910 1698 2934 mvn
1725 2912 1757 2934 v.
1786 2911 1807 2933 1.

100 2952 200 2987 supr.
233 2953 320 2978 vers,
353 2942 577 2987 quibusdam
611 2942 759 2978 uidetur
790 2943 887 2978 hunc
922 2954 1065 2978 uersum
1100 2943 1221 2978 emitti
1253 2945 1418 2988 potuisse
1449 2945 1481 2978 Τ
1515 2947 1527 2989 {1
1564 2949 1608 2980 22
1645 2946 1807 2990 versum]

101 3000 226 3024 casum
257 2989 291 3024 G
310 2991 323 3035 ΙΙ
342 2990 463 3025 emitti
490 2990 538 3034 F,
564 3001 656 3025 corr.
679 2990 818 3026 Daniel
836 2991 848 3035 ΙΙ
868 2995 912 3026 23
937 3002 1011 3025 non
1038 2989 1122 3037 aevi
1147 3002 1214 3026 om.
1243 2991 1283 3025 F
1298 2993 1310 3036 ΙΙ
1328 2996 1373 3026 25
1400 2993 1449 3027 ad
1472 3003 1505 3027 υ.
1533 2996 1601 3027 629
1627 2993 1670 3027 in
1694 3003 1806 3037 interf).

102 3036 291 3071 subaudiri
326 3039 452 3082 potest
485 3038 533 3073 ab
565 3038 715 3073 ascanio
748 3050 864 3083 usque
898 3039 945 3073 ad
977 3039 1175 3083 angustum
1209 3039 1311 3074 bella
1336 3049 1569 3074 romanorum
1598 3042 1636 3074 ct
1660 3041 1808 3075 albano-

101 3095 182 3118 rum
206 3084 238 3118 Τ
267 3085 279 3130 ΙΙ
311 3085 356 3120 de
382 3084 543 3120 Ascanio
562 3085 702 3121 Daniel
730 3087 742 3131 ΙΙ
774 3090 819 3121 26
846 3085 1076 3122 Albanorum
1098 3085 1318 3121 Illasvieius:
1346 3086 1523 3122 bonorum
1546 3086 1586 3121 F
1614 3089 1625 3133 ΙΙ
1656 3098 1750 3131 quae
1771 3087 1807 3131 a}

103 3140 198 3173 quae
223 3131 371 3167 Daniel.
407 3133 560 3176 fortasse
585 3134 697 3178 atque
722 3134 776 3168 vel
802 3134 885 3178 post
911 3145 955 3169 ea
974 3135 986 3180 ss
1005 3133 1112 3178 dicit-1
1141 3134 1311 3168 lacunam
1337 3134 1516 3169 indicavit
1541 3134 1687 3169 Daniel.
1723 3127 1831 3176 fort.'

104 3178 217 3212 fuisse
240 3180 295 3213 vel
319 3179 469 3224 depicta
494 3180 606 3215 fnisse
632 3181 851 3216 addendum.
896 3182 935 3216 et
959 3180 1060 3217 bella
1086 3180 1335 3216 Romanorum
1362 3183 1401 3216 et
1427 3182 1651 3216 Albanorum
1680 3181 1717 3215 in
1745 3180 1808 3215 cli-

104 3234 175 3269 peo
200 3224 290 3260 fecit
316 3225 363 3262 F.
384 3226 581 3263 Schoellius
600 3229 612 3274 ΙΙ
642 3231 687 3263 28
715 3229 931 3274 speluncam
958 3228 1098 3264 Daniel

1831 652 1851 683 CI

1835 1011 1877 1041 10

1836 1370 1878 1400 15

1834 1727 1879 1758 20

1834 2085 1894 2116 25·
