2124 3600
269 1015 313 1046 10

270 1371 314 1402 15

266 1728 312 1759 20

269 2084 315 2115 25

337 260 395 303 64
1109 261 1270 298 SERVII

457 369 557 412 409.
607 380 804 413 FATALIS
824 381 1000 412 VIRGAE
1028 373 1075 413 ut
1094 371 1240 426 <146>
1268 373 1532 426 sequetur,
1564 371 1604 414 si
1638 374 1687 413 te
1714 371 1824 414 fata
1849 374 2048 414 vocant.

396 452 555 483 LONGO
583 452 698 484 Pos'r
731 443 806 483 aut
838 441 1086 484 adverbium
1120 445 1196 497 esi,
1229 444 1304 483 aut
1335 442 1598 497 praepositio
1625 443 1800 498 antique
1832 442 1988 497 posita.

457 513 721 555 411.1VGA
760 526 913 597 graece
951 512 1078 556 dixit:
1118 509 1223 567 ζυγὰ
1263 512 1377 554 enim
1415 512 1564 555 dicunt
1603 529 1712 569 quae
1749 516 1942 556 transtra
1972 528 2049 556 no—

338 584 565 626 minamus.

458 655 557 696 412.
608 666 855 706 LAXATQVE
889 667 1039 698 FOROS
1072 655 1270 697 tabulata
1302 657 1478 711 vacuat,
1508 658 1558 697 ut
1590 671 1720 711 supra
1751 655 1821 710 <V
1850 656 1965 711 552>
1999 658 2049 698 et

339 740 544 781 campos
589 726 738 767 iubet
782 741 892 768 esse
936 727 1518 782 patentes:.multitudine
1562 727 1676 769 enim
1717 730 1884 770 remota
1926 728 2049 783 quasi

337 798 543 839 laxantur
575 797 726 852 spatia.
827 809 981 840 ALVEO
1014 798 1202 839 fluminis
1235 798 1410 840 scilicet.
1462 801 1504 840 et
1537 814 1611 854 per
1643 799 1894 854 synaeresin
1920 798 2047 841 ‘alvo'

340 868 455 911 facit.

457 940 556 982 413.
607 951 852 982 INGENTEM
884 952 1074 982 AENEAN
1111 941 1220 982 bene
1258 940 1371 982 hunc
1410 941 1547 982 solum
1587 940 1710 996 dicit,
1747 943 1797 983 ut
1827 955 1904 997 per
1934 942 2050 982 tran·

340 1011 470 1053 situm
515 1011 716 1053 ostendat
759 1011 1023 1066 purgatioris
1069 1010 1204 1052 animi
1249 1011 1465 1052 homines*
1490 1012 1619 1053 etiam
1665 1026 1847 1066 corpora
1890 1011 2047 1053 habere

339 1082 522 1124 leviora:
557 1082 671 1137 quod
704 1081 755 1123 de
789 1079 958 1136 Sibylla
988 1081 1085 1123 vult
1116 1082 1264 1136 accipi.

456 1153 554 1194 414.
605 1163 784 1195 SVTILIS
818 1153 1002 1194 intexta:
1035 1166 1111 1207 per
1143 1153 1255 1207 quod
1286 1152 1485 1208 fragilem
1519 1153 1719 1196 ostendit.

455 1223 555 1265 415.
605 1235 798 1265 TANDEM
826 1226 902 1265 aut
926 1225 1104 1278 propter
1129 1223 1296 1278 pondus
1318 1222 1508 1278 Aeneae,
1540 1224 1650 1279 quod
1679 1226 1746 1266 est
1772 1224 1943 1267 melius:
1976 1227 2050 1266 aut

339 1297 514 1349 propter
545 1294 716 1349 paludis
748 1294 1113 1349 magnitudinem:
1147 1296 1221 1336 aut
1251 1296 1429 1349 pro'pter
1461 1295 1580 1336 caeni
1613 1294 1882 1338 densitatem.

459 1365 558 1407 416.
609 1377 806 1407 INFORMI
832 1377 946 1426 LIMQ
973 1379 1152 1421 magno,
1185 1366 1277 1407 sine
1302 1365 1453 1407 forma.
1545 1378 1670 1408 VLVA
1694 1366 1829 1408 herba
1853 1367 2049 1421 palustri.

457 1436 556 1478 418.
606 1438 849 1480 PERSONRT
889 1438 964 1479 aut
1000 1451 1234 1493 personare
1266 1436 1387 1479 facit:
1427 1439 1501 1479 aut
1532 1452 1608 1493 per
1639 1451 1774 1492 regna
1806 1440 1943 1479 sonat.
2008 1441 2050 1479 et

338 1507 440 1563 quia
471 1507 522 1548 de
556 1508 784 1550 animabus
811 1508 1003 1550 dicturus
1030 1510 1114 1561 est,
1146 1508 1253 1549 bene
1280 1507 1383 1549 facit
1410 1509 1509 1549 ante
1536 1507 1711 1550 Cerberi
1742 1523 2046 1551 commemora-

338 1579 521 1634 tionem,
559 1579 881 1634 consumptoris
920 1593 1166 1634 corporum:
1212 1577 1412 1620 Lucanus
1446 1578 1537 1633 <VI
1573 1579 1687 1634 702>
1727 1581 1810 1635 qui
1850 1581 2051 1623 viscera

340 1664 496 1692 saevo
529 1650 734 1706 spargis
765 1653 947 1693 nostra
979 1650 1105 1692 cani.
1155 1652 1259 1692 tunc
1290 1650 1403 1691 enim
1432 1650 1601 1691 animae
1627 1651 1767 1693 locum
1796 1666 1919 1694 suum
1949 1652 2051 1694 reci-

338 1721 481 1775 piunt,
514 1736 609 1763 cum
641 1721 775 1764 fuerit
806 1735 960 1776 corpus
993 1721 1281 1776 absumptum.

457 1792 556 1834 419.
607 1804 828 1835 HORRERE
855 1802 1027 1834 vmnns
1054 1803 1137 1833 IAM
1165 1803 1318 1834 COLLA
1351 1803 1580 1834 OOLVBms
1613 1793 1792 1848 fingitur
1825 1793 1936 1835 enim
1971 1809 2049 1849 pro

341 1861 472 1905 saetis
503 1863 665 1906 habere
697 1866 932 1918 serpentes.
996 1865 1039 1904 et
1070 1865 1136 1904 est
1173 1862 1424 1919 hypallage:
1463 1864 1507 1905 in
1546 1864 1657 1906 collo
1690 1864 1780 1906 eius
1812 1864 2052 1907 horrebant

340 1934 556 1976 colubrae.

458 2006 556 2047 420.
609 2017 766 2047 OFFAM
797 2005 899 2046 hinc
932 2007 998 2047 est
1029 2005 1256 2047 diminutio
1289 2004 1482 2060 ‘ofella'3
1521 2006 1594 2048 sed
1628 2005 1687 2048 ‘f'
1720 2021 1806 2049 non
1839 2006 2070 2063 geminat:¹

342 2077 385 2118 in
420 2075 704 2118 diminutione
743 2076 857 2118 enim
894 2076 1145 2131 plerumque
1185 2076 1323 2118 multa
1363 2079 1597 2119 mutantur.
1660 2078 1772 2132 quod
1813 2080 1954 2120 autem
1988 2079 2051 2120 ait

339 2147 521 2201 ‘melle’,
565 2147 728 2190 adlusit
759 2147 814 2189 ad
846 2162 1043 2203 corpora,
1082 2162 1191 2203 quae
1229 2148 1480 2202 plerumque
1514 2162 1608 2190 cum
1640 2148 1765 2190 melle
1798 2149 2048 2191 obruuntur.

434 2281 455 2312 3
481 2287 615 2322 graece
643 2306 650 2313 .
672 2304 679 2312 .
702 2304 709 2312 .
736 2276 989 2322 nominamus]
1023 2276 1068 2312 cf.
1096 2275 1179 2311 lsid.
1207 2286 1258 2310 or.
1284 2275 1370 2310 XIX
1397 2279 1431 2320 2,
1457 2278 1478 2310 5
1510 2277 1521 2322 ΙΙ
1559 2279 1578 2310 5
1605 2276 1778 2313 tabulata
1803 2287 1834 2312 e.
1861 2288 1896 2321 q.
1923 2278 1968 2324 s.]
2003 2277 2050 2314 cf.

339 2324 424 2359 Isid.
454 2335 503 2359 or.
528 2324 614 2358 XIX
639 2327 674 2368 2,
699 2327 720 2359 2

440 2436 457 2466 1
485 2431 674 2477 sequetur]
700 2431 867 2466 secutum
894 2431 950 2465 est
976 2429 1016 2464 F
1038 2431 1050 2475 ΙΙ
1080 2429 1228 2465 uocanti
1253 2429 1292 2463 F
1319 2430 1332 2474 ΙΙ
1369 2433 1389 2463 2
1416 2429 1482 2463 aut
1505 2429 1722 2465 aduerbium
1750 2431 1808 2465 est
1832 2431 1917 2466 ante
1942 2441 2048 2475 prae-

341 2478 480 2523 positio
506 2478 631 2523 posita
656 2477 809 2523 antique
836 2478 867 2513 0
888 2478 901 2523 ΙΙ
931 2477 1078 2522 antiqui
1104 2477 1144 2512 F
1164 2478 1177 2521 ΙΙ
1208 2476 1349 2522 posita]
1376 2478 1416 2511 ut
1440 2475 1478 2511 in
1504 2477 1685 2512 bucolicis
1712 2478 1741 2522 (I
1768 2478 1828 2523 29)
1856 2478 1910 2513 ‘et
1934 2478 2048 2523 longo

341 2526 427 2570 post
451 2527 619 2570 ternpore
644 2524 763 2560 uenit’
792 2526 878 2560 add.
903 2524 954 2560 D.
1006 2535 1219 2569 quanquam
1251 2523 1437 2558 ablatiuus
1470 2535 1575 2559 casus
1613 2526 1670 2560 est
1696 2535 1885 2560 excessum
1912 2524 2049 2571 signifi·
2110 2546 2114 2554 -

342 2584 446 2626 cans:
475 2573 518 2606 ut
545 2572 679 2607 ‘multo
706 2572 809 2607 ante’
837 2573 876 2606 et
902 2572 1036 2607 ‘multo
1061 2571 1161 2617 post'
1191 2572 1274 2606 add.
1303 2570 1505 2606 Fabricius
1534 2572 1547 2616 11
1584 2576 1604 2606 3
1632 2572 1740 2618 Gyga
1764 2572 1801 2607 R
1838 2572 1928 2625 giga
1944 2555 2052 2607 HM

342 2619 427 2665 ziga
451 2618 527 2653 AO
549 2620 561 2665 ss
590 2618 763 2654 dicuntur
789 2618 867 2654 FC'
886 2620 899 2664 ΙΙ
929 2619 1042 2666 quae]
1069 2630 1164 2664 quae
1188 2629 1254 2653 nos
1281 2617 1329 2660 F,
1355 2629 1420 2653 om.
1449 2618 1480 2653 Ο
1501 2619 1514 2663 [Ι
1541 2621 1687 2654 transtu.
1715 2620 1757 2653 H
1776 2621 1788 2666 ΙΙ
1815 2618 2049 2676 nominamus

343 2712 409 2737 om.
431 2700 462 2736 0
477 2703 490 2746 u
509 2704 530 2736 5
556 2711 676 2735 uacua
695 2700 736 2735 F
750 2702 763 2746 ΙΙ
782 2701 908 2746 supra]
937 2702 1024 2735 sunt
1042 2700 1116 2736 AS
1140 2702 1266 2745 (supra
1286 2702 1341 2745 a),
1367 2712 1433 2735 om.
1456 2699 1486 2734 G
1503 2701 1514 2746 Η
1534 2704 1555 2735 6
1580 2701 1685 2736 iuuet
1710 2701 1749 2736 F
1756 2700 1788 2736 Ο
1801 2702 1814 2746 ΙΙ
1834 2705 1853 2737 ’1
1880 2714 1970 2737 nvn
1964 2678 2024 2736 ⁰0
2038 2702 2048 2747 ΙῙ

342 2750 384 2783 ut
409 2759 475 2793 per
493 2748 530 2782 A
556 2749 657 2793 (etp
660 2759 700 2782 er
725 2749 761 2792 a)
780 2749 793 2793 ΙΙ
812 2751 833 2782 9
858 2748 945 2782 huic
964 2747 1037 2783 AS
1061 2748 1174 2792 (hunc
1194 2751 1231 2791 a)
1251 2750 1263 2792 ΙΙ
1282 2746 1389 2793 dicit]
1416 2748 1606 2792 ingentem
1634 2750 1718 2784 add.
1738 2749 1783 2783 M
1799 2750 1813 2794 ΙΙ
1833 2752 1871 2783 11
1902 2748 2050 2794 sybylla

342 2796 379 2830 R
416 2794 543 2830 sibilla
567 2795 611 2829 H
644 2794 781 2839 sybilla
809 2795 857 2828 M
893 2795 990 2847 sylla
1015 2794 1055 2846 F
1090 2794 1227 2838 sybilla
1253 2795 1284 2830 0
1306 2795 1318 2840 ΙΙ
1345 2799 1386 2829 12
1415 2806 1553 2830 sv'rv11s
1581 2795 1609 2830 S
1632 2797 1645 2841 ΙΙ
1671 2795 1848 2841 ostendit]
1876 2796 2049 2831 ostendat

342 2842 415 2877 AS
440 2845 544 2886 (corr.
572 2843 620 2886 a).
663 2854 791 2877 mnosA
817 2841 928 2894 plena
953 2840 1055 2875 rimis
1081 2842 1166 2877 add.
1194 2841 1395 2876 Fabricius
1423 2842 1436 2886 ΙΙ
1468 2845 1512 2876 14
1538 2844 1618 2877 ceni
1644 2843 1681 2877 R
1711 2843 1724 2888 ΙΙ
1756 2846 1799 2877 15
1826 2841 2000 2888 palustris
2025 2854 2050 2877 a

342 2890 537 2935 palustris,
571 2900 655 2924 cum
687 2889 833 2924 marina
865 2887 1011 2923 dicatur
1042 2888 1144 2933 alga,
1182 2890 1224 2923 ut
1251 2888 1387 2923 ‘illisae
1413 2888 1583 2924 cautibus
1609 2889 1733 2935 algae'
1762 2889 1963 2924 Fabricius
1988 2891 2046 2933 (cf.

341 2938 433 2973 Aen.
459 2936 526 2971 VII
548 2940 616 2971 590
645 2937 834 2981 ‘laterique
858 2936 972 2970 inlisa
996 2935 1210 2978 refunditur
1236 2936 1334 2981 alya’
1363 2939 1395 2970 et
1421 2936 1509 2971 Duc.
1537 2936 1588 2971 Vl
1609 2941 1675 2972 691
1705 2937 1753 2971 ‘et
1774 2938 1949 2980 planctus
1972 2937 2046 2971 illi-

340 2995 401 3019 sae
426 2984 595 3019 cautibus
618 2983 754 3019 undae’
759 2985 772 3028 )
790 2985 802 3029 ΙΙ
823 2986 865 3017 17
892 2982 1116 3017 animalibus
1138 2981 1178 3015 F
1193 2983 1206 3027 ΙΙ
1224 2982 1317 3018 bene
1343 2981 1437 3017 facit
1461 2984 1547 3018 ante
1574 2984 1714 3019 cerueri
1740 2984 1966 3018 mentionem
1990 2983 2022 3017 0
2036 2983 2048 3029 ΙΙ

343 3035 387 3067 18
413 3031 718 3075 consumptorum
745 3030 818 3066 AS
844 3031 949 3073 (corr.
976 3030 1013 3075 a)
1051 3029 1324 3073 consumpturis
1350 3030 1390 3063 F
1405 3031 1418 3074 ΙΙ
1437 3030 1578 3065 uiscere
1606 3030 1646 3064 F
1659 3032 1672 3074 ΙΙ
1698 3034 1742 3064 19
1769 3040 1857 3065 seuo
1882 3029 1919 3063 R
1956 3040 2046 3065 reno

342 3079 387 3113 H
400 3079 413 3123 ΙΙ
431 3077 574 3131 spargit
600 3078 649 3111 M
665 3079 677 3122 ΙΙ
697 3078 796 3113 canit
821 3076 910 3111 ΕΗ
926 3077 938 3130 ΙΙ
955 3078 1044 3111 tune
1068 3075 1213 3110 animae
1241 3076 1338 3110 enim
1363 3076 1391 3111 S
1407 3078 1419 3121 ΙΙ
1439 3080 1483 3110 20
1511 3077 1749 3122 adsumptum
1773 3076 1816 3110 H
1829 3078 1842 3120 ΙΙ
1860 3079 1904 3111 22
1931 3076 2046 3111 saetis

342 3126 478 3161 AS:H
499 3123 588 3160 setis
606 3124 645 3158 id
666 3127 722 3159 est
741 3124 827 3169 pilis
840 3124 877 3159 R
900 3123 988 3169 pilis
1001 3122 1133 3158 FGM
1149 3123 1161 3167 ss
1181 3126 1225 3156 23
1241 3122 1382 3157 colubri
1397 3123 1432 3157 R
1451 3125 1463 3167 ΙΙ
1482 3127 1528 3157 24
1548 3125 1605 3158 est
1617 3123 1742 3158 Asc
1763 3125 1820 3158 est
1838 3124 1877 3158 et
1889 3122 2046 3168 RHM

342 3184 408 3207 om.
424 3172 491 3218 Fu
511 3171 716 3207 deminutio
737 3171 814 3206 FO
848 3170 1130 3206 diminutionem
1153 3168 1199 3203 H
1211 3170 1224 3213 ΙΙ
1243 3169 1357 3203 ofella
1384 3198 1390 3204 .
1415 3169 1725 3204 ..diminutione
1751 3180 1816 3205 om
1833 3170 1876 3204 H
1891 3171 1903 3216 Η
1922 3170 2048 3205 offella

343 3220 371 3254 S
388 3222 401 3265 {l
419 3219 629 3264 geminatur
653 3218 694 3253 F
701 3217 732 3252 C'
752 3219 764 3263 ΙΙ
792 3222 837 3252 25
863 3217 1116 3253 deminutione
1144 3215 1184 3250 F
1204 3215 1217 3260 ΙΙ
1246 3219 1290 3251 26
1317 3227 1400 3251 cum
1427 3226 1493 3252 om.
1522 3215 1553 3251 G
1573 3219 1585 3261 ΙΙ
1613 3217 1834 3279 ob'ruuntur]
1860 3229 2046 3253 immotus
