<?xml version="1.0" encoding="UTF-8"?>
<!DOCTYPE html PUBLIC "-//W3C//DTD XHTML 1.0 Transitional//EN"
    "http://www.w3.org/TR/xhtml1/DTD/xhtml1-transitional.dtd">
<html xmlns="http://www.w3.org/1999/xhtml" xml:lang="en" lang="en">
 <head>
  <title>
</title>
<meta http-equiv="Content-Type" content="text/html;charset=utf-8" />
  <meta name='ocr-system' content='tesseract 3.04.00' />
  <meta name='ocr-capabilities' content='ocr_page ocr_carea ocr_par ocr_line ocrx_word'/>
</head>
<body>
  <div class='ocr_page' id='page_1' title='image "./invergiliicarmin02servuoft_0591.png"; bbox 0 0 2092 3614; ppageno 0'>
   <div class='ocr_carea' id='block_1_1' title="bbox 579 251 1824 296">
    <p class='ocr_par' dir='ltr' id='par_1_1' title="bbox 579 251 1824 296">
     <span class='ocr_line' id='line_1_1' title="bbox 579 251 1824 296; baseline 0.008 -9"><span class='ocrx_word' id='word_1_1' title='bbox 579 252 729 290; x_wconf 83' lang='lat' dir='ltr'><strong>COMM.</strong></span> <span class='ocrx_word' id='word_1_2' title='bbox 755 252 807 288; x_wconf 90' lang='lat' dir='ltr'>IN</span> <span class='ocrx_word' id='word_1_3' title='bbox 836 251 977 289; x_wconf 74' lang='lat' dir='ltr'>VERG.</span> <span class='ocrx_word' id='word_1_4' title='bbox 1006 253 1116 289; x_wconf 87' lang='lat' dir='ltr'><strong>AEN.</strong></span> <span class='ocrx_word' id='word_1_5' title='bbox 1143 253 1211 288; x_wconf 89' lang='lat' dir='ltr'>XII</span> <span class='ocrx_word' id='word_1_6' title='bbox 1238 258 1365 291; x_wconf 82' lang='lat'>8—15.</span> <span class='ocrx_word' id='word_1_7' title='bbox 1738 254 1824 296; x_wconf 80' lang='grc'>577</span> 
     </span>
    </p>
   </div>
   <div class='ocr_carea' id='block_1_2' title="bbox 111 361 1900 2206">
    <p class='ocr_par' dir='ltr' id='par_1_2' title="bbox 111 361 1896 1048">
     <span class='ocr_line' id='line_1_2' title="bbox 236 361 1826 419; baseline 0.003 -16"><span class='ocrx_word' id='word_1_8' title='bbox 236 361 303 404; x_wconf 84' lang='grc'>13.</span> <span class='ocrx_word' id='word_1_9' title='bbox 354 372 659 405; x_wconf 68' lang='grc' dir='ltr'>οοΝαΒΕΒΙοΒ</span> <span class='ocrx_word' id='word_1_10' title='bbox 689 362 914 417; x_wconf 74' lang='lat' dir='ltr'><em>hypocrisis</em></span> <span class='ocrx_word' id='word_1_11' title='bbox 944 366 1012 418; x_wconf 77' lang='lat' dir='ltr'>est,</span> <span class='ocrx_word' id='word_1_12' title='bbox 1045 361 1128 419; x_wconf 79' lang='lat' dir='ltr'><em>(ut)</em></span> <span class='ocrx_word' id='word_1_13' title='bbox 1161 364 1440 418; x_wconf 76' lang='lat' dir='ltr'><em>exprimatur:</em></span> <span class='ocrx_word' id='word_1_14' title='bbox 1472 364 1519 406; x_wconf 83' lang='lat' dir='ltr'>id</span> <span class='ocrx_word' id='word_1_15' title='bbox 1540 365 1730 418; x_wconf 78' lang='lat' dir='ltr'>estquod</span> <span class='ocrx_word' id='word_1_16' title='bbox 1750 365 1826 418; x_wconf 84' lang='lat' dir='ltr'>fla-</span> 
     </span>
     <span class='ocr_line' id='line_1_3' title="bbox 111 431 1823 491; baseline 0.003 -18"><span class='ocrx_word' id='word_1_17' title='bbox 111 432 267 486; x_wconf 75' lang='lat' dir='ltr'>yitatis.</span> <span class='ocrx_word' id='word_1_18' title='bbox 328 433 387 475; x_wconf 84' lang='lat' dir='ltr'>sic</span> <span class='ocrx_word' id='word_1_19' title='bbox 426 431 612 488; x_wconf 82' lang='lat' dir='ltr'>Statius,</span> <span class='ocrx_word' id='word_1_20' title='bbox 649 433 722 476; x_wconf 91' lang='lat' dir='ltr'>ubi</span> <span class='ocrx_word' id='word_1_21' title='bbox 754 433 990 489; x_wconf 84' lang='lat' dir='ltr'>Polynicen</span> <span class='ocrx_word' id='word_1_22' title='bbox 1027 434 1199 489; x_wconf 79' lang='lat' dir='ltr'>oblique</span> <span class='ocrx_word' id='word_1_23' title='bbox 1238 434 1404 477; x_wconf 75' lang='lat' dir='ltr'>inducit</span> <span class='ocrx_word' id='word_1_24' title='bbox 1441 436 1688 491; x_wconf 85' lang='lat' dir='ltr'>loquentem</span> <span class='ocrx_word' id='word_1_25' title='bbox 1726 451 1823 478; x_wconf 89' lang='lat' dir='ltr'>non</span> 
     </span>
     <span class='ocr_line' id='line_1_4' title="bbox 114 503 1824 564; baseline 0.004 -20"><span class='ocrx_word' id='word_1_26' title='bbox 114 518 186 544; x_wconf 89' lang='lat' dir='ltr'>me</span> <span class='ocrx_word' id='word_1_27' title='bbox 226 503 383 545; x_wconf 88' lang='lat' dir='ltr'>ullius</span> <span class='ocrx_word' id='word_1_28' title='bbox 426 503 600 545; x_wconf 85' lang='lat' dir='ltr'>domus</span> <span class='ocrx_word' id='word_1_29' title='bbox 642 504 795 547; x_wconf 86' lang='lat' dir='ltr'>anxia</span> <span class='ocrx_word' id='word_1_30' title='bbox 827 505 999 560; x_wconf 88' lang='lat' dir='ltr'>culpet</span> <span class='ocrx_word' id='word_1_31' title='bbox 1032 508 1372 559; x_wconf 85' lang='lat' dir='ltr'>expectentve</span> <span class='ocrx_word' id='word_1_32' title='bbox 1403 503 1580 550; x_wconf 86' lang='lat' dir='ltr'>truces</span> <span class='ocrx_word' id='word_1_33' title='bbox 1613 508 1824 564; x_wconf 88' lang='lat' dir='ltr'>obliquo</span> 
     </span>
     <span class='ocr_line' id='line_1_5' title="bbox 115 574 1826 634; baseline 0.003 -19"><span class='ocrx_word' id='word_1_34' title='bbox 115 574 310 616; x_wconf 87' lang='lat' dir='ltr'>lumine</span> <span class='ocrx_word' id='word_1_35' title='bbox 341 575 472 616; x_wconf 86' lang='lat' dir='ltr'>nati:</span> <span class='ocrx_word' id='word_1_36' title='bbox 504 575 615 617; x_wconf 84' lang='lat' dir='ltr'>unde</span> <span class='ocrx_word' id='word_1_37' title='bbox 649 575 779 618; x_wconf 83' lang='lat' dir='ltr'>etiam</span> <span class='ocrx_word' id='word_1_38' title='bbox 813 590 942 631; x_wconf 87' lang='lat' dir='ltr'>supra</span> <span class='ocrx_word' id='word_1_39' title='bbox 974 574 1060 631; x_wconf 87' lang='grc'>&lt;3&gt;</span> <span class='ocrx_word' id='word_1_40' title='bbox 1089 576 1151 618; x_wconf 85' lang='lat' dir='ltr'>ait</span> <span class='ocrx_word' id='word_1_41' title='bbox 1176 579 1305 630; x_wconf 80' lang='lat' dir='ltr'>poeta</span> <span class='ocrx_word' id='word_1_42' title='bbox 1337 592 1387 619; x_wconf 91' lang='lat' dir='ltr'>se</span> <span class='ocrx_word' id='word_1_43' title='bbox 1420 578 1617 634; x_wconf 85' lang='lat' dir='ltr'>signari</span> <span class='ocrx_word' id='word_1_44' title='bbox 1642 579 1826 622; x_wconf 85' lang='lat' dir='ltr'>oculis.</span> 
     </span>
     <span class='ocr_line' id='line_1_6' title="bbox 114 645 1872 703; baseline 0.002 -16"><span class='ocrx_word' id='word_1_45' title='bbox 114 645 284 698; x_wconf 76' lang='lat' dir='ltr'>quidam</span> <span class='ocrx_word' id='word_1_46' title='bbox 323 659 422 688; x_wconf 86' lang='lat' dir='ltr'>sane</span> <span class='ocrx_word' id='word_1_47' title='bbox 461 660 487 687; x_wconf 88' lang='lat' dir='ltr'>a</span> <span class='ocrx_word' id='word_1_48' title='bbox 529 645 663 688; x_wconf 72' lang='lat' dir='ltr'>‘nulla</span> <span class='ocrx_word' id='word_1_49' title='bbox 699 661 818 689; x_wconf 84' lang='lat' dir='ltr'>mora</span> <span class='ocrx_word' id='word_1_50' title='bbox 853 648 900 688; x_wconf 92' lang='lat' dir='ltr'>in</span> <span class='ocrx_word' id='word_1_51' title='bbox 934 645 1096 689; x_wconf 80' lang='lat' dir='ltr'>Turno&#39;</span> <span class='ocrx_word' id='word_1_52' title='bbox 1137 660 1263 700; x_wconf 78' lang='lat' dir='ltr'>usque</span> <span class='ocrx_word' id='word_1_53' title='bbox 1298 649 1356 690; x_wconf 82' lang='lat' dir='ltr'>ad</span> <span class='ocrx_word' id='word_1_54' title='bbox 1391 647 1594 703; x_wconf 55' lang='lat' dir='ltr'>‘pepigere</span> <span class='ocrx_word' id='word_1_55' title='bbox 1623 649 1825 692; x_wconf 76' lang='lat' dir='ltr'>recusent’</span> <span class='ocrx_word' id='word_1_56' title='bbox 1852 660 1872 690; x_wconf 82' lang='lat'>5</span> 
     </span>
     <span class='ocr_line' id='line_1_7' title="bbox 114 717 1707 772; baseline 0.003 -14"><span class='ocrx_word' id='word_1_57' title='bbox 114 717 311 771; x_wconf 61' lang='lat' dir='ltr'>immuni,</span> <span class='ocrx_word' id='word_1_58' title='bbox 347 731 415 772; x_wconf 89' lang='lat' dir='ltr'>ne,</span> <span class='ocrx_word' id='word_1_59' title='bbox 451 718 489 760; x_wconf 90' lang='lat' dir='ltr'>si</span> <span class='ocrx_word' id='word_1_60' title='bbox 518 718 725 760; x_wconf 74' lang='lat' dir='ltr'>distinctio</span> <span class='ocrx_word' id='word_1_61' title='bbox 755 718 1041 771; x_wconf 75' lang='lat' dir='ltr'>intercesserit,</span> <span class='ocrx_word' id='word_1_62' title='bbox 1076 718 1312 772; x_wconf 67' lang='lat' dir='ltr'>lanquescat</span> <span class='ocrx_word' id='word_1_63' title='bbox 1339 721 1560 762; x_wconf 76' lang='lat' dir='ltr'>sentsnliae</span> <span class='ocrx_word' id='word_1_64' title='bbox 1589 721 1707 763; x_wconf 87' lang='lat' dir='ltr'>color.</span> 
     </span>
     <span class='ocr_line' id='line_1_8' title="bbox 115 789 1826 844; baseline 0.003 -14"><span class='ocrx_word' id='word_1_65' title='bbox 115 805 276 831; x_wconf 64' lang='lat' dir='ltr'>comme</span> <span class='ocrx_word' id='word_1_66' title='bbox 302 806 400 831; x_wconf 62' lang='lat' dir='ltr'><em>Foro</em></span> <span class='ocrx_word' id='word_1_67' title='bbox 411 806 454 831; x_wconf 80' lang='lat' dir='ltr'>vs</span> <span class='ocrx_word' id='word_1_68' title='bbox 491 789 537 830; x_wconf 84' lang='lat' dir='ltr'>id</span> <span class='ocrx_word' id='word_1_69' title='bbox 573 792 631 831; x_wconf 74' lang='lat' dir='ltr'>est</span> <span class='ocrx_word' id='word_1_70' title='bbox 666 790 864 843; x_wconf 74' lang='lat' dir='ltr'>conceptis</span> <span class='ocrx_word' id='word_1_71' title='bbox 895 790 1009 842; x_wconf 76' lang='lat' dir='ltr'>exple</span> <span class='ocrx_word' id='word_1_72' title='bbox 1038 789 1178 831; x_wconf 72' lang='lat' dir='ltr'>verbis.</span> <span class='ocrx_word' id='word_1_73' title='bbox 1228 794 1418 844; x_wconf 72' lang='lat' dir='ltr'>concepta</span> <span class='ocrx_word' id='word_1_74' title='bbox 1448 795 1584 833; x_wconf 79' lang='lat' dir='ltr'>antem</span> <span class='ocrx_word' id='word_1_75' title='bbox 1615 792 1736 834; x_wconf 77' lang='lat' dir='ltr'>verba</span> <span class='ocrx_word' id='word_1_76' title='bbox 1766 793 1826 834; x_wconf 81' lang='lat' dir='ltr'>cli-</span> 
     </span>
     <span class='ocr_line' id='line_1_9' title="bbox 114 860 1826 915; baseline 0.003 -15"><span class='ocrx_word' id='word_1_77' title='bbox 114 863 262 901; x_wconf 75' lang='lat' dir='ltr'>cnninr</span> <span class='ocrx_word' id='word_1_78' title='bbox 292 860 465 902; x_wconf 78' lang='lat' dir='ltr'>iurandi</span> <span class='ocrx_word' id='word_1_79' title='bbox 492 860 689 912; x_wconf 81' lang='lat' dir='ltr'>formula,</span> <span class='ocrx_word' id='word_1_80' title='bbox 720 874 845 914; x_wconf 78' lang='lat' dir='ltr'>quarn</span> <span class='ocrx_word' id='word_1_81' title='bbox 876 861 993 903; x_wconf 84' lang='lat' dir='ltr'>nobis</span> <span class='ocrx_word' id='word_1_82' title='bbox 1024 861 1257 915; x_wconf 62' lang='lat' dir='ltr'>transgredi</span> <span class='ocrx_word' id='word_1_83' title='bbox 1286 875 1371 904; x_wconf 87' lang='lat' dir='ltr'>non</span> <span class='ocrx_word' id='word_1_84' title='bbox 1403 863 1516 904; x_wconf 78' lang='lat' dir='ltr'>licet:</span> <span class='ocrx_word' id='word_1_85' title='bbox 1547 877 1648 905; x_wconf 77' lang='lat' dir='ltr'>nani</span> <span class='ocrx_word' id='word_1_86' title='bbox 1679 867 1717 906; x_wconf 78' lang='lat' dir='ltr'>ei</span> <span class='ocrx_word' id='word_1_87' title='bbox 1739 878 1826 905; x_wconf 84' lang='lat' dir='ltr'>sar-</span> 
     </span>
     <span class='ocr_line' id='line_1_10' title="bbox 115 931 1829 989; baseline 0.003 -17"><span class='ocrx_word' id='word_1_88' title='bbox 115 931 317 974; x_wconf 76' lang='lat' dir='ltr'>cinatores</span> <span class='ocrx_word' id='word_1_89' title='bbox 353 931 558 985; x_wconf 75' lang='lat' dir='ltr'><em>concipere</em></span> <span class='ocrx_word' id='word_1_90' title='bbox 594 932 787 974; x_wconf 76' lang='lat' dir='ltr'>dicuntur</span> <span class='ocrx_word' id='word_1_91' title='bbox 823 933 1078 987; x_wconf 76' lang='lat' dir='ltr'>veStimenta,</span> <span class='ocrx_word' id='word_1_92' title='bbox 1124 946 1216 974; x_wconf 81' lang='lat' dir='ltr'>curn</span> <span class='ocrx_word' id='word_1_93' title='bbox 1253 946 1274 974; x_wconf 88' lang='lat' dir='ltr'>e</span> <span class='ocrx_word' id='word_1_94' title='bbox 1309 933 1466 976; x_wconf 83' lang='lat' dir='ltr'>diverso</span> <span class='ocrx_word' id='word_1_95' title='bbox 1504 935 1756 989; x_wconf 71' lang='lat' dir='ltr'>coninnyunl</span> <span class='ocrx_word' id='word_1_96' title='bbox 1789 939 1829 977; x_wconf 73' lang='lat' dir='ltr'>et</span> 
     </span>
     <span class='ocr_line' id='line_1_11' title="bbox 114 1002 1896 1048; baseline 0.003 -5"><span class='ocrx_word' id='word_1_97' title='bbox 114 1002 305 1046; x_wconf 76' lang='lat' dir='ltr'><em>adsuunt.</em></span> <span class='ocrx_word' id='word_1_98' title='bbox 887 1033 890 1035; x_wconf 30' lang='lat' dir='ltr'>v</span> <span class='ocrx_word' id='word_1_99' title='bbox 944 1014 946 1016; x_wconf 77' lang='grc'>’</span> <span class='ocrx_word' id='word_1_100' title='bbox 1853 1017 1896 1048; x_wconf 87' lang='grc'>10</span> 
     </span>
    </p>

    <p class='ocr_par' dir='ltr' id='par_1_3' title="bbox 113 1073 1900 2206">
     <span class='ocr_line' id='line_1_12' title="bbox 236 1073 1825 1130; baseline 0.004 -15"><span class='ocrx_word' id='word_1_101' title='bbox 236 1073 302 1115; x_wconf 87' lang='lat'>15.</span> <span class='ocrx_word' id='word_1_102' title='bbox 353 1085 664 1117; x_wconf 76' lang='lat' dir='ltr'>DESERTOREM</span> <span class='ocrx_word' id='word_1_103' title='bbox 697 1085 834 1117; x_wconf 79' lang='lat' dir='ltr'>ASIAE</span> <span class='ocrx_word' id='word_1_104' title='bbox 867 1077 916 1116; x_wconf 88' lang='lat' dir='ltr'>ut</span> <span class='ocrx_word' id='word_1_105' title='bbox 942 1073 1192 1130; x_wconf 82' lang='lat' dir='ltr'>&lt;V11359&gt;</span> <span class='ocrx_word' id='word_1_106' title='bbox 1225 1076 1531 1118; x_wconf 81' lang='lat' dir='ltr'>exulibusue</span> <span class='ocrx_word' id='word_1_107' title='bbox 1564 1077 1714 1120; x_wconf 85' lang='lat' dir='ltr'>datur</span> <span class='ocrx_word' id='word_1_108' title='bbox 1740 1078 1825 1120; x_wconf 90' lang='lat' dir='ltr'>du-</span> 
     </span>
     <span class='ocr_line' id='line_1_13' title="bbox 115 1143 1826 1201; baseline 0.005 -16"><span class='ocrx_word' id='word_1_109' title='bbox 115 1143 273 1186; x_wconf 86' lang='lat' dir='ltr'>cenda</span> <span class='ocrx_word' id='word_1_110' title='bbox 304 1143 522 1187; x_wconf 87' lang='lat' dir='ltr'>Lavinia</span> <span class='ocrx_word' id='word_1_111' title='bbox 554 1145 795 1188; x_wconf 78' lang='lat' dir='ltr'>Teucris?</span> <span class='ocrx_word' id='word_1_112' title='bbox 834 1145 944 1188; x_wconf 83' lang='lat' dir='ltr'>unde</span> <span class='ocrx_word' id='word_1_113' title='bbox 977 1147 1044 1187; x_wconf 89' lang='lat' dir='ltr'>est</span> <span class='ocrx_word' id='word_1_114' title='bbox 1074 1146 1315 1201; x_wconf 84' lang='lat' dir='ltr'>praemissa</span> <span class='ocrx_word' id='word_1_115' title='bbox 1343 1147 1422 1189; x_wconf 83' lang='lat' dir='ltr'>illa</span> <span class='ocrx_word' id='word_1_116' title='bbox 1454 1150 1673 1192; x_wconf 80' lang='lat' dir='ltr'>excusatio</span> <span class='ocrx_word' id='word_1_117' title='bbox 1706 1152 1749 1192; x_wconf 89' lang='lat' dir='ltr'>et</span> <span class='ocrx_word' id='word_1_118' title='bbox 1780 1150 1826 1193; x_wconf 88' lang='lat' dir='ltr'>in</span> 
     </span>
     <span class='ocr_line' id='line_1_14' title="bbox 114 1215 1826 1274; baseline 0.005 -18"><span class='ocrx_word' id='word_1_119' title='bbox 114 1217 210 1257; x_wconf 74' lang='lat' dir='ltr'>tota</span> <span class='ocrx_word' id='word_1_120' title='bbox 241 1215 416 1257; x_wconf 86' lang='lat' dir='ltr'>secundi</span> <span class='ocrx_word' id='word_1_121' title='bbox 449 1218 721 1268; x_wconf 85' lang='lat' dir='ltr'>oeconomia,</span> <span class='ocrx_word' id='word_1_122' title='bbox 755 1219 798 1258; x_wconf 85' lang='lat' dir='ltr'>et</span> <span class='ocrx_word' id='word_1_123' title='bbox 828 1217 873 1258; x_wconf 89' lang='lat' dir='ltr'>in</span> <span class='ocrx_word' id='word_1_124' title='bbox 905 1219 1080 1272; x_wconf 84' lang='lat' dir='ltr'>quarto,</span> <span class='ocrx_word' id='word_1_125' title='bbox 1113 1218 1185 1259; x_wconf 92' lang='lat' dir='ltr'>ubi</span> <span class='ocrx_word' id='word_1_126' title='bbox 1219 1218 1323 1260; x_wconf 87' lang='lat' dir='ltr'>dicit</span> <span class='ocrx_word' id='word_1_127' title='bbox 1356 1219 1501 1274; x_wconf 85' lang='lat'>&lt;340&gt;</span> <span class='ocrx_word' id='word_1_128' title='bbox 1535 1235 1608 1262; x_wconf 86' lang='lat' dir='ltr'>me</span> <span class='ocrx_word' id='word_1_129' title='bbox 1641 1221 1684 1263; x_wconf 87' lang='lat' dir='ltr'>si</span> <span class='ocrx_word' id='word_1_130' title='bbox 1716 1221 1826 1264; x_wconf 80' lang='lat' dir='ltr'>fata</span> 
     </span>
     <span class='ocr_line' id='line_1_15' title="bbox 114 1286 1824 1345; baseline 0.005 -18"><span class='ocrx_word' id='word_1_131' title='bbox 114 1286 240 1327; x_wconf 89' lang='lat' dir='ltr'>meis</span> <span class='ocrx_word' id='word_1_132' title='bbox 271 1289 579 1342; x_wconf 85' lang='lat' dir='ltr'>paterentur</span> <span class='ocrx_word' id='word_1_133' title='bbox 605 1287 788 1331; x_wconf 83' lang='lat' dir='ltr'>ducere</span> <span class='ocrx_word' id='word_1_134' title='bbox 813 1289 972 1331; x_wconf 85' lang='lat' dir='ltr'>vitam</span> <span class='ocrx_word' id='word_1_135' title='bbox 1000 1289 1253 1344; x_wconf 84' lang='lat' dir='ltr'>auspiciis</span> <span class='ocrx_word' id='word_1_136' title='bbox 1281 1293 1330 1332; x_wconf 87' lang='lat' dir='ltr'>et</span> <span class='ocrx_word' id='word_1_137' title='bbox 1356 1295 1538 1345; x_wconf 85' lang='lat' dir='ltr'>sponte</span> <span class='ocrx_word' id='word_1_138' title='bbox 1563 1302 1671 1335; x_wconf 87' lang='lat' dir='ltr'>mea</span> <span class='ocrx_word' id='word_1_139' title='bbox 1697 1308 1824 1336; x_wconf 88' lang='lat' dir='ltr'>com-</span> 
     </span>
     <span class='ocr_line' id='line_1_16' title="bbox 113 1358 1896 1418; baseline 0.004 -19"><span class='ocrx_word' id='word_1_140' title='bbox 113 1372 303 1412; x_wconf 88' lang='lat' dir='ltr'>ponere</span> <span class='ocrx_word' id='word_1_141' title='bbox 336 1373 503 1414; x_wconf 83' lang='lat' dir='ltr'>curas,</span> <span class='ocrx_word' id='word_1_142' title='bbox 537 1358 711 1401; x_wconf 87' lang='lat' dir='ltr'>urbem</span> <span class='ocrx_word' id='word_1_143' title='bbox 738 1359 1013 1402; x_wconf 83' lang='lat' dir='ltr'>Troianam</span> <span class='ocrx_word' id='word_1_144' title='bbox 1046 1361 1264 1415; x_wconf 86' lang='lat' dir='ltr'>primum</span> <span class='ocrx_word' id='word_1_145' title='bbox 1297 1362 1573 1418; x_wconf 84' lang='lat' dir='ltr'>dulcesque</span> <span class='ocrx_word' id='word_1_146' title='bbox 1602 1378 1825 1407; x_wconf 85' lang='lat' dir='ltr'>meorum</span> <span class='ocrx_word' id='word_1_147' title='bbox 1855 1376 1896 1406; x_wconf 77' lang='lat'>15</span> 
     </span>
     <span class='ocr_line' id='line_1_17' title="bbox 115 1429 1830 1484; baseline 0.005 -14"><span class='ocrx_word' id='word_1_148' title='bbox 115 1429 366 1484; x_wconf 84' lang='lat' dir='ltr'>reliquias</span> <span class='ocrx_word' id='word_1_149' title='bbox 407 1430 640 1472; x_wconf 84' lang='lat' dir='ltr'>colerem.</span> <span class='ocrx_word' id='word_1_150' title='bbox 705 1444 805 1474; x_wconf 85' lang='lat' dir='ltr'>sane</span> <span class='ocrx_word' id='word_1_151' title='bbox 837 1431 927 1474; x_wconf 75' lang='lat' dir='ltr'>‘aut</span> <span class='ocrx_word' id='word_1_152' title='bbox 954 1432 1030 1474; x_wconf 79' lang='lat' dir='ltr'>hac</span> <span class='ocrx_word' id='word_1_153' title='bbox 1061 1431 1334 1475; x_wconf 80' lang='lat' dir='ltr'>Dardanium</span> <span class='ocrx_word' id='word_1_154' title='bbox 1365 1435 1508 1478; x_wconf 70' lang='lat' dir='ltr'>dextra</span> <span class='ocrx_word' id='word_1_155' title='bbox 1539 1436 1612 1479; x_wconf 80' lang='lat' dir='ltr'>sub</span> <span class='ocrx_word' id='word_1_156' title='bbox 1648 1437 1830 1479; x_wconf 75' lang='lat' dir='ltr'>Tartara</span> 
     </span>
     <span class='ocr_line' id='line_1_18' title="bbox 113 1500 1827 1562; baseline 0.005 -20"><span class='ocrx_word' id='word_1_157' title='bbox 113 1500 291 1543; x_wconf 77' lang='lat' dir='ltr'>mittam&#39;</span> <span class='ocrx_word' id='word_1_158' title='bbox 315 1503 511 1555; x_wconf 75' lang='lat' dir='ltr'>ponenda</span> <span class='ocrx_word' id='word_1_159' title='bbox 541 1506 600 1544; x_wconf 78' lang='lat' dir='ltr'>est</span> <span class='ocrx_word' id='word_1_160' title='bbox 627 1516 765 1559; x_wconf 77' lang='lat' dir='ltr'>mora,</span> <span class='ocrx_word' id='word_1_161' title='bbox 802 1506 850 1545; x_wconf 77' lang='lat' dir='ltr'>ut</span> <span class='ocrx_word' id='word_1_162' title='bbox 870 1506 1014 1557; x_wconf 71' lang='lat' dir='ltr'>postea</span> <span class='ocrx_word' id='word_1_163' title='bbox 1044 1503 1252 1556; x_wconf 75' lang='lat' dir='ltr'>inferatur</span> <span class='ocrx_word' id='word_1_164' title='bbox 1284 1504 1536 1548; x_wconf 75' lang='lat' dir='ltr'>5desert0rem</span> <span class='ocrx_word' id='word_1_165' title='bbox 1562 1507 1729 1559; x_wconf 83' lang='lat' dir='ltr'>Asiac’;</span> <span class='ocrx_word' id='word_1_166' title='bbox 1755 1523 1827 1562; x_wconf 76' lang='lat' dir='ltr'>po-</span> 
     </span>
     <span class='ocr_line' id='line_1_19' title="bbox 117 1573 1828 1631; baseline 0.005 -17"><span class='ocrx_word' id='word_1_167' title='bbox 117 1575 191 1615; x_wconf 70' lang='lat' dir='ltr'>test</span> <span class='ocrx_word' id='word_1_168' title='bbox 225 1573 334 1614; x_wconf 84' lang='lat' dir='ltr'>enim</span> <span class='ocrx_word' id='word_1_169' title='bbox 371 1574 503 1616; x_wconf 84' lang='lat' dir='ltr'>videri</span> <span class='ocrx_word' id='word_1_170' title='bbox 538 1587 622 1616; x_wconf 88' lang='lat' dir='ltr'>non</span> <span class='ocrx_word' id='word_1_171' title='bbox 653 1575 714 1617; x_wconf 81' lang='lat' dir='ltr'>ita</span> <span class='ocrx_word' id='word_1_172' title='bbox 745 1575 969 1618; x_wconf 67' lang='lat' dir='ltr'>instituisse</span> <span class='ocrx_word' id='word_1_173' title='bbox 1005 1574 1173 1618; x_wconf 80' lang='lat' dir='ltr'>Turnus</span> <span class='ocrx_word' id='word_1_174' title='bbox 1204 1577 1430 1619; x_wconf 76' lang='lat' dir='ltr'>orationem</span> <span class='ocrx_word' id='word_1_175' title='bbox 1453 1579 1666 1631; x_wconf 74' lang='lat' dir='ltr'>praedicto</span> <span class='ocrx_word' id='word_1_176' title='bbox 1700 1579 1828 1622; x_wconf 73' lang='lat' dir='ltr'>‘Dar-</span> 
     </span>
     <span class='ocr_line' id='line_1_20' title="bbox 113 1643 1830 1706; baseline 0.005 -21"><span class='ocrx_word' id='word_1_177' title='bbox 113 1643 322 1696; x_wconf 81' lang='lat' dir='ltr'>danium&#39;,</span> <span class='ocrx_word' id='word_1_178' title='bbox 371 1648 420 1686; x_wconf 81' lang='lat' dir='ltr'>ut</span> <span class='ocrx_word' id='word_1_179' title='bbox 460 1645 632 1698; x_wconf 81' lang='lat' dir='ltr'>inferret</span> <span class='ocrx_word' id='word_1_180' title='bbox 674 1645 962 1698; x_wconf 76' lang='lat' dir='ltr'>‘desertorem-&#39;,</span> <span class='ocrx_word' id='word_1_181' title='bbox 1004 1647 1075 1689; x_wconf 81' lang='lat' dir='ltr'>sed</span> <span class='ocrx_word' id='word_1_182' title='bbox 1117 1645 1313 1701; x_wconf 72' lang='lat' dir='ltr'>‘reyern&#39;;</span> <span class='ocrx_word' id='word_1_183' title='bbox 1365 1663 1506 1691; x_wconf 79' lang='lat' dir='ltr'>verum</span> <span class='ocrx_word' id='word_1_184' title='bbox 1547 1650 1619 1692; x_wconf 75' lang='lat' dir='ltr'>‘ubi</span> <span class='ocrx_word' id='word_1_185' title='bbox 1653 1653 1830 1706; x_wconf 75' lang='lat' dir='ltr'>propius</span> 
     </span>
     <span class='ocr_line' id='line_1_21' title="bbox 114 1717 1899 1776; baseline 0.004 -19"><span class='ocrx_word' id='word_1_186' title='bbox 114 1717 290 1771; x_wconf 79' lang='lat' dir='ltr'>accessit,</span> <span class='ocrx_word' id='word_1_187' title='bbox 321 1717 566 1760; x_wconf 72' lang='lat' dir='ltr'>intellexisse</span> <span class='ocrx_word' id='word_1_188' title='bbox 589 1717 696 1760; x_wconf 78' lang='lat' dir='ltr'>hunc</span> <span class='ocrx_word' id='word_1_189' title='bbox 720 1717 913 1760; x_wconf 77' lang='lat' dir='ltr'>honorem</span> <span class='ocrx_word' id='word_1_190' title='bbox 937 1718 1100 1760; x_wconf 85' lang='lat' dir='ltr'>nomini</span> <span class='ocrx_word' id='word_1_191' title='bbox 1123 1719 1211 1762; x_wconf 81' lang='lat' dir='ltr'>eins</span> <span class='ocrx_word' id='word_1_192' title='bbox 1235 1733 1318 1761; x_wconf 88' lang='lat' dir='ltr'>non</span> <span class='ocrx_word' id='word_1_193' title='bbox 1344 1721 1540 1772; x_wconf 69' lang='lat' dir='ltr'>dandum,</span> <span class='ocrx_word' id='word_1_194' title='bbox 1566 1722 1703 1776; x_wconf 77' lang='lat' dir='ltr'>itaque</span> <span class='ocrx_word' id='word_1_195' title='bbox 1727 1737 1830 1766; x_wconf 83' lang='lat' dir='ltr'>com-</span> <span class='ocrx_word' id='word_1_196' title='bbox 1854 1734 1899 1765; x_wconf 76' lang='lat'>20</span> 
     </span>
     <span class='ocr_line' id='line_1_22' title="bbox 116 1788 1828 1845; baseline 0.004 -15"><span class='ocrx_word' id='word_1_197' title='bbox 116 1791 295 1830; x_wconf 79' lang='lat' dir='ltr'>mutasse</span> <span class='ocrx_word' id='word_1_198' title='bbox 324 1791 362 1830; x_wconf 76' lang='lat' dir='ltr'>et</span> <span class='ocrx_word' id='word_1_199' title='bbox 385 1789 666 1832; x_wconf 78' lang='lat' dir='ltr'>contumeliose</span> <span class='ocrx_word' id='word_1_200' title='bbox 692 1788 960 1833; x_wconf 78' lang='lat' dir='ltr'>‘desertorem&#39;</span> <span class='ocrx_word' id='word_1_201' title='bbox 987 1791 1150 1833; x_wconf 64' lang='lat' dir='ltr'>dimisse.</span> <span class='ocrx_word' id='word_1_202' title='bbox 1255 1803 1472 1834; x_wconf 83' lang='lat' dir='ltr'>SEDEANT</span> <span class='ocrx_word' id='word_1_203' title='bbox 1498 1804 1828 1845; x_wconf 78' lang='lat' dir='ltr'>SPECTENTQVE</span> 
     </span>
     <span class='ocr_line' id='line_1_23' title="bbox 116 1859 1829 1918; baseline 0.005 -18"><span class='ocrx_word' id='word_1_204' title='bbox 116 1871 277 1901; x_wconf 80' lang='lat' dir='ltr'>LATINI</span> <span class='ocrx_word' id='word_1_205' title='bbox 315 1859 468 1902; x_wconf 83' lang='lat' dir='ltr'>ductus</span> <span class='ocrx_word' id='word_1_206' title='bbox 502 1862 586 1912; x_wconf 79' lang='lat' dir='ltr'>est,</span> <span class='ocrx_word' id='word_1_207' title='bbox 624 1863 673 1902; x_wconf 85' lang='lat' dir='ltr'>ut</span> <span class='ocrx_word' id='word_1_208' title='bbox 704 1861 888 1903; x_wconf 87' lang='lat' dir='ltr'>diximus</span> <span class='ocrx_word' id='word_1_209' title='bbox 922 1876 1051 1916; x_wconf 88' lang='lat' dir='ltr'>supra</span> <span class='ocrx_word' id='word_1_210' title='bbox 1083 1861 1174 1917; x_wconf 88' lang='lat' dir='ltr'>&lt;XI</span> <span class='ocrx_word' id='word_1_211' title='bbox 1205 1862 1338 1918; x_wconf 86' lang='lat'>434&gt;:</span> <span class='ocrx_word' id='word_1_212' title='bbox 1377 1864 1607 1918; x_wconf 86' lang='lat' dir='ltr'>pollicetur</span> <span class='ocrx_word' id='word_1_213' title='bbox 1638 1866 1751 1907; x_wconf 89' lang='lat' dir='ltr'>enim</span> <span class='ocrx_word' id='word_1_214' title='bbox 1784 1881 1829 1908; x_wconf 88' lang='lat' dir='ltr'>se</span> 
     </span>
     <span class='ocr_line' id='line_1_24' title="bbox 118 1931 1829 1988; baseline 0.004 -16"><span class='ocrx_word' id='word_1_215' title='bbox 118 1931 330 1987; x_wconf 83' lang='lat' dir='ltr'>singulari</span> <span class='ocrx_word' id='word_1_216' title='bbox 362 1932 598 1973; x_wconf 70' lang='lat' dir='ltr'>certamine</span> <span class='ocrx_word' id='word_1_217' title='bbox 631 1932 834 1975; x_wconf 86' lang='lat' dir='ltr'>dimicare</span> <span class='ocrx_word' id='word_1_218' title='bbox 867 1933 987 1988; x_wconf 87' lang='lat' dir='ltr'>velle,</span> <span class='ocrx_word' id='word_1_219' title='bbox 1020 1948 1118 1975; x_wconf 83' lang='lat' dir='ltr'>cum</span> <span class='ocrx_word' id='word_1_220' title='bbox 1150 1933 1280 1975; x_wconf 90' lang='lat' dir='ltr'>nolit:</span> <span class='ocrx_word' id='word_1_221' title='bbox 1320 1948 1421 1976; x_wconf 89' lang='lat' dir='ltr'>nam</span> <span class='ocrx_word' id='word_1_222' title='bbox 1455 1935 1601 1977; x_wconf 86' lang='lat' dir='ltr'>dicens</span> <span class='ocrx_word' id='word_1_223' title='bbox 1635 1935 1829 1979; x_wconf 73' lang='lat' dir='ltr'>‘sedeant</span> 
     </span>
     <span class='ocr_line' id='line_1_25' title="bbox 117 2002 1828 2064; baseline 0.004 -20"><span class='ocrx_word' id='word_1_224' title='bbox 117 2002 413 2058; x_wconf 85' lang='lat' dir='ltr'>spectentque&#39;</span> <span class='ocrx_word' id='word_1_225' title='bbox 446 2003 633 2046; x_wconf 83' lang='lat' dir='ltr'>latenter</span> <span class='ocrx_word' id='word_1_226' title='bbox 664 2019 738 2047; x_wconf 89' lang='lat' dir='ltr'>eos</span> <span class='ocrx_word' id='word_1_227' title='bbox 771 2004 972 2060; x_wconf 84' lang='lat' dir='ltr'>ignaviae</span> <span class='ocrx_word' id='word_1_228' title='bbox 1005 2005 1159 2061; x_wconf 81' lang='lat' dir='ltr'>arguit,</span> <span class='ocrx_word' id='word_1_229' title='bbox 1192 2005 1304 2060; x_wconf 89' lang='lat' dir='ltr'>quod</span> <span class='ocrx_word' id='word_1_230' title='bbox 1337 2006 1468 2061; x_wconf 83' lang='lat' dir='ltr'>solus,</span> <span class='ocrx_word' id='word_1_231' title='bbox 1502 2007 1703 2050; x_wconf 89' lang='lat' dir='ltr'>omnibus</span> <span class='ocrx_word' id='word_1_232' title='bbox 1738 2009 1828 2064; x_wconf 88' lang='lat' dir='ltr'>qui-</span> 
     </span>
     <span class='ocr_line' id='line_1_26' title="bbox 118 2074 1900 2132; baseline 0.004 -17"><span class='ocrx_word' id='word_1_233' title='bbox 118 2074 380 2129; x_wconf 86' lang='lat' dir='ltr'>escentibus,</span> <span class='ocrx_word' id='word_1_234' title='bbox 422 2074 611 2117; x_wconf 76' lang='lat' dir='ltr'>dimicet:</span> <span class='ocrx_word' id='word_1_235' title='bbox 657 2091 786 2132; x_wconf 90' lang='lat' dir='ltr'>quam</span> <span class='ocrx_word' id='word_1_236' title='bbox 824 2090 913 2117; x_wconf 88' lang='lat' dir='ltr'>rem</span> <span class='ocrx_word' id='word_1_237' title='bbox 951 2076 1122 2131; x_wconf 78' lang='lat' dir='ltr'>plenius</span> <span class='ocrx_word' id='word_1_238' title='bbox 1162 2091 1342 2132; x_wconf 86' lang='lat' dir='ltr'>sequens</span> <span class='ocrx_word' id='word_1_239' title='bbox 1381 2078 1545 2120; x_wconf 81' lang='lat' dir='ltr'>indicat</span> <span class='ocrx_word' id='word_1_240' title='bbox 1582 2093 1730 2127; x_wconf 76' lang='lat' dir='ltr'>versus</span> <span class='ocrx_word' id='word_1_241' title='bbox 1771 2079 1830 2123; x_wconf 76' lang='lat' dir='ltr'>‘et</span> <span class='ocrx_word' id='word_1_242' title='bbox 1854 2090 1900 2122; x_wconf 80' lang='lat'>25</span> 
     </span>
     <span class='ocr_line' id='line_1_27' title="bbox 119 2145 1831 2206; baseline 0.005 -19"><span class='ocrx_word' id='word_1_243' title='bbox 119 2145 236 2187; x_wconf 91' lang='lat' dir='ltr'>solus</span> <span class='ocrx_word' id='word_1_244' title='bbox 278 2145 391 2188; x_wconf 88' lang='lat' dir='ltr'>ferro</span> <span class='ocrx_word' id='word_1_245' title='bbox 434 2146 594 2188; x_wconf 88' lang='lat' dir='ltr'>crimen</span> <span class='ocrx_word' id='word_1_246' title='bbox 636 2161 861 2190; x_wconf 87' lang='lat' dir='ltr'>commune</span> <span class='ocrx_word' id='word_1_247' title='bbox 898 2147 1123 2203; x_wconf 84' lang='lat' dir='ltr'>refellam’,</span> <span class='ocrx_word' id='word_1_248' title='bbox 1162 2147 1205 2189; x_wconf 88' lang='lat' dir='ltr'>id</span> <span class='ocrx_word' id='word_1_249' title='bbox 1245 2151 1311 2191; x_wconf 89' lang='lat' dir='ltr'>est</span> <span class='ocrx_word' id='word_1_250' title='bbox 1348 2163 1574 2192; x_wconf 86' lang='lat' dir='ltr'>commune</span> <span class='ocrx_word' id='word_1_251' title='bbox 1612 2150 1741 2206; x_wconf 88' lang='lat' dir='ltr'>fugae</span> <span class='ocrx_word' id='word_1_252' title='bbox 1781 2167 1831 2195; x_wconf 86' lang='lat' dir='ltr'>ac</span> 
     </span>
    </p>
   </div>
   <div class='ocr_carea' id='block_1_3' title="bbox 214 2262 1829 2313">
    <p class='ocr_par' dir='ltr' id='par_1_4' title="bbox 214 2262 1829 2313">
     <span class='ocr_line' id='line_1_28' title="bbox 214 2262 1829 2313; baseline 0.004 -15"><span class='ocrx_word' id='word_1_253' title='bbox 214 2266 234 2298; x_wconf 86' lang='lat'><strong>2</strong></span> <span class='ocrx_word' id='word_1_254' title='bbox 263 2262 422 2310; x_wconf 81' lang='lat' dir='ltr'>Statius]</span> <span class='ocrx_word' id='word_1_255' title='bbox 450 2263 567 2298; x_wconf 88' lang='lat' dir='ltr'>Theb.</span> <span class='ocrx_word' id='word_1_256' title='bbox 586 2263 638 2298; x_wconf 87' lang='grc' dir='ltr'>ΙΙΙ</span> <span class='ocrx_word' id='word_1_257' title='bbox 660 2268 728 2300; x_wconf 83' lang='lat'>376</span> <span class='ocrx_word' id='word_1_258' title='bbox 747 2265 760 2310; x_wconf 81' lang='grc' dir='ltr'>ΙΙ</span> <span class='ocrx_word' id='word_1_259' title='bbox 786 2267 830 2299; x_wconf 90' lang='grc'>23</span> <span class='ocrx_word' id='word_1_260' title='bbox 857 2275 943 2300; x_wconf 88' lang='lat' dir='ltr'>nam</span> <span class='ocrx_word' id='word_1_261' title='bbox 963 2292 968 2298; x_wconf 93' lang='lat'><em>.</em></span> <span class='ocrx_word' id='word_1_262' title='bbox 995 2293 1003 2300; x_wconf 88' lang='lat'><em>.</em></span> <span class='ocrx_word' id='word_1_263' title='bbox 1025 2294 1031 2301; x_wconf 95' lang='lat'>.</span> <span class='ocrx_word' id='word_1_264' title='bbox 1052 2264 1193 2312; x_wconf 87' lang='lat' dir='ltr'>arguit]</span> <span class='ocrx_word' id='word_1_265' title='bbox 1222 2265 1266 2300; x_wconf 86' lang='lat' dir='ltr'>cf.</span> <span class='ocrx_word' id='word_1_266' title='bbox 1287 2266 1379 2302; x_wconf 91' lang='lat' dir='ltr'>Don.</span> <span class='ocrx_word' id='word_1_267' title='bbox 1402 2266 1450 2301; x_wconf 88' lang='lat' dir='ltr'>ad</span> <span class='ocrx_word' id='word_1_268' title='bbox 1470 2267 1553 2303; x_wconf 85' lang='lat' dir='ltr'>Ter.</span> <span class='ocrx_word' id='word_1_269' title='bbox 1574 2266 1643 2305; x_wconf 89' lang='lat' dir='ltr'>Ad.</span> <span class='ocrx_word' id='word_1_270' title='bbox 1666 2268 1716 2303; x_wconf 92' lang='lat' dir='ltr'>IV</span> <span class='ocrx_word' id='word_1_271' title='bbox 1736 2273 1768 2313; x_wconf 88' lang='lat'>5,</span> <span class='ocrx_word' id='word_1_272' title='bbox 1784 2273 1829 2305; x_wconf 90' lang='lat'>38</span> 
     </span>
    </p>
   </div>
   <div class='ocr_carea' id='block_1_4' title="bbox 119 2370 1833 3179">
    <p class='ocr_par' dir='ltr' id='par_1_5' title="bbox 119 2370 1833 3179">
     <span class='ocr_line' id='line_1_29' title="bbox 218 2370 1829 2421; baseline 0.003 -16"><span class='ocrx_word' id='word_1_273' title='bbox 218 2374 235 2405; x_wconf 89' lang='lat'>1</span> <span class='ocrx_word' id='word_1_274' title='bbox 262 2370 445 2416; x_wconf 80' lang='lat' dir='ltr'>ypocrisis</span> <span class='ocrx_word' id='word_1_275' title='bbox 473 2370 514 2405; x_wconf 99' lang='lat' dir='ltr'><em>F</em></span> <span class='ocrx_word' id='word_1_276' title='bbox 528 2372 540 2417; x_wconf 82' lang='grc' dir='ltr'>ΙΙ</span> <span class='ocrx_word' id='word_1_277' title='bbox 565 2373 607 2407; x_wconf 84' lang='lat' dir='ltr'>ut</span> <span class='ocrx_word' id='word_1_278' title='bbox 632 2372 717 2407; x_wconf 82' lang='lat' dir='ltr'>add.</span> <span class='ocrx_word' id='word_1_279' title='bbox 746 2372 953 2407; x_wconf 78' lang='lat' dir='ltr'>Masvicins</span> <span class='ocrx_word' id='word_1_280' title='bbox 971 2373 984 2417; x_wconf 80' lang='lat' dir='ltr'>ss</span> <span class='ocrx_word' id='word_1_281' title='bbox 1010 2373 1066 2407; x_wconf 87' lang='lat' dir='ltr'>est</span> <span class='ocrx_word' id='word_1_282' title='bbox 1091 2383 1156 2407; x_wconf 82' lang='lat' dir='ltr'>om.</span> <span class='ocrx_word' id='word_1_283' title='bbox 1184 2373 1324 2409; x_wconf 84' lang='lat' dir='ltr'>Daniel</span> <span class='ocrx_word' id='word_1_284' title='bbox 1341 2374 1353 2418; x_wconf 87' lang='grc' dir='ltr'>ΙΙ</span> <span class='ocrx_word' id='word_1_285' title='bbox 1384 2378 1405 2408; x_wconf 87' lang='grc'><strong>2</strong></span> <span class='ocrx_word' id='word_1_286' title='bbox 1432 2374 1564 2409; x_wconf 85' lang='lat' dir='ltr'>statius</span> <span class='ocrx_word' id='word_1_287' title='bbox 1592 2375 1659 2410; x_wconf 88' lang='lat' dir='ltr'>sub</span> <span class='ocrx_word' id='word_1_288' title='bbox 1683 2376 1829 2421; x_wconf 84' lang='lat' dir='ltr'>yppoli-</span> 
     </span>
     <span class='ocr_line' id='line_1_30' title="bbox 119 2417 1829 2468; baseline 0.004 -16"><span class='ocrx_word' id='word_1_289' title='bbox 119 2417 226 2453; x_wconf 89' lang='lat' dir='ltr'>nicen</span> <span class='ocrx_word' id='word_1_290' title='bbox 247 2418 283 2452; x_wconf 83' lang='lat' dir='ltr'><em>R</em></span> <span class='ocrx_word' id='word_1_291' title='bbox 323 2418 455 2453; x_wconf 82' lang='lat' dir='ltr'>statius</span> <span class='ocrx_word' id='word_1_292' title='bbox 476 2419 569 2463; x_wconf 83' lang='lat' dir='ltr'>suby</span> <span class='ocrx_word' id='word_1_293' title='bbox 588 2419 746 2464; x_wconf 88' lang='lat' dir='ltr'>polycen</span> <span class='ocrx_word' id='word_1_294' title='bbox 768 2420 810 2454; x_wconf 83' lang='lat' dir='ltr'><em>H</em></span> <span class='ocrx_word' id='word_1_295' title='bbox 839 2419 973 2455; x_wconf 77' lang='lat' dir='ltr'>statius</span> <span class='ocrx_word' id='word_1_296' title='bbox 993 2421 1056 2454; x_wconf 88' lang='lat' dir='ltr'>ubi</span> <span class='ocrx_word' id='word_1_297' title='bbox 1079 2419 1251 2465; x_wconf 77' lang='lat' dir='ltr'>pollycen</span> <span class='ocrx_word' id='word_1_298' title='bbox 1272 2421 1311 2455; x_wconf 89' lang='lat' dir='ltr'><em>F</em></span> <span class='ocrx_word' id='word_1_299' title='bbox 1327 2424 1338 2466; x_wconf 80' lang='grc' dir='ltr'>ΙΙ</span> <span class='ocrx_word' id='word_1_300' title='bbox 1358 2425 1379 2456; x_wconf 88' lang='grc'><strong>3</strong></span> <span class='ocrx_word' id='word_1_301' title='bbox 1399 2421 1496 2456; x_wconf 86' lang='lat' dir='ltr'>ullus</span> <span class='ocrx_word' id='word_1_302' title='bbox 1517 2422 1589 2457; x_wconf 80' lang='lat' dir='ltr'>AS</span> <span class='ocrx_word' id='word_1_303' title='bbox 1606 2425 1619 2468; x_wconf 76' lang='lat' dir='ltr'>ss</span> <span class='ocrx_word' id='word_1_304' title='bbox 1638 2424 1742 2458; x_wconf 84' lang='lat' dir='ltr'>ansia</span> <span class='ocrx_word' id='word_1_305' title='bbox 1764 2424 1803 2458; x_wconf 88' lang='lat' dir='ltr'><em>F</em></span> <span class='ocrx_word' id='word_1_306' title='bbox 1820 2426 1829 2468; x_wconf 62' lang='lat'>{¹</span> 
     </span>
     <span class='ocr_line' id='line_1_31' title="bbox 121 2466 1830 2515; baseline 0.003 -15"><span class='ocrx_word' id='word_1_307' title='bbox 121 2466 394 2510; x_wconf 83' lang='lat' dir='ltr'>expect-entque</span> <span class='ocrx_word' id='word_1_308' title='bbox 420 2466 456 2500; x_wconf 83' lang='lat' dir='ltr'><em>R</em></span> <span class='ocrx_word' id='word_1_309' title='bbox 494 2467 721 2511; x_wconf 88' lang='lat' dir='ltr'>expectenue</span> <span class='ocrx_word' id='word_1_310' title='bbox 742 2467 785 2501; x_wconf 89' lang='lat' dir='ltr'><em>H</em></span> <span class='ocrx_word' id='word_1_311' title='bbox 820 2468 1041 2513; x_wconf 82' lang='lat' dir='ltr'>expetentue</span> <span class='ocrx_word' id='word_1_312' title='bbox 1065 2468 1113 2502; x_wconf 91' lang='lat' dir='ltr'><em>M</em></span> <span class='ocrx_word' id='word_1_313' title='bbox 1129 2471 1182 2512; x_wconf 68' lang='grc'>114</span> <span class='ocrx_word' id='word_1_314' title='bbox 1208 2468 1337 2503; x_wconf 78' lang='lat' dir='ltr'>limine</span> <span class='ocrx_word' id='word_1_315' title='bbox 1357 2469 1423 2514; x_wconf 76' lang='lat' dir='ltr'>Ru</span> <span class='ocrx_word' id='word_1_316' title='bbox 1441 2470 1538 2515; x_wconf 82' lang='lat' dir='ltr'>nati]</span> <span class='ocrx_word' id='word_1_317' title='bbox 1566 2473 1702 2505; x_wconf 85' lang='lat' dir='ltr'>matres</span> <span class='ocrx_word' id='word_1_318' title='bbox 1724 2471 1796 2505; x_wconf 80' lang='lat' dir='ltr'>AS</span> <span class='ocrx_word' id='word_1_319' title='bbox 1829 2475 1830 2515; x_wconf 75' lang='lat' dir='ltr'><strong>j</strong></span> 
     </span>
     <span class='ocr_line' id='line_1_32' title="bbox 120 2513 1818 2564; baseline 0.004 -17"><span class='ocrx_word' id='word_1_320' title='bbox 120 2516 141 2547; x_wconf 85' lang='lat'>5</span> <span class='ocrx_word' id='word_1_321' title='bbox 168 2524 190 2547; x_wconf 88' lang='lat' dir='ltr'>a</span> <span class='ocrx_word' id='word_1_322' title='bbox 215 2523 280 2548; x_wconf 84' lang='lat' dir='ltr'>om.</span> <span class='ocrx_word' id='word_1_323' title='bbox 300 2513 333 2548; x_wconf 78' lang='lat' dir='ltr'><em>G</em></span> <span class='ocrx_word' id='word_1_324' title='bbox 351 2514 364 2559; x_wconf 79' lang='grc' dir='ltr'>ΙΙ</span> <span class='ocrx_word' id='word_1_325' title='bbox 384 2517 404 2549; x_wconf 88' lang='grc'>6</span> <span class='ocrx_word' id='word_1_326' title='bbox 431 2513 624 2550; x_wconf 69' lang='lat' dir='ltr'>distinatio</span> <span class='ocrx_word' id='word_1_327' title='bbox 648 2514 689 2550; x_wconf 94' lang='lat' dir='ltr'><em>F</em></span> <span class='ocrx_word' id='word_1_328' title='bbox 705 2515 718 2559; x_wconf 84' lang='grc' dir='ltr'>ΙΙ</span> <span class='ocrx_word' id='word_1_329' title='bbox 736 2515 958 2560; x_wconf 72' lang='lat' dir='ltr'>languescat</span> <span class='ocrx_word' id='word_1_330' title='bbox 978 2514 1235 2551; x_wconf 84' lang='lat' dir='ltr'>Commelinus:</span> <span class='ocrx_word' id='word_1_331' title='bbox 1262 2519 1301 2551; x_wconf 84' lang='lat' dir='ltr'>et</span> <span class='ocrx_word' id='word_1_332' title='bbox 1325 2517 1536 2562; x_wconf 76' lang='lat' dir='ltr'>languescit</span> <span class='ocrx_word' id='word_1_333' title='bbox 1554 2518 1594 2552; x_wconf 93' lang='lat' dir='ltr'><em>F</em></span> <span class='ocrx_word' id='word_1_334' title='bbox 1610 2519 1621 2564; x_wconf 89' lang='grc' dir='ltr'>ΙΙ</span> <span class='ocrx_word' id='word_1_335' title='bbox 1641 2520 1690 2554; x_wconf 83' lang='lat' dir='ltr'>acl</span> <span class='ocrx_word' id='word_1_336' title='bbox 1715 2533 1782 2553; x_wconf 65' lang='lat' dir='ltr'>nme</span> <span class='ocrx_word' id='word_1_337' title='bbox 1801 2532 1818 2553; x_wconf 86' lang='lat' dir='ltr'>s</span> 
     </span>
     <span class='ocr_line' id='line_1_33' title="bbox 121 2560 1830 2611; baseline 0.003 -15"><span class='ocrx_word' id='word_1_338' title='bbox 121 2571 149 2596; x_wconf 86' lang='lat' dir='ltr'>s.</span> <span class='ocrx_word' id='word_1_339' title='bbox 169 2572 202 2596; x_wconf 83' lang='lat' dir='ltr'>v.</span> <span class='ocrx_word' id='word_1_340' title='bbox 230 2560 364 2606; x_wconf 88' lang='lat' dir='ltr'>quibus</span> <span class='ocrx_word' id='word_1_341' title='bbox 390 2561 598 2606; x_wconf 83' lang='lat' dir='ltr'>completur</span> <span class='ocrx_word' id='word_1_342' title='bbox 623 2561 753 2597; x_wconf 87' lang='lat' dir='ltr'>foedus</span> <span class='ocrx_word' id='word_1_343' title='bbox 777 2563 838 2608; x_wconf 74' lang='lat' dir='ltr'>Tu</span> <span class='ocrx_word' id='word_1_344' title='bbox 859 2567 877 2598; x_wconf 85' lang='lat'><strong>7</strong></span> <span class='ocrx_word' id='word_1_345' title='bbox 905 2563 954 2597; x_wconf 83' lang='lat' dir='ltr'>ad</span> <span class='ocrx_word' id='word_1_346' title='bbox 980 2575 1127 2598; x_wconf 70' lang='lat' dir='ltr'>coucu‘n</span> <span class='ocrx_word' id='word_1_347' title='bbox 1148 2577 1178 2599; x_wconf 68' lang='lat' dir='ltr'>r.</span> <span class='ocrx_word' id='word_1_348' title='bbox 1204 2575 1232 2600; x_wconf 90' lang='lat' dir='ltr'>s.</span> <span class='ocrx_word' id='word_1_349' title='bbox 1254 2575 1285 2599; x_wconf 88' lang='lat' dir='ltr'>v.</span> <span class='ocrx_word' id='word_1_350' title='bbox 1311 2569 1344 2599; x_wconf 80' lang='lat' dir='ltr'>et</span> <span class='ocrx_word' id='word_1_351' title='bbox 1368 2566 1410 2599; x_wconf 79' lang='lat' dir='ltr'>in</span> <span class='ocrx_word' id='word_1_352' title='bbox 1434 2577 1548 2611; x_wconf 65' lang='grc' dir='ltr'>τηατ-9.</span> <span class='ocrx_word' id='word_1_353' title='bbox 1575 2566 1720 2601; x_wconf 86' lang='lat' dir='ltr'>scilicet</span> <span class='ocrx_word' id='word_1_354' title='bbox 1746 2578 1830 2602; x_wconf 89' lang='lat' dir='ltr'>con—</span> 
     </span>
     <span class='ocr_line' id='line_1_34' title="bbox 120 2607 1832 2659; baseline 0.004 -17"><span class='ocrx_word' id='word_1_355' title='bbox 120 2608 236 2653; x_wconf 86' lang='lat' dir='ltr'>ceptis</span> <span class='ocrx_word' id='word_1_356' title='bbox 267 2609 374 2654; x_wconf 86' lang='lat' dir='ltr'>exple</span> <span class='ocrx_word' id='word_1_357' title='bbox 407 2607 541 2644; x_wconf 86' lang='lat' dir='ltr'>uerbis.</span> <span class='ocrx_word' id='word_1_358' title='bbox 591 2612 774 2655; x_wconf 82' lang='lat' dir='ltr'>concepta</span> <span class='ocrx_word' id='word_1_359' title='bbox 805 2611 930 2645; x_wconf 82' lang='lat' dir='ltr'>autem</span> <span class='ocrx_word' id='word_1_360' title='bbox 969 2610 1085 2646; x_wconf 89' lang='lat' dir='ltr'>uerba</span> <span class='ocrx_word' id='word_1_361' title='bbox 1124 2613 1210 2646; x_wconf 89' lang='lat' dir='ltr'>sunt</span> <span class='ocrx_word' id='word_1_362' title='bbox 1247 2611 1393 2647; x_wconf 82' lang='lat' dir='ltr'>iurandi</span> <span class='ocrx_word' id='word_1_363' title='bbox 1431 2612 1591 2648; x_wconf 83' lang='lat' dir='ltr'>formula</span> <span class='ocrx_word' id='word_1_364' title='bbox 1623 2614 1832 2659; x_wconf 80' lang='lat' dir='ltr'>composita</span> 
     </span>
     <span class='ocr_line' id='line_1_35' title="bbox 120 2654 1829 2704; baseline 0.004 -15"><span class='ocrx_word' id='word_1_365' title='bbox 120 2666 232 2700; x_wconf 86' lang='lat' dir='ltr'>quam</span> <span class='ocrx_word' id='word_1_366' title='bbox 264 2654 372 2690; x_wconf 87' lang='lat' dir='ltr'>nobis</span> <span class='ocrx_word' id='word_1_367' title='bbox 403 2657 613 2701; x_wconf 83' lang='lat' dir='ltr'>transgredi</span> <span class='ocrx_word' id='word_1_368' title='bbox 644 2668 716 2692; x_wconf 93' lang='lat' dir='ltr'>non</span> <span class='ocrx_word' id='word_1_369' title='bbox 749 2657 848 2693; x_wconf 71' lang='lat' dir='ltr'>licet.</span> <span class='ocrx_word' id='word_1_370' title='bbox 893 2658 990 2692; x_wconf 87' lang='lat' dir='ltr'>unde</span> <span class='ocrx_word' id='word_1_371' title='bbox 1026 2658 1220 2704; x_wconf 81' lang='lat' dir='ltr'>concipere</span> <span class='ocrx_word' id='word_1_372' title='bbox 1259 2659 1503 2695; x_wconf 75' lang='lat' dir='ltr'>sarcinatores</span> <span class='ocrx_word' id='word_1_373' title='bbox 1540 2659 1715 2695; x_wconf 83' lang='lat' dir='ltr'>dicuntur</span> <span class='ocrx_word' id='word_1_374' title='bbox 1747 2673 1829 2696; x_wconf 87' lang='lat' dir='ltr'>cum</span> 
     </span>
     <span class='ocr_line' id='line_1_36' title="bbox 121 2702 1833 2755; baseline 0.003 -18"><span class='ocrx_word' id='word_1_375' title='bbox 121 2702 290 2738; x_wconf 78' lang='lat' dir='ltr'>ediuerso</span> <span class='ocrx_word' id='word_1_376' title='bbox 317 2703 540 2738; x_wconf 81' lang='lat' dir='ltr'>uestimenta</span> <span class='ocrx_word' id='word_1_377' title='bbox 566 2704 796 2750; x_wconf 87' lang='lat' dir='ltr'>coniungunt</span> <span class='ocrx_word' id='word_1_378' title='bbox 822 2707 860 2739; x_wconf 87' lang='lat' dir='ltr'>et</span> <span class='ocrx_word' id='word_1_379' title='bbox 885 2707 1039 2740; x_wconf 83' lang='lat' dir='ltr'>assuunt</span> <span class='ocrx_word' id='word_1_380' title='bbox 1069 2706 1101 2739; x_wconf 83' lang='lat' dir='ltr'><em>T</em></span> <span class='ocrx_word' id='word_1_381' title='bbox 1129 2707 1142 2751; x_wconf 77' lang='grc' dir='ltr'>ΙΙ</span> <span class='ocrx_word' id='word_1_382' title='bbox 1179 2707 1286 2751; x_wconf 86' lang='lat' dir='ltr'>exple</span> <span class='ocrx_word' id='word_1_383' title='bbox 1313 2718 1377 2742; x_wconf 88' lang='lat' dir='ltr'>om.</span> <span class='ocrx_word' id='word_1_384' title='bbox 1409 2707 1446 2741; x_wconf 90' lang='lat' dir='ltr'><em>F</em></span> <span class='ocrx_word' id='word_1_385' title='bbox 1473 2709 1485 2751; x_wconf 84' lang='grc' dir='ltr'>ΙΙ</span> <span class='ocrx_word' id='word_1_386' title='bbox 1524 2711 1567 2742; x_wconf 92' lang='grc'>10</span> <span class='ocrx_word' id='word_1_387' title='bbox 1594 2708 1731 2743; x_wconf 81' lang='lat' dir='ltr'>adsunt</span> <span class='ocrx_word' id='word_1_388' title='bbox 1756 2709 1796 2742; x_wconf 90' lang='lat' dir='ltr'><em>F</em></span> <span class='ocrx_word' id='word_1_389' title='bbox 1821 2709 1833 2755; x_wconf 80' lang='grc' dir='ltr'>ΙΙ</span> 
     </span>
     <span class='ocr_line' id='line_1_37' title="bbox 123 2750 1832 2800; baseline 0.004 -16"><span class='ocrx_word' id='word_1_390' title='bbox 123 2754 165 2785; x_wconf 86' lang='grc'>11</span> <span class='ocrx_word' id='word_1_391' title='bbox 192 2750 311 2796; x_wconf 56' lang='lat' dir='ltr'>semu]</span> <span class='ocrx_word' id='word_1_392' title='bbox 339 2750 483 2786; x_wconf 85' lang='lat' dir='ltr'>exulem</span> <span class='ocrx_word' id='word_1_393' title='bbox 511 2751 595 2787; x_wconf 81' lang='lat' dir='ltr'>add.</span> <span class='ocrx_word' id='word_1_394' title='bbox 623 2751 672 2785; x_wconf 90' lang='lat' dir='ltr'><em>M</em></span> <span class='ocrx_word' id='word_1_395' title='bbox 693 2753 704 2797; x_wconf 77' lang='grc' dir='ltr'>[Ι</span> <span class='ocrx_word' id='word_1_396' title='bbox 738 2756 779 2786; x_wconf 88' lang='grc'>13</span> <span class='ocrx_word' id='word_1_397' title='bbox 807 2751 931 2796; x_wconf 81' lang='lat' dir='ltr'>quarti</span> <span class='ocrx_word' id='word_1_398' title='bbox 957 2752 993 2787; x_wconf 79' lang='lat' dir='ltr'><strong><em>R</em></strong></span> <span class='ocrx_word' id='word_1_399' title='bbox 1017 2754 1029 2798; x_wconf 77' lang='grc' dir='ltr'>ΙΙ</span> <span class='ocrx_word' id='word_1_400' title='bbox 1064 2757 1105 2788; x_wconf 86' lang='grc'>16</span> <span class='ocrx_word' id='word_1_401' title='bbox 1132 2755 1181 2789; x_wconf 81' lang='lat' dir='ltr'>ad</span> <span class='ocrx_word' id='word_1_402' title='bbox 1207 2767 1339 2789; x_wconf 68' lang='lat' dir='ltr'>nrrmm</span> <span class='ocrx_word' id='word_1_403' title='bbox 1366 2755 1407 2789; x_wconf 88' lang='lat' dir='ltr'>in</span> <span class='ocrx_word' id='word_1_404' title='bbox 1432 2766 1543 2799; x_wconf 73' lang='lat' dir='ltr'><em>marq.</em></span> <span class='ocrx_word' id='word_1_405' title='bbox 1571 2754 1633 2790; x_wconf 91' lang='lat' dir='ltr'>hic</span> <span class='ocrx_word' id='word_1_406' title='bbox 1659 2757 1832 2800; x_wconf 79' lang='lat' dir='ltr'>ponenda</span> 
     </span>
     <span class='ocr_line' id='line_1_38' title="bbox 121 2797 1832 2848; baseline 0.004 -17"><span class='ocrx_word' id='word_1_407' title='bbox 121 2799 179 2833; x_wconf 74' lang='lat' dir='ltr'>est</span> <span class='ocrx_word' id='word_1_408' title='bbox 210 2797 410 2833; x_wconf 84' lang='lat' dir='ltr'>distinctio.</span> <span class='ocrx_word' id='word_1_409' title='bbox 454 2809 528 2833; x_wconf 86' lang='lat' dir='ltr'>non</span> <span class='ocrx_word' id='word_1_410' title='bbox 561 2799 660 2840; x_wconf 80' lang='lat' dir='ltr'>enim</span> <span class='ocrx_word' id='word_1_411' title='bbox 690 2799 746 2834; x_wconf 86' lang='lat' dir='ltr'>ita</span> <span class='ocrx_word' id='word_1_412' title='bbox 775 2798 941 2835; x_wconf 72' lang='lat' dir='ltr'>instituit</span> <span class='ocrx_word' id='word_1_413' title='bbox 974 2800 1181 2836; x_wconf 77' lang='lat' dir='ltr'>orationem</span> <span class='ocrx_word' id='word_1_414' title='bbox 1216 2807 1258 2836; x_wconf 83' lang='lat' dir='ltr'>ut</span> <span class='ocrx_word' id='word_1_415' title='bbox 1291 2804 1378 2846; x_wconf 83' lang='lat' dir='ltr'>post</span> <span class='ocrx_word' id='word_1_416' title='bbox 1409 2802 1630 2837; x_wconf 75' lang='lat' dir='ltr'>dardanium</span> <span class='ocrx_word' id='word_1_417' title='bbox 1661 2802 1832 2848; x_wconf 82' lang='lat' dir='ltr'>intulerit</span> 
     </span>
     <span class='ocr_line' id='line_1_39' title="bbox 121 2845 1829 2893; baseline 0.003 -13"><span class='ocrx_word' id='word_1_418' title='bbox 121 2845 348 2880; x_wconf 82' lang='lat' dir='ltr'>desertorem</span> <span class='ocrx_word' id='word_1_419' title='bbox 377 2845 442 2880; x_wconf 80' lang='lat' dir='ltr'>sed</span> <span class='ocrx_word' id='word_1_420' title='bbox 468 2857 605 2890; x_wconf 83' lang='lat' dir='ltr'>regern.</span> <span class='ocrx_word' id='word_1_421' title='bbox 658 2858 784 2881; x_wconf 84' lang='lat' dir='ltr'>uerum</span> <span class='ocrx_word' id='word_1_422' title='bbox 817 2847 882 2882; x_wconf 92' lang='lat' dir='ltr'>ubi</span> <span class='ocrx_word' id='word_1_423' title='bbox 913 2848 1064 2893; x_wconf 86' lang='lat' dir='ltr'>propius</span> <span class='ocrx_word' id='word_1_424' title='bbox 1095 2849 1253 2884; x_wconf 79' lang='lat' dir='ltr'>accessit</span> <span class='ocrx_word' id='word_1_425' title='bbox 1276 2850 1504 2884; x_wconf 80' lang='lat' dir='ltr'>intellexisse</span> <span class='ocrx_word' id='word_1_426' title='bbox 1531 2851 1679 2885; x_wconf 87' lang='lat' dir='ltr'>nomine</span> <span class='ocrx_word' id='word_1_427' title='bbox 1705 2853 1829 2886; x_wconf 84' lang='lat' dir='ltr'>tamen</span> 
     </span>
     <span class='ocr_line' id='line_1_40' title="bbox 121 2892 1830 2943; baseline 0.003 -16"><span class='ocrx_word' id='word_1_428' title='bbox 121 2892 220 2938; x_wconf 83' lang='lat' dir='ltr'>regis</span> <span class='ocrx_word' id='word_1_429' title='bbox 247 2892 440 2938; x_wconf 87' lang='lat' dir='ltr'>indignum</span> <span class='ocrx_word' id='word_1_430' title='bbox 465 2893 497 2927; x_wconf 87' lang='lat' dir='ltr'>T</span> <span class='ocrx_word' id='word_1_431' title='bbox 513 2895 525 2937; x_wconf 89' lang='grc' dir='ltr'>ΙΙ</span> <span class='ocrx_word' id='word_1_432' title='bbox 547 2897 589 2928; x_wconf 81' lang='lat'>17</span> <span class='ocrx_word' id='word_1_433' title='bbox 616 2896 749 2938; x_wconf 85' lang='lat' dir='ltr'>postea</span> <span class='ocrx_word' id='word_1_434' title='bbox 773 2894 926 2929; x_wconf 87' lang='lat' dir='ltr'>Daniel:</span> <span class='ocrx_word' id='word_1_435' title='bbox 953 2897 1110 2940; x_wconf 87' lang='lat' dir='ltr'>possunt</span> <span class='ocrx_word' id='word_1_436' title='bbox 1135 2895 1175 2930; x_wconf 89' lang='lat' dir='ltr'><em>F</em></span> <span class='ocrx_word' id='word_1_437' title='bbox 1191 2898 1203 2943; x_wconf 84' lang='grc' dir='ltr'>ΙΙ</span> <span class='ocrx_word' id='word_1_438' title='bbox 1226 2901 1267 2932; x_wconf 90' lang='grc'>18</span> <span class='ocrx_word' id='word_1_439' title='bbox 1294 2897 1505 2941; x_wconf 79' lang='lat' dir='ltr'>praedictor</span> <span class='ocrx_word' id='word_1_440' title='bbox 1532 2897 1572 2931; x_wconf 90' lang='lat' dir='ltr'><em>F</em></span> <span class='ocrx_word' id='word_1_441' title='bbox 1588 2898 1599 2943; x_wconf 91' lang='grc' dir='ltr'>ΙΙ</span> <span class='ocrx_word' id='word_1_442' title='bbox 1619 2901 1663 2932; x_wconf 91' lang='grc'>20</span> <span class='ocrx_word' id='word_1_443' title='bbox 1689 2898 1830 2933; x_wconf 85' lang='lat' dir='ltr'>nomini</span> 
     </span>
     <span class='ocr_line' id='line_1_41' title="bbox 122 2939 1828 2992; baseline 0.004 -18"><span class='ocrx_word' id='word_1_444' title='bbox 122 2951 201 2985; x_wconf 72' lang='lat' dir='ltr'>eqo:</span> <span class='ocrx_word' id='word_1_445' title='bbox 227 2940 387 2975; x_wconf 80' lang='lat' dir='ltr'>nominis</span> <span class='ocrx_word' id='word_1_446' title='bbox 414 2939 482 2986; x_wconf 78' lang='lat' dir='ltr'>Fss</span> <span class='ocrx_word' id='word_1_447' title='bbox 513 2944 556 2975; x_wconf 83' lang='lat'>21</span> <span class='ocrx_word' id='word_1_448' title='bbox 584 2941 850 2976; x_wconf 83' lang='lat' dir='ltr'>contumeliase</span> <span class='ocrx_word' id='word_1_449' title='bbox 877 2941 916 2975; x_wconf 78' lang='lat' dir='ltr'><em>F</em></span> <span class='ocrx_word' id='word_1_450' title='bbox 953 2942 1179 2979; x_wconf 79' lang='lat' dir='ltr'>contumelia</span> <span class='ocrx_word' id='word_1_451' title='bbox 1205 2944 1238 2979; x_wconf 78' lang='lat' dir='ltr'><strong><em>G</em></strong></span> <span class='ocrx_word' id='word_1_452' title='bbox 1257 2946 1268 2990; x_wconf 82' lang='grc' dir='ltr'>ΙΙ</span> <span class='ocrx_word' id='word_1_453' title='bbox 1297 2948 1342 2979; x_wconf 91' lang='grc'>22</span> <span class='ocrx_word' id='word_1_454' title='bbox 1369 2945 1500 2979; x_wconf 72' lang='lat' dir='ltr'>ductus</span> <span class='ocrx_word' id='word_1_455' title='bbox 1528 2973 1534 2979; x_wconf 97' lang='lat'>.</span> <span class='ocrx_word' id='word_1_456' title='bbox 1558 2971 1564 2978; x_wconf 92' lang='lat'><strong>.</strong></span> <span class='ocrx_word' id='word_1_457' title='bbox 1588 2973 1595 2980; x_wconf 90' lang='lat'>.</span> <span class='ocrx_word' id='word_1_458' title='bbox 1623 2945 1749 2992; x_wconf 86' lang='lat' dir='ltr'>supra]</span> <span class='ocrx_word' id='word_1_459' title='bbox 1776 2946 1828 2980; x_wconf 88' lang='lat' dir='ltr'>in·</span> 
     </span>
     <span class='ocr_line' id='line_1_42' title="bbox 122 2987 1830 3036; baseline 0.003 -14"><span class='ocrx_word' id='word_1_460' title='bbox 122 2987 267 3022; x_wconf 86' lang='lat' dir='ltr'>uidiose</span> <span class='ocrx_word' id='word_1_461' title='bbox 291 2999 376 3022; x_wconf 86' lang='lat' dir='ltr'>nam</span> <span class='ocrx_word' id='word_1_462' title='bbox 408 2999 534 3023; x_wconf 84' lang='lat' dir='ltr'>sensus</span> <span class='ocrx_word' id='word_1_463' title='bbox 569 2989 625 3023; x_wconf 88' lang='lat' dir='ltr'>est</span> <span class='ocrx_word' id='word_1_464' title='bbox 655 2988 788 3023; x_wconf 84' lang='lat' dir='ltr'>ductus</span> <span class='ocrx_word' id='word_1_465' title='bbox 821 2990 878 3023; x_wconf 85' lang='lat' dir='ltr'>est</span> <span class='ocrx_word' id='word_1_466' title='bbox 908 2990 950 3024; x_wconf 80' lang='lat' dir='ltr'>ut</span> <span class='ocrx_word' id='word_1_467' title='bbox 980 2989 1138 3025; x_wconf 81' lang='lat' dir='ltr'>diximus</span> <span class='ocrx_word' id='word_1_468' title='bbox 1165 3002 1278 3036; x_wconf 85' lang='lat' dir='ltr'>supra</span> <span class='ocrx_word' id='word_1_469' title='bbox 1303 2991 1385 3026; x_wconf 86' lang='lat' dir='ltr'>aliis</span> <span class='ocrx_word' id='word_1_470' title='bbox 1413 2991 1453 3026; x_wconf 93' lang='lat' dir='ltr'><em>F</em></span> <span class='ocrx_word' id='word_1_471' title='bbox 1499 3003 1543 3026; x_wconf 76' lang='lat' dir='ltr'>ec</span> <span class='ocrx_word' id='word_1_472' title='bbox 1567 2993 1623 3027; x_wconf 75' lang='lat' dir='ltr'>his</span> <span class='ocrx_word' id='word_1_473' title='bbox 1647 2992 1830 3028; x_wconf 83' lang='lat' dir='ltr'>invidiose</span> 
     </span>
     <span class='ocr_line' id='line_1_43' title="bbox 123 3035 1831 3080; baseline 0.003 -11"><span class='ocrx_word' id='word_1_474' title='bbox 123 3035 172 3069; x_wconf 84' lang='lat' dir='ltr'>acl</span> <span class='ocrx_word' id='word_1_475' title='bbox 198 3035 352 3070; x_wconf 81' lang='lat' dir='ltr'>sedeant</span> <span class='ocrx_word' id='word_1_476' title='bbox 378 3036 532 3070; x_wconf 63' lang='lat' dir='ltr'>manime</span> <span class='ocrx_word' id='word_1_477' title='bbox 552 3036 735 3080; x_wconf 78' lang='lat' dir='ltr'>pertinere</span> <span class='ocrx_word' id='word_1_478' title='bbox 759 3036 912 3071; x_wconf 78' lang='lat' dir='ltr'>videtur.</span> <span class='ocrx_word' id='word_1_479' title='bbox 946 3037 992 3080; x_wconf 83' lang='lat' dir='ltr'>cf.</span> <span class='ocrx_word' id='word_1_480' title='bbox 1012 3039 1062 3072; x_wconf 87' lang='lat' dir='ltr'>ad</span> <span class='ocrx_word' id='word_1_481' title='bbox 1082 3040 1172 3073; x_wconf 88' lang='lat' dir='ltr'>Aen.</span> <span class='ocrx_word' id='word_1_482' title='bbox 1194 3038 1242 3072; x_wconf 83' lang='lat' dir='ltr'>XI</span> <span class='ocrx_word' id='word_1_483' title='bbox 1271 3043 1350 3074; x_wconf 90' lang='grc'>460.</span> <span class='ocrx_word' id='word_1_484' title='bbox 1389 3051 1476 3074; x_wconf 88' lang='lat' dir='ltr'>nam</span> <span class='ocrx_word' id='word_1_485' title='bbox 1503 3051 1629 3074; x_wconf 87' lang='lat' dir='ltr'>sensus</span> <span class='ocrx_word' id='word_1_486' title='bbox 1655 3042 1712 3075; x_wconf 87' lang='lat' dir='ltr'>est</span> <span class='ocrx_word' id='word_1_487' title='bbox 1736 3041 1831 3074; x_wconf 72' lang='lat' dir='ltr'>alius</span> 
     </span>
     <span class='ocr_line' id='line_1_44' title="bbox 124 3083 1832 3131; baseline 0.002 -15"><span class='ocrx_word' id='word_1_488' title='bbox 124 3083 191 3127; x_wconf 82' lang='lat' dir='ltr'>(sic</span> <span class='ocrx_word' id='word_1_489' title='bbox 216 3083 310 3117; x_wconf 86' lang='lat' dir='ltr'>enim</span> <span class='ocrx_word' id='word_1_490' title='bbox 333 3084 563 3119; x_wconf 83' lang='lat' dir='ltr'>scribendum</span> <span class='ocrx_word' id='word_1_491' title='bbox 581 3085 690 3128; x_wconf 73' lang='lat' dir='ltr'>puto)</span> <span class='ocrx_word' id='word_1_492' title='bbox 721 3087 762 3117; x_wconf 82' lang='lat' dir='ltr'>ut</span> <span class='ocrx_word' id='word_1_493' title='bbox 795 3083 925 3118; x_wconf 85' lang='lat' dir='ltr'>ductus</span> <span class='ocrx_word' id='word_1_494' title='bbox 959 3086 1016 3118; x_wconf 84' lang='lat' dir='ltr'>est</span> <span class='ocrx_word' id='word_1_495' title='bbox 1051 3086 1139 3130; x_wconf 75' lang='lat' dir='ltr'>quid</span> <span class='ocrx_word' id='word_1_496' title='bbox 1171 3086 1243 3120; x_wconf 80' lang='lat' dir='ltr'>sibi</span> <span class='ocrx_word' id='word_1_497' title='bbox 1272 3087 1356 3120; x_wconf 82' lang='lat' dir='ltr'>velit</span> <span class='ocrx_word' id='word_1_498' title='bbox 1387 3087 1619 3131; x_wconf 58' lang='lat' dir='ltr'>intellegatur</span> <span class='ocrx_word' id='word_1_499' title='bbox 1645 3088 1832 3131; x_wconf 73' lang='lat' dir='ltr'>adscripta</span> 
     </span>
     <span class='ocr_line' id='line_1_45' title="bbox 123 3130 1832 3179; baseline 0.002 -15"><span class='ocrx_word' id='word_1_500' title='bbox 123 3140 195 3164; x_wconf 83' lang='lat' dir='ltr'>esse</span> <span class='ocrx_word' id='word_1_501' title='bbox 218 3131 394 3174; x_wconf 80' lang='lat' dir='ltr'>suspicor.</span> <span class='ocrx_word' id='word_1_502' title='bbox 434 3130 617 3165; x_wconf 82' lang='lat' dir='ltr'>invidiose</span> <span class='ocrx_word' id='word_1_503' title='bbox 644 3130 784 3165; x_wconf 84' lang='lat' dir='ltr'>dictum</span> <span class='ocrx_word' id='word_1_504' title='bbox 811 3132 867 3165; x_wconf 83' lang='lat' dir='ltr'>est</span> <span class='ocrx_word' id='word_1_505' title='bbox 892 3132 934 3165; x_wconf 86' lang='lat' dir='ltr'>ut</span> <span class='ocrx_word' id='word_1_506' title='bbox 959 3130 1118 3167; x_wconf 84' lang='lat' dir='ltr'>diximus</span> <span class='ocrx_word' id='word_1_507' title='bbox 1143 3144 1253 3178; x_wconf 82' lang='lat' dir='ltr'>supra</span> <span class='ocrx_word' id='word_1_508' title='bbox 1280 3134 1486 3168; x_wconf 80' lang='lat' dir='ltr'>Masvicius</span> <span class='ocrx_word' id='word_1_509' title='bbox 1505 3136 1516 3179; x_wconf 82' lang='lat' dir='ltr'>ss</span> <span class='ocrx_word' id='word_1_510' title='bbox 1537 3134 1683 3179; x_wconf 78' lang='lat' dir='ltr'>ductus]</span> <span class='ocrx_word' id='word_1_511' title='bbox 1711 3134 1832 3168; x_wconf 80' lang='lat' dir='ltr'>dictus</span> 
     </span>
    </p>
   </div>
   <div class='ocr_carea' id='block_1_5' title="bbox 122 3177 1831 3270">
    <p class='ocr_par' dir='ltr' id='par_1_6' title="bbox 122 3177 1831 3270">
     <span class='ocr_line' id='line_1_46' title="bbox 124 3177 1831 3227; baseline 0.003 -16"><span class='ocrx_word' id='word_1_512' title='bbox 124 3177 167 3211; x_wconf 86' lang='lat' dir='ltr'><em>H</em></span> <span class='ocrx_word' id='word_1_513' title='bbox 189 3177 201 3222; x_wconf 90' lang='grc' dir='ltr'>ΙΙ</span> <span class='ocrx_word' id='word_1_514' title='bbox 233 3181 277 3212; x_wconf 87' lang='grc'>23</span> <span class='ocrx_word' id='word_1_515' title='bbox 303 3177 446 3224; x_wconf 80' lang='lat' dir='ltr'>dicens]</span> <span class='ocrx_word' id='word_1_516' title='bbox 473 3189 556 3212; x_wconf 84' lang='lat' dir='ltr'>cum</span> <span class='ocrx_word' id='word_1_517' title='bbox 584 3178 677 3213; x_wconf 84' lang='lat' dir='ltr'>dicit</span> <span class='ocrx_word' id='word_1_518' title='bbox 702 3178 741 3213; x_wconf 84' lang='lat' dir='ltr'><em>F</em></span> <span class='ocrx_word' id='word_1_519' title='bbox 763 3180 775 3223; x_wconf 75' lang='lat' dir='ltr'>fl</span> <span class='ocrx_word' id='word_1_520' title='bbox 807 3181 852 3213; x_wconf 83' lang='lat'>25</span> <span class='ocrx_word' id='word_1_521' title='bbox 877 3177 1024 3224; x_wconf 84' lang='lat' dir='ltr'>planius</span> <span class='ocrx_word' id='word_1_522' title='bbox 1050 3179 1136 3214; x_wconf 86' lang='lat' dir='ltr'>RF</span> <span class='ocrx_word' id='word_1_523' title='bbox 1169 3180 1253 3225; x_wconf 88' lang='lat' dir='ltr'>pius</span> <span class='ocrx_word' id='word_1_524' title='bbox 1280 3180 1323 3214; x_wconf 88' lang='lat' dir='ltr'><em>H</em></span> <span class='ocrx_word' id='word_1_525' title='bbox 1358 3181 1481 3226; x_wconf 87' lang='lat' dir='ltr'>sepius</span> <span class='ocrx_word' id='word_1_526' title='bbox 1506 3182 1528 3216; x_wconf 82' lang='grc' dir='ltr'>Ιι</span> <span class='ocrx_word' id='word_1_527' title='bbox 1554 3183 1565 3227; x_wconf 85' lang='grc' dir='ltr'>ΙΙ</span> <span class='ocrx_word' id='word_1_528' title='bbox 1596 3185 1642 3216; x_wconf 86' lang='grc'>26</span> <span class='ocrx_word' id='word_1_529' title='bbox 1669 3193 1831 3216; x_wconf 80' lang='lat' dir='ltr'>commu-</span> 
     </span>
     <span class='ocr_line' id='line_1_47' title="bbox 122 3224 423 3270; baseline 0.007 -12"><span class='ocrx_word' id='word_1_530' title='bbox 122 3234 207 3259; x_wconf 88' lang='lat' dir='ltr'>nem</span> <span class='ocrx_word' id='word_1_531' title='bbox 234 3224 361 3270; x_wconf 83' lang='lat' dir='ltr'>fugam</span> <span class='ocrx_word' id='word_1_532' title='bbox 386 3225 423 3260; x_wconf 84' lang='lat' dir='ltr'><strong><em>R</em></strong></span> 
     </span>
    </p>
   </div>
  </div>
 </body>
</html>
