2092 3614
326 244 415 287 500
1100 245 1261 282 SERVII

326 353 486 396 Vestae
532 354 631 409 quia
674 354 845 410 legibus
888 368 977 397 non
1019 355 1242 410 tenentur,
1282 354 1328 396 in
1372 354 1545 404 civitate
1589 354 1753 397 habent
1796 354 2035 410 sepulchra.

327 425 510 480 denique
548 426 680 468 etiam
717 427 919 468 nocentes
957 426 1147 482 virgines
1180 425 1359 481 Vestae,
1395 426 1495 480 quia
1529 425 1681 480 leyibus
1716 439 1801 468 non
1837 429 2034 477 tenentur,

326 496 429 539 lieet
460 497 595 552 vivae,
626 499 775 540 tamen
805 497 921 540 intra
951 497 1102 540 urbem
1134 498 1181 539 in
1213 512 1365 553 eampo
1398 497 1607 539 scelerato
1641 497 1942 540 obruebantur.

444 568 542 611 208.
591 580 683 612 NEC
713 580 906 613 HONORE
945 569 1032 612 ideo
1071 568 1158 611 ‘nee
1192 567 1370 625 honore',
1408 568 1509 624 quia
1547 568 1642 611 ‘nee
1673 567 1885 620 numero'‚
1928 569 2037 623 quod

278 649 298 680 5
325 639 372 681 in
407 653 578 683 numero
614 644 653 683 et
688 641 830 684 ordine
865 640 992 684 honos
1029 643 1254 695 spectatur:
1291 655 1394 683 nam
1431 640 1550 683 aliud
1581 640 1761 683 verbum
1792 639 1952 696 pendet
1984 654 2035 681 ex

326 710 478 754 altero.
526 712 606 755 alii
637 710 738 755 ‘nee'
764 726 844 767 pro
877 711 993 756 ‘sine'
1026 713 1244 767 accipiunt.
1367 729 1470 756 rvzvc
1493 725 1572 766 pro
1605 710 1736 768 ‘tum',
1766 712 1813 755 id
1841 714 1901 754 est
1922 714 2034 766 post-

323 796 450 836 quam
480 796 660 826 cremare
689 787 915 839 coeperunt.

444 855 544 897 210.
595 873 735 899 TERTIA
759 873 842 900 mc
864 869 952 899 mos
982 856 1091 899 enim
1121 858 1211 899 erat
1240 855 1362 899 tertia
1392 855 1458 898 die
1487 869 1581 899 ossa
1604 858 1876 898 crematorum
1902 854 1990 909 leyi.

443 926 541 969 211.
592 944 826 971 mmmmm
859 927 932 971 hoc
968 931 1006 970 et
1040 928 1098 971 ad
1126 928 1301 971 Latinos
1331 930 1370 970 et
1399 928 1456 970 cwl
1489 927 1692 970 Troianos
1713 930 1848 982 potest
1875 926 2033 980 referri.

255 1009 299 1040 10
323 1011 423 1041 sane
454 997 662 1042 emaerere'
689 1002 749 1042 est
770 1013 862 1043 eum
886 999 1047 1043 silentio
1073 999 1215 1053 dolere,
1248 997 1374 1053 ‘flere’
1399 999 1574 1042 ubertim
1599 999 1793 1042 lacrimas
1817 998 2033 1050 demittere,

325 1069 517 1124 ‘plorare'
556 1084 648 1113 eum
684 1084 774 1113 voce
811 1071 926 1127 flere,
965 1070 1185 1126 ‘planyere’
1225 1084 1318 1113 cum
1348 1070 1554 1125 aliquibus
1585 1070 1704 1113 dietis
1734 1069 2035 1113 miserabilibus

316 1145 458 1196 peetus
500 1145 539 1184 et
577 1142 727 1196 faeiem
765 1143 946 1198 tundere,
990 1141 1153 1197 ‘luyere'
1193 1143 1318 1186 etiam
1353 1156 1446 1185 eum
1481 1141 1644 1184 habitus
1680 1141 1917 1185 mutatione.

323 1231 461 1258 ALTVM
483 1231 659 1258 olma-REM
684 1215 784 1269 quia
815 1215 979 1258 dixerat
1009 1214 1154 1270 <2Ο4>
1179 1212 1437 1257 ‘innumeras
1466 1216 1651 1256 siruxere
1673 1212 1833 1268 pyras'.
1924 1223 2033 1256 CON-

324 1297 444 1329 FVSA
474 1298 690 1330 RVEBANT
723 1298 836 1330 OSSA
867 1298 999 1330 Focls
1039 1289 1115 1330 aut
1152 1286 1253 1343 quia
1291 1285 1399 1328 dixit
1436 1285 1564 1327 simul
1603 1285 1763 1327 multos
1802 1286 2034 1327 crematos:

256 1367 298 1398 15
325 1359 401 1400 aut
437 1358 475 1400 si
514 1358 567 1401 ad
605 1358 918 1402 honoratorum
956 1357 1168 1402 cadavera
1198 1356 1376 1411 referas,
1416 1358 1466 1398 ut
1496 1370 1627 1412 supra
1659 1355 1805 1411 <197>
1838 1355 2033 1408 diximus,

325 1428 536 1472 ‘confusa’
577 1433 756 1485 propter
793 1430 922 1473 simul
960 1429 1166 1472 animalia
1205 1429 1491 1471 concremata.
1553 1426 1768 1470 ‘ruebant'
1807 1429 1951 1470 autem
1981 1427 2033 1469 de

326 1501 540 1543 cineribus
573 1502 793 1545 eruebant.
842 1501 1126 1544 adnotandum
1155 1513 1255 1543 sane
1284 1499 1393 1554 quod
1424 1497 1560 1553 ‘focos'
1591 1499 1745 1542 dixerit
1766 1512 1911 1555 pyras,
1942 1512 2033 1542 cum

320 1573 436 1626 focus
466 1587 547 1616 ara
576 1574 632 1616 sit
660 1574 826 1617 deorum
850 1573 1079 1628 penatium.
1128 1586 1186 1615 an
1215 1571 1325 1626 quod
1349 1570 1488 1624 focum
1518 1571 1629 1614 dieat
1657 1571 1894 1625 ubicumque
1924 1570 2033 1626 iynis

323 1648 382 1688 est
410 1648 449 1688 et
476 1645 657 1698 fovetur:
687 1646 796 1688 unde
825 1648 863 1688 el
893 1644 1027 1688 Varro
1054 1644 1192 1698 focum
1223 1643 1305 1686 diei
1335 1643 1445 1685 vult..

252 1725 298 1757 20
442 1717 542 1760 212.
593 1728 862 1768 'rnmnoovn
902 1727 1183 1759 ONERABANT
1219 1725 1407 1758 AGGERE
1439 1725 1622 1757 TERRAE
1661 1713 1912 1771 hypallage,
1949 1713 2032 1757 hoe

324 1790 391 1830 est
421 1786 538 1830 ‘ossa
568 1787 743 1843 tepida'.

443 1860 542 1903 213.
580 1871 878 1903 PRAEDIVITIS
899 1874 1019 1902 more
1036 1857 1198 1902 Graeco
1220 1858 1445 1914 epitheton
1464 1857 1745 1913 incongruum
1764 1857 1859 1901 loeo
1874 1857 2031 1912 posuit.

442 1931 542 1975 214.
592 1943 752 1975 LONGE
789 1942 904 1975 PARS
941 1941 1126 1974 MAXIMA
1157 1941 1336 1973 LVOTVS
1375 1929 1517 1972 valde:
1561 1931 1606 1972 et
1640 1929 1722 1972 hoe
1761 1930 1827 1971 est
1863 1928 2031 1983 melius,

323 2018 453 2059 quam
486 2003 599 2059 quod
630 2004 802 2060 legatur
834 2003 894 2047 ‘et
924 2001 1072 2059 longi'.
1628 2042 1630 2044 ,

253 2084 297 2116 25
441 2074 541 2118 215.
590 2086 669 2117 HIC
701 2086 886 2118 MATRES
918 2074 1019 2131 quia
1058 2074 1140 2117 scit
1177 2073 1229 2116 ad
1264 2073 1427 2129 aliquid
1458 2072 1565 2115 haee
1595 2072 1774 2115 nomina
1803 2070 2030 2127 pertinere,

322 2161 411 2190 non
441 2145 606 2189 addidit
637 2144 871 2189 ‘deflebant
901 2146 1015 2189 filios
1048 2148 1123 2189 aut
1153 2145 1337 2189 maritos
1370 2146 1446 2187 aut
1470 2142 1654 2188 fratres'.
1747 2161 1844 2188 auu
1862 2160 2029 2187 merom

419 2316 463 2349 10
495 2324 583 2348 sane
615 2323 782 2349 maerere
807 2340 815 2347 .
838 2340 846 2348 .
867 2339 874 2347 .
901 2310 1127 2358 mutatione]
1161 2321 1274 2347 exser.
1302 2309 1387 2346 Isid.
1414 2309 1490 2345 diff.
1517 2310 1619 2346 verb.
1645 2314 1713 2345 227
1750 2310 1763 2356 11
1799 2313 1843 2344 16
1868 2321 2029 2346 nvsnAm·

322 2360 594 2444 ἓξιιὲἒιὲιιξὲῒῖξ.
615 2359 714 2444 ξῖἒι.
742 2372 777 2406 p.
804 2362 885 2406 380,
912 2362 933 2394 8
958 2358 1007 2396 Μ.
1034 2359 1047 2406 11
1076 2361 1120 2394 18
1147 2370 1196 2394 an
1221 2358 1321 2404 quod
1348 2385 1355 2393 .
1380 2386 1386 2393 .
1409 2385 1416 2392 .
1443 2357 1542 2404 vult]
1569 2356 1615 2394 ef.
1641 2357 1724 2393 Isid.
1752 2368 1802 2393 or.
1829 2357 1896 2392 XX
1924 2361 1981 2403 10,
2007 2361 2027 2393 1

418 2567 437 2598 1
465 2563 554 2608 quia
577 2562 724 2608 legibus
751 2590 758 2597 .
780 2590 788 2597 .
810 2590 817 2597 .
845 2561 1006 2607 virgines
1032 2561 1169 2597 Vestae
1195 2571 1260 2596 om.
1281 2560 1318 2595 R
1345 2561 1357 2606 11
1389 2564 1409 2595 5
1436 2570 1528 2595 onus
1553 2558 1595 2594 F
1635 2560 1752 2596 honus
1779 2560 1844 2607 6-11
1873 2560 2027 2596 verbum

322 2623 388 2647 om.
416 2610 489 2647 AS
516 2611 528 2657 11
567 2622 612 2646 ex
637 2610 711 2646 alio
738 2609 811 2645 AS
840 2610 852 2656 11
889 2609 939 2645 ad
963 2621 1029 2644 mec
1054 2622 1086 2644 n.
1112 2621 1145 2644 n.
1171 2620 1207 2644 H.
1231 2619 1259 2644 s.
1286 2619 1317 2644 v.
1346 2607 1449 2643 aliud
1473 2607 1614 2653 pendet
1638 2618 1684 2643 ex
1708 2608 1836 2644 altero.
1875 2608 2027 2654 quidam

322 2668 604 2742 ῗὲεῐὲὲἒέἷω
614 2656 1344 2759 523¹¹²13³30Td¹123sta⁴3m2fflffi9²⁷03¹3
1365 2683 1434 2738 1211·
1459 2666 1553 2738 {32¹³
1555 2656 1670 2738 3333
1691 2655 1889 2738 ᾗέιέοὲᾱ.
1898 2667 1931 2692 ⁹⁷
1945 2659 2026 2739 3.ὲο

322 2754 477 2790 tatione.
528 2753 647 2789 altum
673 2752 834 2788 cinerem
860 2780 868 2788 .
890 2780 898 2787 .
919 2763 1075 2797 ‚pyrae
1112 2751 1319 2796 notandum
1347 2750 1420 2787 hoc
1451 2751 1534 2786 loco
1566 2750 1666 2795 quod
1696 2750 1798 2786 focos
1825 2777 1833 2786 .
1855 2777 1862 2786 .
1883 2778 1892 2787 .
1917 2761 2026 2787 uarro

321 2801 447 2837 focum
473 2801 613 2836 dictum
639 2801 749 2847 putat
774 2800 852 2845 (sic)
881 2798 914 2834 T
930 2799 943 2845 11
975 2803 1018 2834 10
1045 2799 1148 2834 sane
1135 2821 1148 2844 J
1176 2802 1214 2834 et
1242 2798 1302 2844 Τ11
1332 2798 1460 2834 dolore
1486 2797 1527 2832 F
1541 2798 1554 2844 11
1578 2797 1681 2844 flere]
1708 2798 1802 2833 ferre
1830 2797 1865 2833 G
1882 2799 1895 2845 11
1919 2798 2025 2834 uber-

322 2849 391 2884 tim
410 2859 477 2885 om.
493 2848 525 2884 G
578 2852 619 2883 11
646 2847 867 2884 miserabilis
888 2845 928 2882 F
943 2848 955 2892 11
977 2850 1018 2881 12
1044 2845 1180 2882 faeiem
1206 2847 1246 2882 et
1269 2847 1399 2891 peetus
1424 2845 1579 2881 tundere
1603 2844 1637 2880 T
1667 2855 1779 2891 pecus
1801 2845 1867 2880 aut
1891 2843 2026 2881 faciem

323 2896 481 2932 condere
582 2896 714 2941 peetus
740 2896 805 2931 aut
829 2894 855 2930 f.
879 2894 1034 2929 tondere
1059 2894 1198 2930 Daniel
1216 2895 1228 2940 11
1255 2893 1382 2939 lugere
1408 2893 1524 2928 etiam
1548 2903 1614 2928 om.
1640 2857 1692 2927 Tp
1692 2893 1705 2939 11
1737 2896 1780 2928 13
1805 2890 1951 2928 dixerat
1978 2892 2025 2928 T:

323 2942 460 2979 dixerit
483 2942 524 2978 F
548 2943 560 2989 11
593 2946 636 2978 14
663 2942 775 2978 simul
798 2953 864 2978 om.
885 2940 926 2977 F
947 2942 959 2988 11
993 2945 1035 2977 16
1062 2943 1188 2977 autem
1214 2952 1280 2978 om.
1301 2940 1475 2987 RHM111
1506 2943 1550 2975 17
1576 2939 1719 2975 ciuibus
1744 2939 1790 2974 H
1803 2940 1815 2986 11
1845 2939 2024 2976 adnotan-

321 2992 404 3026 tum
423 2990 464 3026 F
478 2992 492 3036 11
515 2990 619 3027 focus
640 2990 680 3025 F
695 2992 708 3036 11
727 3002 840 3027 cum.
879 2989 1146 3035 ,ubicumque]
1173 3000 1257 3025 cum
1281 2988 1385 3024 focus
1410 2987 1460 3024 sit
1483 2987 1637 3023 deorum
1660 2987 1807 3022 tantum
1829 2987 2024 3032 penatium

323 3038 396 3074 nisi
419 3037 516 3074 forte
540 3038 664 3074 focum
691 3039 793 3074 dicat
816 3037 1040 3082 ubicumque
1064 3036 1098 3071 T
1111 3037 1123 3082 11
1144 3040 1187 3072 19
1212 3036 1367 3072 fouebat
1385 3035 1453 3080 Fll
1471 3038 1517 3070 20
1535 3034 1641 3071 schol.
1662 3034 1712 3070 ad
1729 3045 1761 3069 v.
1783 3037 1852 3070 212
1872 3045 1937 3070 om.
1956 3034 1998 3070 F
2012 3033 2025 3082 11

323 3090 368 3122 22
394 3085 639 3131 incongruum
671 3085 753 3122 loco
779 3085 836 3122 H:
867 3084 1110 3130 incongruum
1147 3085 1366 3130 (congruum
1391 3081 1478 3124 AS)
1515 3082 1602 3117 huie
1626 3081 1708 3117 loco
1734 3080 1808 3117 AS
1817 3082 1867 3117 M
1900 3082 2025 3127 incon-

322 3145 415 3180 gruo
440 3134 523 3170 loco
549 3132 660 3179 RFn
679 3137 723 3168 23
749 3145 864 3170 nomo
889 3126 963 3167 AS
996 3144 1105 3167 nomn
1127 3131 1167 3166 F
1182 3132 1195 3175 11
1214 3132 1251 3167 et
1275 3141 1342 3168 om.
1362 3130 1403 3165 F
1417 3131 1430 3176 11
1448 3133 1494 3165 24
1518 3139 1631 3174 quam
1655 3129 1771 3175 quod]
1797 3140 1936 3175 quamq
1937 3140 2025 3164 uam

323 3181 414 3226 AS,
439 3181 539 3227 quod
559 3191 624 3217 om.
641 3181 681 3216 F
696 3182 708 3227 11
732 3184 778 3217 25
803 3181 851 3218 ad
870 3179 999 3225 aliqua
1022 3189 1068 3214 ea
1085 3179 1237 3215 nomina
1254 3177 1440 3233 pertinere
1461 3175 1501 3211 F
1515 3176 1528 3221 11
1546 3180 1592 3213 26
1612 3175 1719 3212 addit
1737 3176 1774 3212 R
1791 3178 1804 3223 11
1823 3176 2023 3221 deflebant]

323 3231 362 3265 et
386 3193 563 3265 e’fflebant
591 3229 639 3263 M
662 3229 674 3274 11
699 3230 749 3264 acl
774 3241 863 3264 cum
891 3241 916 3263 s
944 3238 970 3263 s.
997 3237 1029 3262 v.
1056 3226 1190 3261 fratres
1216 3223 1467 3261 desiderantia
1496 3223 1529 3258 T
