2092 3614
548 249 698 288 COMM.
725 250 779 287 IN
804 250 946 287 VERG.
972 248 1085 286 AEN.
1111 250 1163 285 XI
1190 255 1388 288 134—143.
1733 249 1822 293 493

236 359 333 402 142.
382 371 593 403 ARCADES
626 372 689 403 AD
721 371 899 404 PonrAs
937 372 1088 403 RVERE
1129 374 1203 402 eos
1239 374 1351 403 nunc
1381 360 1573 404 Arcadas
1610 359 1714 402 dicit
1752 360 1825 416 qui

114 430 229 473 intra
253 430 476 473 civitatem
501 433 613 474 suni.
658 432 790 474 multa
815 435 951 474 tamen
976 431 1230 486 exemplaria
1251 431 1451 474 ‘Arcades
1475 435 1520 474 at
1538 431 1672 486 portis
1692 430 1824 474 ruere'

112 501 353 559 habuerunt,
383 507 431 545 ut
460 504 689 546 coniunctio
719 504 785 558 sit,
815 517 900 546 non
923 503 1186 557 praepositio,
1216 506 1265 545 ut
1296 502 1389 558 <IV
1409 503 1525 558 404>
1556 503 1598 546 it
1625 503 1825 557 niyrum

37 611 40 615 .
113 575 300 628 campis
330 589 501 629 aymen
521 589 598 629 pro
631 575 718 631 ‘per
741 573 920 629 campos'
950 577 989 616 et
1013 573 1107 629 <IV
1130 574 1243 629 130>
1277 575 1317 617 it
1338 575 1504 628 portis
1534 575 1708 617 iubare
1739 573 1826 629 ‘per

110 645 282 700 portas'.
340 645 485 689 ‘ruere’
517 650 665 703 autem,
695 647 743 689 id
765 649 823 689 est
853 659 1007 701 mayna
1036 646 1242 689 velocitate
1267 638 1386 700 ferri,
1416 649 1465 688 ut
1488 646 1582 700 <ΙΙΙ
1603 645 1719 701 676>
1745 659 1824 688 ex-

114 718 264 760 citum
299 718 405 760 ruit
439 719 504 761 ad
529 722 710 773 portus
745 721 785 760 et
819 721 1068 772 ruuntque
1103 717 1259 771 effusi
1302 731 1498 760 carcere
1540 731 1729 760 currus.
1789 721 1828 760 et

115 787 260 832 truere’
272 803 354 843 pro
374 788 594 842 ‘ruebant',
614 790 828 844 infinitum
846 803 927 844 pro
945 789 1270 844 pronuntiative.
1361 801 1425 831 DE
1451 800 1580 832 MORE
1608 800 1824 832 vnrvs'ro

115 860 215 917 quia
245 862 374 902 antea
404 875 482 915 per
512 863 684 904 noctem
718 861 928 904 cadavera
958 861 1272 904 funerabantur
1302 875 1400 904 cum
1431 860 1597 904 faculis.

236 932 332 974 143.
381 943 598 975 RAPVERE
631 944 776 976 FACES
810 932 1011 988 ‘rapuere'
1044 933 1207 988 raptim
1246 935 1290 975 et,
1326 932 1585 975 festinanter
1622 933 1823 974 tulerunt.

113 1004 184 1046 sed
211 1004 326 1058 apud
347 1002 559 1047 Romanos
588 1005 716 1047 mor-is
743 1005 829 1058 fuit
857 1008 905 1047 ut
933 1005 1063 1047 noctis
1094 1008 1269 1059 tempore
1298 1004 1543 1058 efferrentur
1573 1005 1631 1047 ad
1656 1004 1826 1058 funalia

116 1099 170 1106 —-
202 1076 310 1118 unde
340 1076 463 1118 etiam
491 1076 623 1129 funus
653 1076 808 1118 dictum
838 1079 898 1118 est
915 1101 971 1106 —
997 1077 1099 1130 quia
1130 1077 1176 1119 in
1206 1077 1399 1131 reliyiosa
1429 1077 1591 1119 civitate
1621 1076 1827 1128 cavebant,

114 1161 164 1189 ne
194 1150 269 1189 aut
297 1147 608 1201 mayistratibus
639 1150 894 1190 occurrerent
922 1151 998 1190 aut
1025 1148 1319 1204 sacerdotibus,
1349 1162 1523 1202 quorum
1553 1148 1689 1191 oculos
1718 1148 1825 1190 nole-

114 1219 214 1261 bant
243 1219 376 1261 alieno
405 1219 550 1272 funere
579 1219 741 1262 violari.
801 1219 897 1262 inde
926 1219 1051 1262 etiam
1082 1220 1155 1274 qui
1182 1219 1324 1273 funeri
1346 1222 1573 1274 praeerant
1601 1233 1629 1261 a
1659 1233 1826 1273 vespera

106 1292 296 1345 primum
326 1304 575 1345 vesperones,
607 1291 749 1334 deinde
785 1291 1023 1345 vespillones
1059 1292 1159 1334 dicti
1193 1292 1394 1334 videntur.
1455 1294 1494 1333 et
1528 1291 1661 1346 mayis
1699 1291 1827 1334 moris

113 1363 298 1405 Romani
327 1366 375 1404 ut
402 1363 616 1417 inpuberes
645 1366 768 1406 noctu
799 1363 1042 1416 efferrentur
1072 1365 1130 1406 ad
1156 1364 1285 1419 faces,
1322 1377 1373 1405 ne
1407 1363 1553 1416 funere
1589 1363 1827 1406 inmaturae

113 1435 265 1478 subolis
296 1435 441 1477 domus
468 1434 771 1488 funestaretur:
809 1436 918 1490 quod
939 1436 1162 1490 praecipue
1191 1434 1396 1478 accidebat
1431 1435 1478 1477 in
1508 1448 1649 1477 eorum
1678 1436 1751 1489 qui
1781 1436 1828 1477 in

113 1507 360 1562 mayistratu
397 1509 516 1548 erant
550 1507 663 1561 filiis.
724 1508 813 1550 ideo
866 1507 1070 1561 Veryilius
1109 1507 1320 1550 Pallantis
1362 1519 1508 1560 corpus
1548 1506 1654 1560 facit
1695 1507 1828 1561 excipi

110 1579 290 1632 facibus,
320 1578 421 1632 quia
450 1578 639 1620 acerbum
667 1578 810 1632 funus.
869 1579 1022 1632 funera
1051 1582 1189 1622 autem
1220 1579 1299 1621 alii
1333 1591 1361 1620 a
1389 1577 1606 1630 funalibus
1635 1578 1826 1634 candelis,

111 1650 200 1694 sebo
225 1650 285 1692 vel
315 1663 407 1692 cera
432 1649 709 1704 circumdatis,
735 1651 844 1694 elicta
868 1650 1094 1706 (tradunt),
1125 1651 1233 1705 quod
1261 1650 1326 1693 his
1353 1649 1682 1703 praelucentibus
1706 1651 1827 1692 noctu

112 1722 356 1775 efferrentur
379 1721 552 1763 mortui:
584 1721 662 1764 alii
692 1735 720 1763 a
743 1721 962 1775 funyendo,
992 1722 1101 1776 quod
1130 1735 1173 1764 eo
1198 1734 1387 1775 supremo
1411 1721 1458 1763 in
1481 1734 1525 1763 eo
1556 1721 1629 1774 qui
1651 1721 1827 1776 decessit,

113 1793 247 1848 officio
282 1792 518 1846 sumimur,
555 1792 616 1835 vel
653 1794 763 1846 quod
795 1791 840 1834 hi
875 1793 949 1846 qui
985 1793 1139 1835 mortui
1174 1795 1274 1835 sunt
1304 1792 1405 1835 ‘vita
1433 1791 1588 1846 funeti'
1621 1793 1827 1835 dicuntur.

112 1866 190 1908 alii
222 1865 408 1919 tradunt,
439 1865 486 1906 de
523 1864 626 1918 filiis
656 1865 728 1918 qui
758 1864 805 1906 in
829 1867 1026 1917 potestate
1049 1865 1190 1918 patris
1219 1864 1322 1916 sint,
1352 1877 1435 1906 non
1459 1864 1609 1918 putari
1649 1864 1716 1907 ius
1746 1878 1829 1908 esse

110 1938 240 1991 funus
270 1936 408 1978 vocari
437 1936 616 1991 fierique,
641 1936 742 1990 quia
766 1937 872 1978 servi
903 1936 986 1978 loco
1016 1936 1104 1978 sint
1124 1936 1308 1991 parenti,
1339 1938 1378 1978 et
1406 1936 1445 1978 si
1468 1936 1515 1978 id
1542 1936 1629 1990 fiat,
1657 1936 1828 1989 familia

111 2010 322 2062 funestata
357 2007 423 2050 sit.
485 2021 576 2061 erqo
612 2007 677 2049 hic
715 2008 860 2049 merito
895 2007 1108 2050 Pallantis
1141 2008 1274 2061 funus
1307 2007 1469 2061 facibus
1505 2007 1745 2062 celebratur,
1781 2011 1829 2050 ut

111 2081 204 2135 filii.
265 2079 355 2134 alii,
386 2079 490 2121 sicut
530 2078 662 2121 Varro
693 2082 731 2121 et
769 2078 938 2121 Verrius
968 2079 1167 2134 Flaccus,
1207 2079 1375 2122 dieunt:
1415 2079 1454 2121 si
1489 2078 1604 2133 filius
1637 2079 1828 2132 familias

113 2155 231 2194 extra
261 2150 402 2192 urbem
433 2150 614 2205 decessit,
647 2150 779 2192 liberti
814 2150 1016 2204 amicique
1046 2150 1206 2192 obviam
1232 2151 1473 2205 procedunt,
1503 2153 1542 2193 et
1569 2151 1644 2194 sub
1673 2154 1827 2194 noctem

210 2296 231 2328 6
256 2290 460 2337 ruuntque]
488 2302 616 2336 georg.
643 2291 697 2326 III
725 2294 793 2327 104
823 2292 835 2337 ss
874 2295 918 2326 10
946 2291 1010 2326 sed
1037 2291 1137 2337 apud
1163 2291 1351 2328 Romanos
1379 2321 1386 2329 .
1409 2319 1417 2328 .
1439 2321 1446 2328 .
1472 2291 1622 2339 violari]
1659 2292 1704 2328 cf.
1731 2291 1826 2328 Don.

115 2341 162 2376 ad
189 2340 271 2376 Ter.
298 2339 410 2375 Andr.
437 2339 452 2373 I
481 2342 511 2382 1,
539 2341 582 2374 81
611 2340 650 2374 et
675 2342 719 2374 88

210 2475 231 2506 2
262 2469 360 2505 infra
384 2469 473 2505 RH
505 2471 518 2517 ΙΙ
554 2471 604 2506 ad
628 2481 659 2507 v.
688 2474 756 2506 142
782 2471 903 2506 multa
934 2470 1164 2516 exemplaria
1194 2472 1235 2507 at
1266 2471 1384 2517 portis
1415 2471 1627 2507 habuerunt
1655 2500 1661 2507 .
1690 2499 1698 2505 .
1725 2499 1733 2506 .
1759 2478 1837 2517 pro*

115 2519 249 2555 ruebat
270 2517 303 2552 T
318 2517 505 2564 ”arcadas
530 2520 573 2553 ut
598 2519 716 2564 portis
742 2530 848 2554 ruere
874 2518 1085 2554 habuerunt
1109 2519 1152 2554 ui:
1171 2531 1190 2555 e
1212 2519 1423 2555 coniunctio
1450 2520 1500 2555 sit
1516 2531 1543 2555 e.
1563 2531 1595 2565 q.
1615 2530 1644 2555 s.
1666 2518 1716 2564 F,
1742 2519 1828 2554 inde

116 2569 154 2603 eh
178 2564 296 2612 portis
330 2565 559 2610 interpretem
584 2566 708 2611 lcyisse
733 2566 953 2602 Ribbeekius
977 2567 1139 2603 coniecit.
1173 2568 1184 2613 ΙΙ
1222 2572 1242 2602 3
1270 2567 1320 2603 sit
1347 2567 1496 2610 nigrum
1522 2566 1563 2602 F
1595 2569 1608 2613 ΙΙ
1645 2571 1668 2602 4
1693 2578 1827 2613 agmen

116 2613 256 2659 campis
285 2613 318 2647 T
335 2614 347 2658 ΙΙ
371 2612 418 2658 it]
446 2613 501 2648 ait
526 2613 560 2648 G
578 2615 590 2658 n
618 2617 638 2649 5
666 2613 827 2649 excitum
855 2640 863 2649 .
886 2643 892 2650 .
916 2641 923 2648 .
951 2615 989 2650 eb
1014 2625 1079 2650 om.
1110 2614 1144 2649 T
1159 2616 1172 2660 ΙΙ
1200 2618 1220 2650 6
1246 2616 1359 2650 ruunt,
1384 2615 1418 2649 T
1434 2616 1446 2661 ΙΙ
1476 2619 1495 2650 7
1521 2626 1589 2660 pro
1615 2614 1827 2650 nuntiatiuo

118 2662 153 2698 G
172 2663 183 2708 ΙΙ
209 2665 230 2696 8
255 2660 523 2695 funerabantur
547 2661 680 2696 ASR:
706 2662 779 2707 pel.
806 2672 872 2707 pro
898 2661 1032 2697 funera
1056 2662 1246 2698 ferebatur
1273 2663 1501 2708 (ferebantur
1526 2663 1563 2707 h)
1589 2663 1635 2696 H
1666 2662 1825 2707 perfere-

115 2710 251 2746 bantur
277 2707 326 2742 M
359 2707 645 2752 proferebantur
669 2709 709 2743 F
742 2721 811 2754 pro
846 2710 973 2744 funere
1006 2709 1220 2745 ferebantur
1246 2710 1454 2755 Stephanus
1490 2712 1502 2755 ΙΙ
1541 2713 1585 2745 10
1616 2709 1731 2744 moris
1755 2709 1828 2744 fuit

116 2756 217 2803 apud
242 2765 416 2791 romanos
442 2756 485 2789 ut
510 2782 518 2791 .
540 2782 547 2789 .
570 2781 577 2789 .
604 2767 713 2792 nemo
738 2756 945 2802 rogabaizur
969 2757 1051 2792 hab.
1081 2757 1114 2792 T
1143 2758 1155 2804 ΙΙ
1185 2757 1307 2793 noctis
1332 2758 1500 2803 tempore
1530 2757 1575 2792 T:
1603 2756 1764 2793 noctites
1789 2756 1831 2791 F

114 2804 287 2841 noctibus
314 2802 594 2838 Kirehmannus
624 2804 667 2839 de
696 2804 777 2848 fun.
804 2804 908 2840 Rom.
936 2803 969 2839 Π
995 2808 1016 2839 2
1048 2806 1162 2840 noctu
1196 2804 1436 2841 Oommelinus
1473 2807 1484 2852 ΙΙ
1521 2805 1721 2840 efferentur
1747 2804 1789 2840 F
1815 2805 1828 2851 11

118 2857 159 2888 11
186 2850 275 2897 quia
300 2861 365 2886 om.
396 2850 429 2884 T
445 2851 457 2894 ΙΙ
483 2849 670 2895 relegiosa
695 2851 762 2896 Fu
790 2852 994 2887 canebatur
1021 2852 1054 2886 T
1069 2853 1082 2898 ΙΙ
1115 2857 1155 2888 13
1182 2853 1221 2888 hi
1247 2853 1312 2898 qui
1340 2853 1374 2887 T
1389 2854 1402 2899 ΙΙ
1433 2857 1477 2888 14
1502 2863 1726 2898 uesperones
1750 2852 1828 2898 pri-

115 2911 218 2935 mum
245 2898 278 2934 T
294 2899 307 2945 ΙΙ
325 2896 544 2943 uispillones
565 2897 644 2932 FT
660 2899 672 2944 fl
692 2900 730 2933 et
753 2899 874 2944 magis
901 2928 909 2935 .
933 2927 940 2934 .
962 2927 969 2935 .
995 2898 1112 2945 faces]
1138 2900 1299 2936 maxime
1324 2902 1452 2936 aurem
1476 2900 1689 2946 impuberes
1715 2902 1827 2936 noctu

117 2946 364 2983 efferebantur
389 2945 438 2980 ad
464 2945 563 2981 faces
593 2945 626 2978 T
649 2946 660 2991 ΙΙ
694 2948 737 2980 15
763 2946 962 2982 efferentur
989 2946 1029 2981 F
1052 2948 1065 2994 ΙΙ
1098 2951 1141 2983 16
1167 2948 1207 2983 in
1232 2959 1360 2984 eorum
1386 2948 1472 2983 filiis
1498 2948 1563 2993 qui
1588 2947 1828 2994 magistratui

116 2995 322 3039 praeerant.
373 2992 458 3028 ideo
492 2992 665 3037 uirgilius
699 3004 832 3038 corpus
864 2994 1042 3039 pallantis
1074 2994 1196 3041 excipi
1227 2995 1374 3031 facibus
1405 2996 1497 3031 facit
1527 2995 1618 3040 quia
1652 2996 1826 3031 acerbum

116 3042 225 3077 funus
249 3042 526 3086 praemonstrat]
554 3041 586 3075 T
603 3042 616 3086 ΙΙ
649 3045 687 3076 17
714 3040 893 3086 uergilius
919 3041 959 3076 F
974 3043 987 3087 ΙΙ
1016 3046 1059 3078 18
1084 3053 1260 3078 aceruum
1286 3043 1326 3078 F
1342 3044 1354 3089 ΙΙ
1373 3043 1454 3089 alii]
1482 3043 1558 3078 alia
1583 3043 1637 3087 F,
1663 3054 1729 3079 om.
1760 3043 1793 3078 T
1815 3043 1827 3089 ΙΙ

117 3101 140 3125 a
165 3089 353 3124 funalibus
384 3099 470 3123 cera
501 3088 562 3123 uel
593 3088 681 3123 sebo
708 3087 947 3124 circumdatis
973 3089 1139 3126 candelis
1169 3090 1202 3124 T
1236 3091 1248 3135 ΙΙ
1286 3094 1329 3127 19
1356 3091 1455 3135 quod
1484 3119 1491 3126 .
1520 3119 1527 3126 .
1555 3119 1562 3126 .
1590 3103 1613 3126 a
1637 3090 1825 3135 fungendo

117 3148 183 3173 om.
205 3136 244 3171 F
259 3137 272 3182 ΙΙ
300 3139 346 3171 20
372 3146 544 3180 supremo
574 3136 620 3171 T:
646 3147 842 3181 praesumo
868 3136 909 3171 F
923 3138 936 3182 ΙΙ
966 3141 1011 3172 22
1038 3139 1123 3173 sunt
1152 3138 1184 3172 T
1201 3139 1213 3184 ΙΙ
1245 3136 1290 3172 23
1318 3138 1405 3182 quia
1430 3166 1438 3174 .
1460 3165 1467 3172 .
1491 3167 1498 3174 .
1525 3138 1589 3184 sit]
1619 3136 1718 3173 serui
1743 3138 1825 3173 loco

116 3196 163 3219 ne
189 3183 332 3219 familia
355 3182 547 3219 funestata
572 3183 719 3219 dicatur
746 3183 779 3218 Τ
796 3185 808 3229 ΙΙ
835 3188 882 3219 24
907 3196 994 3230 ergo
1021 3187 1059 3221 et
1083 3184 1261 3231 pallantis
1291 3185 1324 3219 T
1338 3186 1350 3230 ΙΙ
1379 3190 1423 3221 25
1450 3185 1517 3221 alii
1542 3186 1639 3221 sieut
1664 3195 1729 3220 om.
1760 3185 1793 3219 T
1815 3185 1827 3231 ΙΙ

119 3236 164 3267 26
190 3241 255 3266 suo
281 3231 430 3266 noctem
457 3230 498 3265 F

1850 655 1871 686 5

1854 1013 1896 1044 10

1854 1371 1897 1403 15

1853 1731 1899 1763 20

1852 2088 1898 2120 25
