2092 3614
567 262 717 299 OOMM.
743 262 798 298 IN
822 262 966 300 VERG.
995 262 1103 300 AEN.
1131 263 1182 299 XI
1208 267 1408 300 346—360.
1756 262 1842 305 523

133 385 397 427 numquam
433 372 652 415 videram
689 373 838 415 etiam
875 376 913 415 et
946 387 1043 416 mox
1079 387 1229 416 unum
1270 374 1417 416 etiam
1446 375 1657 426 vosoro,
1693 377 1748 416 ut
1776 387 1844 415 me

133 444 186 486 in
221 446 436 486 vestrum
472 444 735 498 recipiatis
768 458 969 500 yreyem.
1099 456 1236 487 MITTI
1267 457 1557 488 DARDANIDIS
1588 456 1782 497 DICIQVE
1814 457 1843 488 1.
1905 481 1908 487 ,

135 513 293 556 ‘mitti’
332 530 503 571 aurum,
541 515 663 568 ebur,
703 515 853 558 sellam
892 517 936 558 et
965 518 1129 571 cetera,
1171 515 1296 558 ‘dici'
1329 517 1380 559 de
1411 517 1594 559 navibus
1625 517 1693 559 vel
1725 531 1842 573 agro.

135 589 173 628 et
201 586 296 628 bene
328 586 622 630 ‘Dardanidis'
654 588 777 641 quasi
807 589 988 642 coquetis
1018 590 1056 630 et
1085 587 1137 630 ab
1168 589 1324 642 oriyine
1350 589 1511 642 yeneris
1532 588 1791 642 propinquis.

255 656 352 699 354.
398 675 556 700 Aemus
590 672 671 711 pro
709 657 887 701 ‘adice':
927 659 1142 701 Terentius
1177 654 1322 701 abea's
1358 660 1404 701 si
1438 660 1600 713 sapis:
1643 660 1743 713 quia
1779 660 1842 701 in·
1868 671 1889 702 5

135 729 275 771 decens
312 733 402 771 erat
439 730 676 783 imperative
711 730 769 772 ad
801 744 933 785 reqem
965 731 1088 784 loqui.
1149 733 1187 773 et
1216 730 1310 773 bene
1339 731 1405 773 hic
1435 732 1544 785 quod
1570 731 1730 774 honeste
1759 731 1843 773 La-

137 801 248 843 tinus
276 801 494 843 reticuerat
522 802 631 856 dicit,
663 802 889 844 Laviniam
918 816 1074 856 quoque
1103 803 1141 844 ei
1171 802 1433 855 offerendam.

255 871 354 915 355.
403 883 611 915 EGREGIO
644 884 830 916 GENERO
862 885 1120 924 DIGNISQVE
1152 886 1423 917 HYMENAEIS
1456 888 1558 930 ergo
1586 874 1756 917 Turnus
1785 875 1845 918 vi-

136 943 259 985 detur
289 943 503 999 indignus,

254 1014 353 1057 356.
402 1026 623 1059 AETERNO
665 1028 884 1059 FOEDERE
929 1028 1102 1060 anns
1146 1020 1274 1060 natae
1319 1018 1482 1060 scilieet
1525 1018 1843 1061 coniunctione:
1874 1030 1915 1061 10

134 1101 236 1129 nam
280 1101 458 1129 munera
500 1090 545 1129 et
586 1089 801 1130 contemni
841 1091 1062 1143 poterant,
1109 1089 1281 1146 generis
1320 1104 1420 1131 vero
1459 1090 1761 1132 coniunctione
1798 1091 1845 1132 in

137 1160 361 1200 aeternum
386 1160 505 1215 pacis
531 1159 707 1202 foedera
732 1160 1029 1203 firmabantur.
1077 1160 1160 1203 1106
1186 1162 1331 1202 autem
1358 1161 1473 1203 dicto
1498 1162 1686 1204 latenter
1712 1162 1844 1204 etiam

134 1229 282 1272 Latini
312 1231 520 1286 pudorem
552 1234 773 1288 exonerat,
804 1232 877 1287 qui
910 1232 1056 1275 Turno
1088 1233 1220 1274 etiam
1252 1248 1374 1275 suam
1407 1234 1666 1288 promiserat
1696 1233 1844 1288 filiam,

137 1301 281 1343 dicens
319 1317 493 1345 causam
530 1303 791 1359 reipublicae
829 1303 1172 1359 praeponderare
1210 1303 1364 1346 debere
1402 1308 1447 1346 et
1482 1307 1659 1360 propter
1693 1320 1843 1360 pacem

134 1372 291 1415 civium
323 1373 468 1416 Turno
500 1373 677 1416 Aenean
710 1390 803 1417 esse
834 1375 1175 1430 praeferendum.
1873 1388 1915 1418 15

253 1444 352 1487 357.
404 1458 590 1489 TERROR
623 1445 794 1488 ‘terror'
827 1449 893 1489 est
924 1447 1098 1502 proprie
1124 1447 1205 1502 'qui
1237 1447 1332 1489 aliis
1365 1447 1559 1499 infertur,
1592 1451 1640 1490 ut
1666 1449 1702 1490 si
1729 1448 1845 1490 dicas

136 1515 232 1559 ‘ille
270 1517 374 1559 mihi
410 1516 544 1560 habet
580 1517 828 1574 terrorem’⁷
865 1518 909 1560 id
949 1521 1015 1561 est
1045 1519 1262 1560 timendus
1295 1521 1378 1561 est:
1423 1519 1534 1562 unde
1567 1522 1610 1562 et
1641 1519 1847 1562 terribilis

30 1608 33 1611 ·
73 1619 75 1621 >
135 1587 303 1630 dicitur.
365 1588 537 1631 ‘metus'
571 1591 717 1632 autem
749 1592 815 1632 est
846 1604 974 1645 quem
1006 1590 1170 1632 habent
1201 1591 1416 1633 timentes.
1474 1590 1547 1632 sed
1578 1605 1692 1633 1111116
1725 1605 1846 1633 usur-

133 1659 279 1712 pative
316 1661 526 1702 terrorem
563 1676 642 1716 pro
682 1663 800 1704 metu
840 1662 1007 1717 posuit,
1043 1677 1145 1704 nam
1177 1662 1260 1704 1106
1293 1661 1413 1704 dicit:
1458 1662 1571 1717 quod
1604 1662 1643 1704 si
1673 1664 1845 1704 tantum

135 1729 328 1773 Turnum
366 1732 582 1774 timemus.
645 1735 683 1774 et
718 1733 814 1775 bene
849 1733 1019 1775 involvit
1053 1735 1164 1787 quod
1199 1737 1315 1788 turpe
1345 1737 1446 1777 esset
1473 1735 1662 1777 audiente
1692 1734 1846 1777 Latino
1872 1746 1917 1777 20

134 1802 274 1855 dicere,
305 1805 353 1844 ut
385 1803 574 1845 Turnum
606 1804 757 1846 timeat.
1263 1794 1267 1797 ’
1367 1844 1372 1845 ⁷

254 1872 352 1916 358.
403 1891 527 1918 IPSVM
553 1876 754 1918 invidiose
783 1877 998 1930 repetitum
1020 1890 1262 1931 pronomen.
1357 1889 1634 1928 VENIAMQVE
1661 1890 1846 1922 OREMvs

135 1956 194 1986 AB
227 1956 330 1988 IPso
364 1956 517 1988 CEDAT
550 1945 692 2002 Asper
722 1947 794 1989 hic
827 1947 1071 2004 distinguit,
1103 1949 1150 1991 id
1179 1952 1237 1991 est
1266 1948 1373 1991 hanc
1402 1950 1564 1991 veniam
1595 1963 1772 2005 oremus,
1801 1954 1850 1992 ut

134 2017 268 2059 cedat:
300 2020 377 2060 aut
404 2019 442 2060 si
471 2019 681 2061 coniuncte
713 2019 855 2073 leyeris
886 2018 1016 2062 ‘cedat
1045 2021 1111 2062 ius
1134 2021 1358 2074 proprium
1388 2020 1503 2076 reyi',
1533 2035 1640 2063 nova
1665 2022 1745 2064 erit
1766 2022 1846 2064 elo-

135 2088 242 2130 cutio
272 2090 499 2131 accusativo
530 2090 717 2132 iunctum
749 2089 904 2134 ‘cedat’.
960 2094 998 2134 ct
1029 2090 1158 2134 ecedat
1186 2093 1253 2134 ius
1279 2092 1497 2145 proprium
1529 2090 1686 2148 (reyi'),
1716 2094 1763 2135 id
1791 2097 1849 2136 est
1871 2103 1917 2135 25

135 2160 243 2212 quod
269 2160 491 2214 proprium
527 2174 669 2215 reyum
707 2165 781 2214 est,
813 2165 889 2204 aut
920 2161 1073 2205 ‘cedat’
1105 2163 1282 2206 Aeneae.
1343 2164 1451 2217 quod
1478 2167 1615 2206 autem
1645 2165 1711 2207 liic
1740 2166 1849 2208 dimit

136 2229 291 2282 ‘ccdat',
322 2244 419 2273 mox
451 2230 567 2285 ‘pone
596 2233 759 2275 animos
790 2237 828 2275 et
849 2234 1001 2287 pulsus
1031 2233 1126 2276 abi?

255 2303 354 2344 360.
405 2314 518 2353 QVID
545 2314 745 2347 MISERos
768 2316 964 2348 'rorlENS
986 2318 1036 2348 IN
1056 2318 1242 2349 APERTA
1262 2318 1493 2350 PERICVLA
1514 2319 1642 2350 CIVEs
1663 2320 1846 2352 Pnolcls

137 2373 259 2429 quasi
298 2374 405 2415 viles
445 2376 489 2416 et
527 2375 787 2419 abiciendos.
850 2379 894 2419 et
930 2377 1097 2433 ingenti
1128 2378 1317 2434 pondere
1349 2379 1552 2421 universa
1582 2380 1715 2422 verba
1746 2383 1847 2423 sunt

136 2445 290 2500 posita.
1824 2489 1837 2506 K
1871 2461 1916 2492 30

233 2566 253 2598 5
280 2552 492 2610 Terentius]
519 2564 774 2600 Heautontim.
801 2565 834 2600 II
861 2570 894 2610 3,
923 2570 989 2602 138

138 2670 252 2705 etiam
278 2670 399 2705 adhuc
428 2670 461 2704 T
477 2671 489 2717 ΙΙ
507 2670 705 2706 terrentius
732 2671 772 2707 F
796 2674 808 2719 u
839 2677 860 2708 2
888 2684 1013 2718 regem
1041 2673 1081 2707 F
1100 2674 1113 2719 ΙΙ
1145 2679 1165 2709 3
1192 2673 1293 2709 mitti
1318 2674 1531 2709 dardanidis
1558 2676 1596 2710 et
1621 2676 1746 2710 cetera
1773 2675 1813 2710 F
1833 2675 1846 2723 ΙΙ

138 2718 228 2752 ebur
249 2717 380 2752 sellam
405 2729 470 2752 om.
487 2718 531 2752 H
545 2718 557 2764 ΙΙ
577 2718 669 2753 sella,
688 2718 816 2755 ΑΒΜ
833 2722 845 2765 ΙΙ
864 2724 886 2754 4
905 2732 931 2755 s.
952 2733 983 2756 v.
1005 2725 1074 2756 353
1100 2723 1193 2757 bene
1219 2722 1311 2757 dicit
1336 2722 1552 2757 dardanidis
1579 2723 1684 2766 quasi
1709 2734 1844 2768 cogna-

137 2765 186 2800 tis
211 2767 250 2800 et
276 2765 418 2810 origine
445 2765 590 2810 generis
615 2766 834 2812 propinquis
865 2768 899 2802 Τ
923 2769 936 2813 ΙΙ
967 2768 1069 2814 orige
1095 2769 1129 2804 G
1159 2770 1171 2815 ΙΙ
1203 2773 1224 2804 5
1249 2780 1276 2804 s.
1302 2781 1333 2804 v.
1362 2773 1431 2804 354
1461 2769 1565 2805 adice
1592 2770 1630 2807 et
1655 2770 1725 2805 hoc
1750 2771 1845 2806 benc

138 2812 234 2847 dixit
266 2812 353 2858 quia
383 2813 560 2848 indecens
591 2815 672 2848 erat
702 2814 750 2849 ad
779 2826 906 2860 regem
938 2815 1160 2860 imperatiue
1191 2816 1296 2862 loqui
1323 2817 1357 2851 T
1391 2819 1403 2863 ss
1441 2821 1461 2852 6
1492 2817 1737 2862 imperatione
1765 2818 1806 2852 F
1833 2819 1844 2862 Η

140 2864 159 2896 ’1
187 2860 415 2895 offerendum
435 2860 476 2894 F
492 2861 503 2906 ΙΙ
523 2861 572 2896 ad
591 2873 676 2901 va
694 2872 720 2896 s.
741 2872 773 2896 v.
794 2862 837 2896 ut
855 2874 928 2898 non
952 2863 984 2896 T
1001 2864 1013 2909 ΙΙ
1035 2867 1075 2898 11
1102 2875 1189 2899 nam
1289 2864 1549 2900 coniunctione
1569 2876 1634 2900 om.
1650 2865 1819 2900 ASRH
1833 2866 1844 2912 Η

137 2918 274 2953 genero
300 2908 340 2942 F
354 2909 367 2954 ΙΙ
386 2908 425 2942 111
450 2918 516 2943 oni.
544 2908 671 2942 ASM
686 2909 698 2953 ΙΙ
727 2912 770 2943 12
797 2911 969 2944 aeternae
994 2910 1067 2946 AS
1076 2912 1123 2946 M
1139 2913 1152 2958 ΙΙ
1176 2912 1369 2946 firmantur
1396 2913 1446 2946 M
1461 2914 1473 2957 ΙΙ
1503 2916 1546 2947 15
1573 2913 1667 2958 esse]
1693 2924 1844 2948 necesse

138 2955 233 2990 RH.
270 2966 420 2990 11666666
446 2966 526 2990 6666
552 2956 793 2991 Burmannus
812 2958 824 3003 ΙΙ
845 2961 888 2991 19
914 2957 1050 2993 dicitur
1069 2959 1140 2994 AS
1158 2961 1170 3006 Η
1189 2963 1234 2994 20
1261 2960 1310 2995 ad
1331 2971 1362 2996 v.
1385 2963 1453 2995 357
1479 2961 1573 2995 bene
1598 2959 1720 2995 uoluit
1745 2961 1844 3005 quod

139 3030 147 3036 .
170 3031 176 3036 .
199 3031 206 3038 .
232 3002 366 3038 timeat
395 3003 428 3037 T
462 3004 474 3049 ΙΙ
511 3004 550 3038 et
575 3004 668 3038 bene
700 3002 859 3039 involvit
883 3006 1030 3050 scripsi:
1063 3005 1184 3042 aliene
1216 3006 1337 3042 uoiuit
1362 3006 1401 3041 F
1435 3007 1556 3043 aliene
1588 3007 1692 3052 loqui
1724 3008 1844 3043 uoluit

141 3050 357 3085 Masvicius.
390 3052 510 3095 possis
534 3054 567 3086 et
592 3052 633 3085 A.
661 3051 700 3092 (i.
727 3062 753 3086 e.
781 3052 911 3096 Asper)
938 3053 1031 3088 bene
1055 3053 1216 3090 involvit
1242 3055 1255 3099 ΙΙ
1292 3053 1467 3090 audiente
1496 3055 1543 3090 T:
1577 3055 1745 3090 audienti
1771 3055 1812 3089 F
1833 3055 1844 3102 Η

140 3100 183 3132 21
211 3097 332 3132 dicere
359 3097 502 3133 scilicet
527 3098 570 3133 ut
593 3098 624 3132 T
641 3099 653 3145 1}
672 3102 715 3133 22
743 3099 792 3133 ad
816 3111 920 3133 IPSVM
940 3111 968 3136 s.
988 3111 1020 3135 v.
1038 3099 1222 3137 invidiose
1245 3129 1251 3136 .
1274 3130 1281 3137 .
1304 3130 1311 3137 .
1332 3113 1537 3146 pronomen
1558 3103 1592 3137 T
1607 3104 1619 3149 ΙΙ
1639 3107 1682 3137 23
1708 3102 1844 3147 hasper

140 3144 180 3179 F
201 3145 212 3192 ΙΙ
244 3148 290 3179 24
314 3155 340 3180 8.
366 3157 398 3180 v.
426 3149 494 3181 358
521 3145 554 3180 si
579 3145 806 3181 coniunctim
834 3145 968 3191 legeris
995 3175 1002 3183 .
1025 3174 1033 3182 .
1054 3176 1060 3182 .
1088 3149 1218 3194 pulsus
1245 3148 1307 3183 abi
1336 3148 1370 3183 T
1389 3150 1401 3195 ΙΙ
1431 3154 1476 3185 25
1502 3150 1581 3195 regi
1607 3150 1738 3184 addidi
1762 3150 1773 3195 ΙΙ
1803 3150 1843 3185 id

140 3192 197 3226 est
222 3192 338 3238 quod]
365 3193 465 3237 quod
491 3192 636 3229 scilieet
659 3193 691 3227 T
708 3195 719 3238 ΙΙ
739 3197 782 3228 26
810 3193 907 3237 quod
935 3196 1060 3230 autem
1086 3196 1178 3231 dicit
1203 3196 1312 3231 cedat
1336 3196 1407 3231 1106
1433 3198 1490 3232 est
1515 3196 1614 3241 quod
1641 3207 1726 3231 mox
1751 3195 1844 3232 dicit

144 3239 175 3273 Τ
200 3240 213 3285 ΙΙ
244 3243 288 3275 27
314 3240 441 3285 pulsos
467 3240 507 3275 F
534 3242 546 3287 ΙΙ
577 3244 622 3275 28
649 3241 698 3277 ad
722 3253 859 3276 Paomis
885 3253 911 3277 s.
938 3253 969 3278 v.
997 3242 1164 3279 demittis
1190 3244 1267 3279 siue
1295 3242 1397 3288 cogis
1426 3243 1459 3278 T
