2092 3614
533 244 686 281 COMM.
712 246 764 281 IN
790 245 934 281 VERG.
960 244 1071 282 AEN.
1098 245 1185 281 VIII
1211 250 1412 283 322-333.
1730 246 1816 287 247

104 355 233 396 clusis
265 353 593 410 Aboriginibus.
657 369 755 397 mox
793 354 877 410 ipsi
915 354 1028 410 pulsi
1067 354 1122 396 ab
1160 355 1248 396 illis
1280 370 1387 410 quos
1420 359 1520 398 ante
1551 356 1818 412 pepulerant,

103 425 293 468 insulam
325 426 511 469 vicinam
538 426 692 469 Italiae
725 428 1042 482 occupaverunt
1073 428 1117 467 et
1143 441 1238 468 eam
1267 426 1483 469 Sicaniam
1514 444 1539 470 a
1565 428 1707 485 gentis
1739 426 1815 469 no—

104 497 237 552 mine,
264 497 454 540 Siciliam
480 513 582 540 vero
610 514 635 539 a
660 498 780 540 ducis
805 497 978 540 nomine
1006 497 1226 540 dixerunt:
1258 513 1519 553 quamquam
1540 499 1816 554 Thucydides

64 603 70 606 .
104 568 219 610 dicat
250 568 301 610 de
335 568 483 611 Sicilia
514 570 671 612 Italum
711 583 857 625 regem
888 569 1056 611 venisse
1090 571 1134 611 et
1166 569 1219 610 ab
1253 583 1303 610 eo
1335 583 1429 611 esse
1461 568 1636 611 Italiam
1669 570 1814 625 appel-

101 639 249 682 latam.
311 641 390 682 alii
419 641 478 682 sie
508 642 769 695 distinynant
799 638 1008 682 ‘Sicanae'
1040 643 1078 682 et
1107 640 1362 694 snbianynnt
1392 639 1570 694 ‘saepias
1602 644 1639 682 et
1667 654 1815 683 nomen
1840 655 1861 685 5

93 712 236 764 posuit
272 711 478 754 Saturnia
522 710 677 754 tellns':
720 707 840 754 semel
882 711 992 753 enim
1028 710 1175 754 Sicani
1217 725 1267 753 ex
1302 711 1519 765 Hispania
1561 713 1608 753 in
1639 712 1815 754 Italiam

98 784 253 825 venisse
276 784 480 825 dieantur.
525 786 572 825 at
594 783 726 825 Italia
749 783 881 837 plara
904 783 1076 825 nomina
1106 783 1267 838 haba-it,
1297 784 1408 825 dieta
1438 787 1497 825 est
1525 784 1636 825 enim
1660 784 1813 836 Hespe-

99 855 167 895 ria
173 888 184 908 ,
215 854 426 909 Ausonia,
457 854 683 909 Saturnia,
713 854 857 896 Italia.
1156 841 1170 854 ’

216 926 315 968 330.
365 938 534 967 INMANI
576 937 790 968 CORPORE
834 938 1034 969 'rflrssms
1079 926 1150 968 hic
1194 926 1432 969 Tuscorum
1475 942 1550 969 rex
1594 926 1695 981 fuit,
1740 927 1813 982 qui

96 997 218 1038 iuxta
260 996 375 1039 hunc
414 997 592 1047 fiuvium
630 1011 829 1053 pugnans
874 997 1031 1039 cecidit
1069 1000 1112 1039 et
1150 998 1188 1039 ei
1227 1012 1385 1039 nomen
1423 999 1632 1053 inposuit:
1674 999 1733 1040 vel
1769 1002 1816 1040 nt
1842 1011 1885 1041 10

95 1068 266 1121 qnidam
302 1069 444 1111 volant
472 1083 500 1110 a
531 1068 708 1120 Glauco,
745 1069 907 1111 Minois
945 1069 1052 1122 reqis
1086 1069 1195 1123 fiilio,
1232 1070 1384 1112 occisus
1421 1073 1489 1112 est.
1553 1070 1630 1112 alii
1663 1070 1815 1112 volunt

97 1140 229 1181 istum
262 1140 404 1194 ipsum
438 1153 586 1195 regem
624 1140 933 1182 latrocinatum
966 1155 1057 1182 esse
1090 1140 1205 1183 circa
1235 1141 1364 1183 huius
1397 1141 1586 1183 fluminis
1619 1142 1736 1196 ripas
1770 1145 1814 1184 et

97 1211 426 1253 transeuntibus
466 1211 638 1253 crebras
678 1211 855 1253 iniurias
893 1211 1110 1266 intulisse,
1149 1212 1260 1254 unde
1293 1212 1484 1267 Thybris
1523 1213 1646 1268 quasi
1684 1209 1813 1269 ὕβρις

95 1283 234 1325 dictus
268 1285 333 1324 est
358 1278 445 1324 ἀπὸ
474 1282 551 1337 τῆς
575 1278 767 1337 ὕβρεως,
799 1282 841 1324 id
870 1284 937 1323 est
964 1282 1018 1324 ab
1044 1282 1224 1325 iniuria:
1256 1299 1358 1326 nam
1386 1284 1593 1326 amabant
1624 1284 1811 1327 maiores

95 1354 169 1396 ubi
201 1354 411 1409 aspiratio
445 1357 537 1395 erat
562 1356 600 1395 Θ
631 1368 802 1408 ponere.
852 1354 931 1395 alii
958 1354 1156 1407 Tiberim,
1181 1356 1285 1398 Iani
1314 1359 1352 1398 et
1380 1354 1632 1398 Camasenae
1660 1356 1809 1410 filiam,
1838 1367 1880 1398 15

93 1426 152 1468 ibi
183 1426 230 1467 in
261 1426 360 1468 bello
383 1426 542 1479 per-isse
579 1426 760 1467 tradant.
819 1425 951 1467 Varro
987 1426 1167 1468 Tiberim
1197 1441 1225 1469 a
1259 1427 1410 1469 Thebri
1440 1428 1619 1481 quodam
1649 1427 1711 1469 vel
1740 1441 1768 1468 a
1787 1441 1811 1466 *

92 1497 165 1550 qni
207 1497 265 1539 ibi
300 1498 490 1551 perierit,
534 1498 688 1539 dietam
733 1497 870 1539 tradit.
931 1497 1023 1551 alii,
1068 1500 1115 1539 ut
1152 1513 1283 1553 supra
1321 1498 1415 1553 <III
1452 1498 1568 1552 500>
1613 1497 1809 1554 diximus,

93 1569 244 1610 volunt
272 1583 345 1611 eos
372 1569 445 1624 qui
472 1569 523 1610 de
551 1568 700 1611 Sicilia
726 1571 955 1622 venerunt,
987 1569 1185 1624 Thybrin
1211 1569 1371 1612 dixisse
1398 1570 1452 1612 ad
1479 1570 1808 1612 similitudinem

92 1640 236 1682 fossae
270 1639 583 1696 Syracusanae,
622 1655 752 1696 quam
790 1641 988 1682 fecerunt
1024 1655 1101 1695 per
1132 1641 1336 1684 iniuriam
1368 1640 1466 1683 Afri
1499 1644 1543 1683 et
1574 1641 1809 1684 Athenien-

92 1726 160 1753 ses
187 1711 307 1753 iuxta
332 1711 522 1753 civitatis
549 1727 738 1754 murum:
764 1727 867 1754 nam
894 1712 1007 1767 quod
1029 1712 1176 1754 Livius
1198 1712 1247 1768 <I
1268 1714 1307 1767 3,
1329 1713 1384 1767 8>
1413 1713 1530 1768 dicit,
1557 1714 1611 1755 ab
1633 1714 1805 1756 Albano
1834 1725 1878 1755 20

91 1795 192 1837 rege
225 1782 430 1824 Tiberino
463 1782 662 1837 Thybrin
694 1783 872 1838 dictum,
915 1799 1002 1826 non
1033 1784 1236 1839 procedit.
1261 1784 1376 1839 ideo,
1407 1784 1510 1840 quia
1542 1785 1672 1827 etiam
1706 1789 1806 1827 ante

92 1854 252 1895 Albam
285 1852 472 1908 Thybris
505 1853 644 1895 dictus
684 1855 915 1897 invenitur.
975 1856 1046 1897 sed
1073 1855 1139 1897 hie
1169 1855 1461 1899 Alexandrum
1497 1858 1695 1912 sequitur,
1734 1859 1807 1911 qui

89 1925 189 1966 dieit
222 1924 460 1966 Tiberinum
466 1958 478 1979 ‚
517 1924 658 1980 Capeti
693 1927 846 1979 filiam,
883 1930 1095 1968 venantem
1134 1928 1181 1969 in
1211 1927 1320 1969 hane
1349 1928 1524 1981 flaviam
1555 1929 1740 1971 cecidisse
1770 1933 1808 1971 et

88 1997 215 2049 flavio
245 2010 393 2038 nomen
424 1997 600 2039 dedisse:
633 2011 733 2039 nam
764 2000 802 2039 et
831 2011 859 2038 a
882 1998 1147 2051 pontificibus
1177 1999 1397 2053 indiyitari
1426 2000 1535 2042 solet.

210 2068 308 2109 331.
359 2085 453 2110 Posr
475 2086 585 2111 Imm
613 2069 738 2110 etiam
769 2068 973 2110 Euander
1002 2083 1044 2110 se
1073 2068 1234 2111 Italum
1264 2070 1373 2111 dicit.
1830 2082 1875 2112 25

208 2140 304 2180 332.
355 2151 543 2181 ALBVLA
574 2151 739 2183 NOMEN
772 2140 999 2196 antiquum
1031 2140 1113 2182 hoc
1145 2155 1304 2183 nomen
1336 2157 1361 2182 a
1394 2141 1536 2183 colore
1567 2141 1733 2184 habuit.

207 2211 306 2252 333.
356 2223 420 2252 ΜΕ
454 2223 640 2254 PVLSVM
672 2223 847 2253 PATRIA
879 2214 971 2267 aut,
1003 2213 1053 2253 ut
1084 2211 1270 2254 diximus
1304 2227 1435 2267 supra
1464 2213 1591 2268 <51>,
1622 2216 1801 2268 propter

183 2368 204 2398 3
229 2362 483 2410 Thucydides]
511 2363 563 2398 VI
589 2369 609 2399 2
647 2366 660 2410 ΙΙ
698 2369 718 2399 9
751 2364 812 2399 1110
839 2365 1041 2399 Tuscorum
1074 2376 1138 2400 rex
1169 2365 1241 2400 fuit
1273 2377 1302 2401 e.
1330 2378 1363 2411 q.
1391 2366 1436 2412 s.]
1470 2377 1584 2401 exscr.
1612 2366 1798 2411 mythogr.

88 2411 105 2445 I
134 2415 211 2455 193,
239 2412 283 2447 cf.
312 2411 399 2446 Isid.
426 2423 477 2447 or.
505 2411 593 2446 XIII
618 2416 676 2456 21,
703 2416 765 2455 273
791 2410 915 2447 Aurel.
942 2412 1039 2448 Vict.
1067 2424 1118 2448 or.
1146 2415 1245 2458 gent.
1274 2414 1378 2449 Rom.
1408 2417 1451 2449 18

182 2558 203 2588 4
228 2553 375 2588 italium
401 2554 441 2588 F
457 2555 469 2601 ΙΙ
502 2558 522 2589 5
548 2554 614 2589 alii
641 2582 648 2589 .
669 2582 677 2590 .
700 2584 707 2590 .
733 2554 847 2591 Italia
870 2556 951 2591 hab.
981 2555 1015 2590 T
1030 2555 1043 2600 ΙΙ
1068 2555 1280 2601 distingunt
1303 2556 1344 2591 F
1366 2557 1378 2603 ΙΙ
1409 2561 1430 2592 8
1456 2555 1600 2592 Vitalia
1624 2557 1763 2592 Daniel
1787 2561 1799 2602 Η

1417 2624 1432 2641 r

89 2653 131 2683 10
159 2648 193 2683 ei
218 2659 284 2684 om.
305 2649 391 2683 LH
413 2649 513 2694 (add.
534 2650 559 2692 l)
578 2651 591 2696 ΙΙ
609 2650 735 2695 posuit
755 2649 796 2685 F
811 2651 823 2696 ΙΙ
844 2654 885 2684 11
914 2649 1057 2685 menois
1078 2650 1146 2695 Fu
1167 2654 1210 2685 13
1230 2646 1353 2698 ὕβρις]
1375 2651 1520 2696 ubisp1c
1540 2652 1573 2685 L
1610 2652 1708 2696 ibp1c
1729 2652 1772 2686 H
1786 2652 1798 2698 Η

87 2700 131 2731 14
156 2696 297 2731 dictum
324 2698 381 2731 est
408 2696 448 2730 F
462 2698 475 2741 ΙΙ
493 2709 621 2732 rnre-ac
646 2697 729 2732 LH
766 2709 897 2732 rnreoc
922 2697 962 2731 F
977 2698 990 2744 ΙΙ
1011 2701 1054 2732 15
1082 2711 1101 2732 o
1127 2709 1264 2743 ponere
1291 2698 1383 2734 LM
1389 2698 1440 2734 F:
1469 2710 1490 2734 0
1516 2711 1654 2744 ponere
1682 2699 1798 2733 ΑΕΒ

85 2746 117 2787 (s
142 2755 258 2788 snpra
284 2755 304 2779 0
331 2745 372 2779 in
391 2744 521 2789 Regin.
542 2745 696 2790 Daniel)
723 2756 910 2790 opponere
934 2745 977 2779 H
1012 2744 1036 2779 S
1057 2756 1194 2790 ponere
1218 2747 1335 2790 vnlyo.
1374 2751 1416 2781 ut
1443 2744 1537 2782 ἑπτά
1565 2748 1709 2791 septem
1735 2747 1797 2781 uel

84 2792 102 2826 f
130 2794 170 2826 ut
207 2787 318 2827 ἕλένα
352 2790 478 2827 felena
511 2791 609 2835 quod
642 2791 826 2827 aeolicum
857 2792 1048 2837 digamma
1079 2792 1217 2829 dicitur
1247 2805 1344 2828 nunc
1376 2806 1442 2839 pro
1475 2808 1491 2829 s
1522 2796 1539 2829 t
1569 2794 1722 2839 ponitur
1754 2797 1797 2829 ut

85 2838 205 2883 tybris
231 2839 315 2875 add.
344 2839 382 2873 D
409 2840 420 2885 ΙΙ
451 2838 629 2874 thiberini
656 2839 695 2873 F
735 2839 909 2884 Tyberim
937 2839 1179 2876 Commelinus
1217 2840 1430 2876 Tiberinum
1460 2842 1651 2877 Cluverius
1681 2843 1694 2887 ΙΙ
1728 2841 1794 2876 Ca-

84 2897 256 2921 mesenae
278 2886 484 2922 Masvicins
502 2888 515 2932 Ιί
543 2891 583 2921 16
612 2885 778 2922 Tiberim
806 2915 812 2921 .
836 2916 843 2922 .
865 2915 871 2921 .
899 2886 1054 2932 perierit
1076 2888 1130 2923 sic
1155 2890 1271 2923 locum
1296 2890 1564 2924 constituimus:
1591 2889 1793 2924 tiborinate

86 2934 149 2968 bre
175 2934 300 2978 quoda
325 2935 342 2967 1
367 2945 390 2969 a
414 2933 548 2978 quibus
574 2934 728 2979 perierit
753 2933 793 2968 F
828 2934 987 2979 Tyberin
1012 2945 1035 2969 a
1059 2935 1248 2980 Tyberino
1274 2936 1437 2979 quodam
1464 2948 1550 2981 rege
1575 2937 1793 2971 Latinorum

85 2981 185 3025 quod
210 2979 263 3015 ibi
288 2980 474 3016 interierit
499 2981 648 3016 Daniel.
680 2982 853 3026 respicere
877 2982 1021 3017 videtur
1046 2983 1224 3027 interpres
1248 2986 1298 3019 ad
1328 2983 1434 3020 Varr.
1461 2985 1496 3019 d.
1523 2985 1544 3019 l.
1567 2984 1588 3019 l.
1615 2983 1649 3017 V
1669 2988 1724 3026 30,
1752 2987 1793 3017 at

86 3029 170 3063 inde
195 3029 332 3064 laeana
355 3030 535 3074 explenda
559 3030 616 3064 sit.
643 3030 655 3075 ΙΙ
688 3033 731 3064 18
758 3040 781 3063 a
805 3028 1048 3065 similitudine
1074 3030 1239 3065 ASRF
1261 3032 1273 3076 ΙΙ
1305 3034 1349 3066 20
1376 3031 1518 3077 Livius]
1545 3031 1617 3065 lius
1643 3030 1683 3064 F
1704 3032 1715 3075 ΙΙ
1746 3034 1788 3064 21

85 3075 239 3118 thybrin
263 3075 352 3112 RH
358 3077 406 3110 M
411 3091 420 3111 ε
446 3075 588 3111 thibrin
607 3076 643 3110 A
680 3076 829 3121 tyberin
854 3076 888 3110 L
923 3077 1049 3122 tybrin
1076 3077 1135 3112 Fl
1152 3080 1164 3122 ss
1189 3082 1233 3112 22
1258 3078 1404 3123 thybris
1424 3078 1574 3114 RLM:
1600 3078 1734 3113 thibris
1755 3078 1789 3110 A

83 3121 202 3166 tybris
228 3122 316 3157 HF
331 3124 343 3169 ΙΙ
369 3127 412 3158 23
438 3123 650 3168 tyberinum
670 3124 711 3159 F
726 3125 739 3169 ΙΙ
757 3127 803 3158 24
827 3125 953 3159 malim
977 3125 1032 3159 ita
1056 3124 1278 3170 indigitari.'
1301 3127 1347 3169 ef.
1368 3125 1465 3163 Serv.
1492 3127 1542 3161 ad
1566 3137 1597 3159 v.
1616 3129 1658 3159 31
1689 3124 1803 3158 ‘nam‘

85 3169 126 3202 in
145 3170 260 3204 sacris
282 3170 490 3206 Tiberinus’
518 3172 619 3206 etad
638 3183 669 3207 v.
686 3175 730 3208 72
753 3172 820 3207 ‘sie
844 3172 939 3207 enim
957 3173 1150 3207 invocatur
1174 3173 1216 3206 in
1238 3173 1424 3216 precibus:
1450 3175 1584 3216 adesto,
1612 3171 1789 3216 Tiberine,

85 3226 165 3250 eam
190 3217 264 3251 tuis
287 3218 412 3253 andis’
434 3219 447 3263 ΙΙ
471 3222 516 3252 26
544 3230 566 3253 a
586 3218 707 3254 calore
733 3219 818 3254 AF
839 3220 852 3264 ΙΙ
879 3222 924 3254 27
951 3229 1061 3264 supra
1085 3230 1150 3254 om.
1171 3218 1245 3254 As
