<?xml version="1.0" encoding="UTF-8"?>
<!DOCTYPE html PUBLIC "-//W3C//DTD XHTML 1.0 Transitional//EN"
    "http://www.w3.org/TR/xhtml1/DTD/xhtml1-transitional.dtd">
<html xmlns="http://www.w3.org/1999/xhtml" xml:lang="en" lang="en">
 <head>
  <title>
</title>
<meta http-equiv="Content-Type" content="text/html;charset=utf-8" />
  <meta name='ocr-system' content='tesseract 3.04.00' />
  <meta name='ocr-capabilities' content='ocr_page ocr_carea ocr_par ocr_line ocrx_word'/>
</head>
<body>
  <div class='ocr_page' id='page_1' title='image "./invergiliicarmin02servuoft_0322.png"; bbox 0 0 2092 3614; ppageno 0'>
   <div class='ocr_carea' id='block_1_1' title="bbox 250 1035 294 1066">
    <p class='ocr_par' dir='ltr' id='par_1_1' title="bbox 250 1035 294 1066">
     <span class='ocr_line' id='line_1_1' title="bbox 250 1035 294 1066; baseline -0.023 0"><span class='ocrx_word' id='word_1_1' title='bbox 250 1035 294 1066; x_wconf 90' lang='lat'><strong>10</strong></span> 
     </span>
    </p>
   </div>
   <div class='ocr_carea' id='block_1_2' title="bbox 246 1751 291 1782">
    <p class='ocr_par' dir='ltr' id='par_1_2' title="bbox 246 1751 291 1782">
     <span class='ocr_line' id='line_1_2' title="bbox 246 1751 291 1782; baseline 0 0"><span class='ocrx_word' id='word_1_2' title='bbox 246 1751 291 1782; x_wconf 79' lang='lat'><strong>20</strong></span> 
     </span>
    </p>
   </div>
   <div class='ocr_carea' id='block_1_3' title="bbox 1991 0 2092 81">
    <p class='ocr_par' dir='ltr' id='par_1_3' title="bbox 1991 0 2092 81">
     <span class='ocr_line' id='line_1_3' title="bbox 1991 0 2092 81; baseline 0 3533"><span class='ocrx_word' id='word_1_3' title='bbox 1991 0 2092 81; x_wconf 95' lang='lat' dir='ltr'><strong> </strong></span> 
     </span>
    </p>
   </div>
   <div class='ocr_carea' id='block_1_4' title="bbox 325 276 1264 317">
    <p class='ocr_par' dir='ltr' id='par_1_4' title="bbox 325 276 1264 317">
     <span class='ocr_line' id='line_1_4' title="bbox 325 276 1264 317; baseline -0.005 0"><span class='ocrx_word' id='word_1_4' title='bbox 325 276 413 317; x_wconf 84' lang='lat'><strong>308</strong></span> <span class='ocrx_word' id='word_1_5' title='bbox 1104 277 1264 313; x_wconf 73' lang='lat' dir='ltr'><strong>SERVH</strong></span> 
     </span>
    </p>
   </div>
   <div class='ocr_carea' id='block_1_5' title="bbox 316 385 2049 1943">
    <p class='ocr_par' dir='ltr' id='par_1_5' title="bbox 323 385 2036 571">
     <span class='ocr_line' id='line_1_5' title="bbox 443 385 2033 441; baseline 0.001 -14"><span class='ocrx_word' id='word_1_6' title='bbox 443 385 482 427; x_wconf 86' lang='lat'><strong>3.</strong></span> <span class='ocrx_word' id='word_1_7' title='bbox 537 396 761 428; x_wconf 80' lang='lat' dir='ltr'>AVDAGEM</span> <span class='ocrx_word' id='word_1_8' title='bbox 791 397 854 428; x_wconf 85' lang='lat' dir='ltr'><strong>AD</strong></span> <span class='ocrx_word' id='word_1_9' title='bbox 887 398 1079 429; x_wconf 84' lang='lat' dir='ltr'><strong>TVRNVM</strong></span> <span class='ocrx_word' id='word_1_10' title='bbox 1116 386 1276 429; x_wconf 85' lang='lat' dir='ltr'><strong>fortem</strong></span> <span class='ocrx_word' id='word_1_11' title='bbox 1316 386 1406 428; x_wconf 92' lang='lat' dir='ltr'><strong>sine</strong></span> <span class='ocrx_word' id='word_1_12' title='bbox 1436 385 1661 441; x_wconf 84' lang='lat' dir='ltr'><strong>felicitate,</strong></span> <span class='ocrx_word' id='word_1_13' title='bbox 1704 387 1816 428; x_wconf 87' lang='lat' dir='ltr'><strong>sicut</strong></span> <span class='ocrx_word' id='word_1_14' title='bbox 1853 387 1904 429; x_wconf 84' lang='lat' dir='ltr'><strong>de</strong></span> <span class='ocrx_word' id='word_1_15' title='bbox 1936 386 2033 429; x_wconf 84' lang='lat' dir='ltr'><strong>Pal-</strong></span> 
     </span>
     <span class='ocr_line' id='line_1_6' title="bbox 323 456 2036 512; baseline 0.002 -15"><span class='ocrx_word' id='word_1_16' title='bbox 323 457 441 498; x_wconf 88' lang='lat' dir='ltr'><strong>lante</strong></span> <span class='ocrx_word' id='word_1_17' title='bbox 473 457 656 499; x_wconf 86' lang='lat' dir='ltr'><strong>diximus</strong></span> <span class='ocrx_word' id='word_1_18' title='bbox 689 456 826 512; x_wconf 86' lang='lat' dir='ltr'>&lt;VIII</span> <span class='ocrx_word' id='word_1_19' title='bbox 855 457 978 512; x_wconf 89' lang='grc'>110&gt;.</span> <span class='ocrx_word' id='word_1_20' title='bbox 1030 460 1068 499; x_wconf 89' lang='lat' dir='ltr'><strong>et</strong></span> <span class='ocrx_word' id='word_1_21' title='bbox 1098 458 1214 500; x_wconf 90' lang='lat' dir='ltr'><strong>modo</strong></span> <span class='ocrx_word' id='word_1_22' title='bbox 1246 458 1444 500; x_wconf 82' lang='lat' dir='ltr'><strong>audaciae</strong></span> <span class='ocrx_word' id='word_1_23' title='bbox 1476 457 1569 499; x_wconf 86' lang='lat' dir='ltr'><strong>laus</strong></span> <span class='ocrx_word' id='word_1_24' title='bbox 1600 460 1819 511; x_wconf 74' lang='lat' dir='ltr'><strong>oportuna,</strong></span> <span class='ocrx_word' id='word_1_25' title='bbox 1850 458 1948 511; x_wconf 91' lang='lat' dir='ltr'><strong>quia</strong></span> <span class='ocrx_word' id='word_1_26' title='bbox 1978 459 2036 501; x_wconf 92' lang='lat' dir='ltr'><strong>ad</strong></span> 
     </span>
     <span class='ocr_line' id='line_1_7' title="bbox 323 528 965 571; baseline 0.003 -2"><span class='ocrx_word' id='word_1_27' title='bbox 323 528 559 570; x_wconf 89' lang='lat' dir='ltr'><strong>audendum</strong></span> <span class='ocrx_word' id='word_1_28' title='bbox 589 528 868 571; x_wconf 75' lang='lat' dir='ltr'><strong>exhortandus</strong></span> <span class='ocrx_word' id='word_1_29' title='bbox 897 532 965 571; x_wconf 86' lang='lat' dir='ltr'><strong>est.</strong></span> 
     </span>
    </p>

    <p class='ocr_par' dir='ltr' id='par_1_6' title="bbox 316 599 2049 1943">
     <span class='ocr_line' id='line_1_8' title="bbox 441 599 2034 643; baseline 0.001 -2"><span class='ocrx_word' id='word_1_30' title='bbox 441 600 482 642; x_wconf 88' lang='lat'><strong>4.</strong></span> <span class='ocrx_word' id='word_1_31' title='bbox 526 612 759 643; x_wconf 83' lang='lat' dir='ltr'><strong>PARENTIS</strong></span> <span class='ocrx_word' id='word_1_32' title='bbox 785 612 980 643; x_wconf 83' lang='lat' dir='ltr'>PILVMNI</span> <span class='ocrx_word' id='word_1_33' title='bbox 1006 600 1230 643; x_wconf 89' lang='lat' dir='ltr'><strong>Pilumnus</strong></span> <span class='ocrx_word' id='word_1_34' title='bbox 1257 602 1300 642; x_wconf 88' lang='lat' dir='ltr'><strong>et</strong></span> <span class='ocrx_word' id='word_1_35' title='bbox 1324 599 1552 642; x_wconf 88' lang='lat' dir='ltr'><strong>Pitumnus</strong></span> <span class='ocrx_word' id='word_1_36' title='bbox 1579 599 1737 642; x_wconf 87' lang='lat' dir='ltr'><strong>fratres</strong></span> <span class='ocrx_word' id='word_1_37' title='bbox 1763 599 1937 643; x_wconf 87' lang='lat' dir='ltr'><strong>fuerunt</strong></span> <span class='ocrx_word' id='word_1_38' title='bbox 1963 600 2034 643; x_wconf 90' lang='lat' dir='ltr'><strong>dii.</strong></span> 
     </span>
     <span class='ocr_line' id='line_1_9' title="bbox 323 670 2033 727; baseline 0.001 -15"><span class='ocrx_word' id='word_1_39' title='bbox 323 670 477 714; x_wconf 87' lang='lat' dir='ltr'><strong>horum</strong></span> <span class='ocrx_word' id='word_1_40' title='bbox 502 671 730 715; x_wconf 88' lang='lat' dir='ltr'><strong>Pitumnus</strong></span> <span class='ocrx_word' id='word_1_41' title='bbox 763 688 890 715; x_wconf 91' lang='lat' dir='ltr'><strong>usum</strong></span> <span class='ocrx_word' id='word_1_42' title='bbox 922 672 1298 715; x_wconf 88' lang='lat' dir='ltr'><strong>stercorandorum</strong></span> <span class='ocrx_word' id='word_1_43' title='bbox 1329 671 1496 715; x_wconf 88' lang='lat' dir='ltr'><strong>invenit</strong></span> <span class='ocrx_word' id='word_1_44' title='bbox 1527 684 1730 727; x_wconf 86' lang='lat' dir='ltr'><strong>agrorum</strong></span> <span class='ocrx_word' id='word_1_45' title='bbox 1763 696 1811 701; x_wconf 94' lang='lat'><strong>—</strong></span> <span class='ocrx_word' id='word_1_46' title='bbox 1847 672 1957 715; x_wconf 92' lang='lat' dir='ltr'><strong>unde</strong></span> <span class='ocrx_word' id='word_1_47' title='bbox 1989 674 2033 714; x_wconf 87' lang='lat' dir='ltr'><strong>et</strong></span> 
     </span>
     <span class='ocr_line' id='line_1_10' title="bbox 323 741 2032 799; baseline 0 -14"><span class='ocrx_word' id='word_1_48' title='bbox 323 741 607 786; x_wconf 83' lang='lat' dir='ltr'><strong>Sterculinius</strong></span> <span class='ocrx_word' id='word_1_49' title='bbox 651 743 790 786; x_wconf 85' lang='lat' dir='ltr'><strong>dictus</strong></span> <span class='ocrx_word' id='word_1_50' title='bbox 829 746 894 786; x_wconf 90' lang='lat' dir='ltr'><strong>est</strong></span> <span class='ocrx_word' id='word_1_51' title='bbox 926 769 980 774; x_wconf 86' lang='lat'>—</span> <span class='ocrx_word' id='word_1_52' title='bbox 1013 744 1238 786; x_wconf 88' lang='lat' dir='ltr'><strong>Pilumnus</strong></span> <span class='ocrx_word' id='word_1_53' title='bbox 1276 758 1378 787; x_wconf 91' lang='lat' dir='ltr'><strong>vero</strong></span> <span class='ocrx_word' id='word_1_54' title='bbox 1415 743 1614 799; x_wconf 82' lang='lat' dir='ltr'><strong>pinsendi</strong></span> <span class='ocrx_word' id='word_1_55' title='bbox 1652 743 1877 786; x_wconf 88' lang='lat' dir='ltr'><strong>frumenti:</strong></span> <span class='ocrx_word' id='word_1_56' title='bbox 1921 743 2032 785; x_wconf 88' lang='lat' dir='ltr'><strong>unde</strong></span> 
     </span>
     <span class='ocr_line' id='line_1_11' title="bbox 321 814 2032 871; baseline 0.001 -15"><span class='ocrx_word' id='word_1_57' title='bbox 321 816 365 856; x_wconf 87' lang='lat' dir='ltr'><strong>ct</strong></span> <span class='ocrx_word' id='word_1_58' title='bbox 395 830 421 857; x_wconf 86' lang='lat' dir='ltr'><strong>a</strong></span> <span class='ocrx_word' id='word_1_59' title='bbox 452 815 689 871; x_wconf 90' lang='lat' dir='ltr'><strong>pistoribus</strong></span> <span class='ocrx_word' id='word_1_60' title='bbox 721 815 824 858; x_wconf 90' lang='lat' dir='ltr'><strong>deus</strong></span> <span class='ocrx_word' id='word_1_61' title='bbox 857 816 1022 858; x_wconf 80' lang='lat' dir='ltr'><strong>colitur.</strong></span> <span class='ocrx_word' id='word_1_62' title='bbox 1080 815 1135 858; x_wconf 86' lang='lat' dir='ltr'><strong>ab</strong></span> <span class='ocrx_word' id='word_1_63' title='bbox 1168 815 1263 870; x_wconf 89' lang='lat' dir='ltr'><strong>ipso</strong></span> <span class='ocrx_word' id='word_1_64' title='bbox 1297 818 1340 858; x_wconf 90' lang='lat' dir='ltr'><strong>et</strong></span> <span class='ocrx_word' id='word_1_65' title='bbox 1371 815 1509 870; x_wconf 88' lang='lat' dir='ltr'><strong>pilum</strong></span> <span class='ocrx_word' id='word_1_66' title='bbox 1542 814 1704 856; x_wconf 89' lang='lat' dir='ltr'><strong>dictum</strong></span> <span class='ocrx_word' id='word_1_67' title='bbox 1737 817 1812 857; x_wconf 86' lang='lat' dir='ltr'><strong>est.</strong></span> <span class='ocrx_word' id='word_1_68' title='bbox 1862 815 2032 869; x_wconf 84' lang='lat' dir='ltr'><strong>quidam</strong></span> 
     </span>
     <span class='ocr_line' id='line_1_12' title="bbox 319 875 2034 941; baseline 0.001 -13"><span class='ocrx_word' id='word_1_69' title='bbox 319 875 564 928; x_wconf 81' lang='lat' dir='ltr'><strong>Pilumnum</strong></span> <span class='ocrx_word' id='word_1_70' title='bbox 601 889 639 928; x_wconf 87' lang='lat' dir='ltr'><strong>et</strong></span> <span class='ocrx_word' id='word_1_71' title='bbox 673 886 921 929; x_wconf 87' lang='lat' dir='ltr'><strong>Pitumnum</strong></span> <span class='ocrx_word' id='word_1_72' title='bbox 960 885 1170 929; x_wconf 74' lang='lat' dir='ltr'><em>Castorem</em></span> <span class='ocrx_word' id='word_1_73' title='bbox 1206 889 1244 928; x_wconf 88' lang='lat' dir='ltr'><strong>et</strong></span> <span class='ocrx_word' id='word_1_74' title='bbox 1281 885 1490 928; x_wconf 87' lang='lat' dir='ltr'><strong>Pollucem·</strong></span> <span class='ocrx_word' id='word_1_75' title='bbox 1528 887 1756 941; x_wconf 86' lang='lat' dir='ltr'><strong>accipiunt:</strong></span> <span class='ocrx_word' id='word_1_76' title='bbox 1799 888 1882 929; x_wconf 91' lang='lat' dir='ltr'><strong>non</strong></span> <span class='ocrx_word' id='word_1_77' title='bbox 1924 887 2034 929; x_wconf 87' lang='lat' dir='ltr'><strong>nulli</strong></span> 
     </span>
     <span class='ocr_line' id='line_1_13' title="bbox 319 957 2032 1012; baseline 0 -13"><span class='ocrx_word' id='word_1_78' title='bbox 319 957 492 1000; x_wconf 87' lang='lat' dir='ltr'><strong>laudum</strong></span> <span class='ocrx_word' id='word_1_79' title='bbox 530 958 644 1000; x_wconf 90' lang='lat' dir='ltr'><strong>deos:</strong></span> <span class='ocrx_word' id='word_1_80' title='bbox 697 957 830 1000; x_wconf 89' lang='lat' dir='ltr'><strong>Varro</strong></span> <span class='ocrx_word' id='word_1_81' title='bbox 871 958 1102 1012; x_wconf 73' lang='lat' dir='ltr'><strong>coniuyales</strong></span> <span class='ocrx_word' id='word_1_82' title='bbox 1139 958 1231 1000; x_wconf 86' lang='lat' dir='ltr'><strong>deos</strong></span> <span class='ocrx_word' id='word_1_83' title='bbox 1266 958 1512 1011; x_wconf 85' lang='lat' dir='ltr'><strong>suspicatur.</strong></span> <span class='ocrx_word' id='word_1_84' title='bbox 1634 969 1841 1001; x_wconf 76' lang='lat' dir='ltr'>SACRATA</span> <span class='ocrx_word' id='word_1_85' title='bbox 1879 969 2032 1001; x_wconf 83' lang='lat' dir='ltr'>VALLE</span> 
     </span>
     <span class='ocr_line' id='line_1_14' title="bbox 320 1028 2031 1085; baseline 0.001 -15"><span class='ocrx_word' id='word_1_86' title='bbox 320 1028 416 1070; x_wconf 83' lang='lat' dir='ltr'><strong>ideo</strong></span> <span class='ocrx_word' id='word_1_87' title='bbox 449 1028 674 1085; x_wconf 71' lang='lat' dir='ltr'><strong>‘sacrata&#39;,</strong></span> <span class='ocrx_word' id='word_1_88' title='bbox 713 1029 831 1085; x_wconf 87' lang='lat' dir='ltr'><strong>quia,</strong></span> <span class='ocrx_word' id='word_1_89' title='bbox 869 1031 918 1070; x_wconf 87' lang='lat' dir='ltr'><strong>ut</strong></span> <span class='ocrx_word' id='word_1_90' title='bbox 950 1028 1134 1071; x_wconf 81' lang='lat' dir='ltr'>diximus</span> <span class='ocrx_word' id='word_1_91' title='bbox 1168 1028 1217 1084; x_wconf 87' lang='lat' dir='ltr'><strong>&lt;I</strong></span> <span class='ocrx_word' id='word_1_92' title='bbox 1248 1028 1384 1083; x_wconf 78' lang='lat'><strong>441),</strong></span> <span class='ocrx_word' id='word_1_93' title='bbox 1421 1043 1657 1084; x_wconf 85' lang='lat' dir='ltr'><strong>numquam</strong></span> <span class='ocrx_word' id='word_1_94' title='bbox 1690 1031 1757 1071; x_wconf 87' lang='lat' dir='ltr'><strong>est</strong></span> <span class='ocrx_word' id='word_1_95' title='bbox 1787 1030 1907 1072; x_wconf 88' lang='lat' dir='ltr'><strong>lucus</strong></span> <span class='ocrx_word' id='word_1_96' title='bbox 1941 1030 2031 1072; x_wconf 88' lang='lat' dir='ltr'><strong>sine</strong></span> 
     </span>
     <span class='ocr_line' id='line_1_15' title="bbox 317 1098 2031 1156; baseline 0.001 -15"><span class='ocrx_word' id='word_1_97' title='bbox 317 1099 540 1156; x_wconf 79' lang='lat' dir='ltr'><strong>religione.</strong></span> <span class='ocrx_word' id='word_1_98' title='bbox 662 1111 875 1143; x_wconf 85' lang='lat' dir='ltr'>SEDEBAT</span> <span class='ocrx_word' id='word_1_99' title='bbox 909 1102 956 1142; x_wconf 92' lang='lat' dir='ltr'><strong>ut</strong></span> <span class='ocrx_word' id='word_1_100' title='bbox 987 1098 1129 1155; x_wconf 81' lang='lat' dir='ltr'><strong>Asper</strong></span> <span class='ocrx_word' id='word_1_101' title='bbox 1160 1099 1263 1142; x_wconf 91' lang='lat' dir='ltr'><strong>dicit</strong></span> <span class='ocrx_word' id='word_1_102' title='bbox 1295 1098 1443 1154; x_wconf 76' lang='lat' dir='ltr'><strong>‘erat&#39;,</strong></span> <span class='ocrx_word' id='word_1_103' title='bbox 1483 1113 1592 1154; x_wconf 85' lang='lat' dir='ltr'><strong>quae</strong></span> <span class='ocrx_word' id='word_1_104' title='bbox 1630 1100 1822 1142; x_wconf 86' lang='lat' dir='ltr'><strong>clausula</strong></span> <span class='ocrx_word' id='word_1_105' title='bbox 1854 1100 2031 1156; x_wconf 87' lang='lat' dir='ltr'><strong>antiqua</strong></span> 
     </span>
     <span class='ocr_line' id='line_1_16' title="bbox 320 1170 2031 1214; baseline 0 -1"><span class='ocrx_word' id='word_1_106' title='bbox 320 1174 387 1214; x_wconf 89' lang='lat' dir='ltr'><strong>est</strong></span> <span class='ocrx_word' id='word_1_107' title='bbox 418 1174 463 1214; x_wconf 88' lang='lat' dir='ltr'><strong>et</strong></span> <span class='ocrx_word' id='word_1_108' title='bbox 494 1171 545 1213; x_wconf 86' lang='lat' dir='ltr'><strong>de</strong></span> <span class='ocrx_word' id='word_1_109' title='bbox 576 1186 657 1214; x_wconf 91' lang='lat' dir='ltr'><strong>usu</strong></span> <span class='ocrx_word' id='word_1_110' title='bbox 689 1174 867 1214; x_wconf 87' lang='lat' dir='ltr'><strong>remota.</strong></span> <span class='ocrx_word' id='word_1_111' title='bbox 931 1171 1165 1214; x_wconf 90' lang='lat' dir='ltr'><strong>secundum</strong></span> <span class='ocrx_word' id='word_1_112' title='bbox 1197 1170 1399 1214; x_wconf 87' lang='lat' dir='ltr'><strong>Plautum</strong></span> <span class='ocrx_word' id='word_1_113' title='bbox 1438 1174 1574 1214; x_wconf 88' lang='lat' dir='ltr'><strong>autem</strong></span> <span class='ocrx_word' id='word_1_114' title='bbox 1606 1170 1796 1214; x_wconf 68' lang='lat' dir='ltr'><strong>‘sedere&#39;</strong></span> <span class='ocrx_word' id='word_1_115' title='bbox 1829 1173 1896 1214; x_wconf 90' lang='lat' dir='ltr'><strong>est</strong></span> <span class='ocrx_word' id='word_1_116' title='bbox 1932 1186 2031 1214; x_wconf 91' lang='lat' dir='ltr'><strong>con—</strong></span> 
     </span>
     <span class='ocr_line' id='line_1_17' title="bbox 319 1231 2049 1299; baseline 0 -14"><span class='ocrx_word' id='word_1_117' title='bbox 319 1243 463 1285; x_wconf 89' lang='lat' dir='ltr'><strong>silium</strong></span> <span class='ocrx_word' id='word_1_118' title='bbox 496 1257 665 1299; x_wconf 86' lang='lat' dir='ltr'><strong>capere,</strong></span> <span class='ocrx_word' id='word_1_119' title='bbox 698 1244 772 1299; x_wconf 89' lang='lat' dir='ltr'><strong>qui</strong></span> <span class='ocrx_word' id='word_1_120' title='bbox 803 1231 971 1285; x_wconf 89' lang='lat' dir='ltr'><strong>inducit</strong></span> <span class='ocrx_word' id='word_1_121' title='bbox 996 1244 1042 1286; x_wconf 92' lang='lat' dir='ltr'><strong>in</strong></span> <span class='ocrx_word' id='word_1_122' title='bbox 1066 1243 1330 1286; x_wconf 77' lang='lat' dir='ltr'><em>Mostellaria</em></span> <span class='ocrx_word' id='word_1_123' title='bbox 1358 1242 1427 1298; x_wconf 88' lang='lat' dir='ltr'><strong>&lt;V</strong></span> <span class='ocrx_word' id='word_1_124' title='bbox 1449 1244 1487 1298; x_wconf 87' lang='lat'><strong>1,</strong></span> <span class='ocrx_word' id='word_1_125' title='bbox 1507 1242 1593 1298; x_wconf 84' lang='lat'><strong>54&gt;</strong></span> <span class='ocrx_word' id='word_1_126' title='bbox 1622 1257 1790 1285; x_wconf 87' lang='lat' dir='ltr'><strong>servum</strong></span> <span class='ocrx_word' id='word_1_127' title='bbox 1817 1243 2049 1295; x_wconf 81' lang='lat' dir='ltr'><strong>dicentem¹</strong></span> 
     </span>
     <span class='ocr_line' id='line_1_18' title="bbox 319 1314 2030 1370; baseline -0.001 -12"><span class='ocrx_word' id='word_1_128' title='bbox 319 1316 427 1358; x_wconf 82' lang='lat' dir='ltr'><strong>sine</strong></span> <span class='ocrx_word' id='word_1_129' title='bbox 458 1316 603 1358; x_wconf 87' lang='lat' dir='ltr'><strong>iuxta</strong></span> <span class='ocrx_word' id='word_1_130' title='bbox 635 1330 773 1358; x_wconf 87' lang='lat' dir='ltr'><strong>aram</strong></span> <span class='ocrx_word' id='word_1_131' title='bbox 806 1315 1025 1370; x_wconf 80' lang='lat' dir='ltr'><strong>sedeam,</strong></span> <span class='ocrx_word' id='word_1_132' title='bbox 1065 1317 1114 1357; x_wconf 90' lang='lat' dir='ltr'><strong>et</strong></span> <span class='ocrx_word' id='word_1_133' title='bbox 1151 1315 1281 1357; x_wconf 84' lang='lat' dir='ltr'><strong>dabo</strong></span> <span class='ocrx_word' id='word_1_134' title='bbox 1314 1315 1532 1357; x_wconf 86' lang='lat' dir='ltr'><strong>meliora</strong></span> <span class='ocrx_word' id='word_1_135' title='bbox 1564 1314 1798 1357; x_wconf 85' lang='lat' dir='ltr'><strong>consilia.</strong></span> <span class='ocrx_word' id='word_1_136' title='bbox 1861 1314 1936 1356; x_wconf 86' lang='lat' dir='ltr'><strong>sed</strong></span> <span class='ocrx_word' id='word_1_137' title='bbox 1968 1329 2030 1357; x_wconf 89' lang='lat' dir='ltr'><strong>se-</strong></span> 
     </span>
     <span class='ocr_line' id='line_1_19' title="bbox 318 1386 2030 1443; baseline -0.001 -14"><span class='ocrx_word' id='word_1_138' title='bbox 318 1387 502 1429; x_wconf 89' lang='lat' dir='ltr'><strong>cundum</strong></span> <span class='ocrx_word' id='word_1_139' title='bbox 523 1400 708 1443; x_wconf 83' lang='lat' dir='ltr'><strong>augures</strong></span> <span class='ocrx_word' id='word_1_140' title='bbox 728 1386 906 1429; x_wconf 73' lang='lat' dir='ltr'><strong>‘sedere&#39;</strong></span> <span class='ocrx_word' id='word_1_141' title='bbox 934 1390 1000 1429; x_wconf 87' lang='lat' dir='ltr'><strong>est</strong></span> <span class='ocrx_word' id='word_1_142' title='bbox 1027 1387 1252 1443; x_wconf 82' lang='lat' dir='ltr'><strong>augurium</strong></span> <span class='ocrx_word' id='word_1_143' title='bbox 1276 1389 1467 1442; x_wconf 82' lang='lat' dir='ltr'><strong>captare3</strong></span> <span class='ocrx_word' id='word_1_144' title='bbox 1494 1401 1680 1442; x_wconf 81' lang='lat' dir='ltr'><strong>namque</strong></span> <span class='ocrx_word' id='word_1_145' title='bbox 1706 1388 1807 1442; x_wconf 89' lang='lat' dir='ltr'><strong>post</strong></span> <span class='ocrx_word' id='word_1_146' title='bbox 1832 1386 2030 1442; x_wconf 87' lang='lat' dir='ltr'><strong>designa-</strong></span> 
     </span>
     <span class='ocr_line' id='line_1_20' title="bbox 317 1457 2030 1514; baseline -0.001 -13"><span class='ocrx_word' id='word_1_147' title='bbox 317 1460 386 1501; x_wconf 86' lang='lat' dir='ltr'><strong>tas</strong></span> <span class='ocrx_word' id='word_1_148' title='bbox 419 1459 526 1501; x_wconf 86' lang='lat' dir='ltr'><strong>caeli</strong></span> <span class='ocrx_word' id='word_1_149' title='bbox 556 1460 702 1514; x_wconf 87' lang='lat' dir='ltr'><strong>partes</strong></span> <span class='ocrx_word' id='word_1_150' title='bbox 730 1473 756 1501; x_wconf 86' lang='lat' dir='ltr'><strong>a</strong></span> <span class='ocrx_word' id='word_1_151' title='bbox 783 1458 1031 1501; x_wconf 88' lang='lat' dir='ltr'><strong>sedentibus</strong></span> <span class='ocrx_word' id='word_1_152' title='bbox 1058 1460 1292 1514; x_wconf 86' lang='lat' dir='ltr'><strong>captantur</strong></span> <span class='ocrx_word' id='word_1_153' title='bbox 1324 1457 1522 1514; x_wconf 87' lang='lat' dir='ltr'><strong>auguria:</strong></span> <span class='ocrx_word' id='word_1_154' title='bbox 1555 1458 1668 1514; x_wconf 86' lang='lat' dir='ltr'><strong>quod</strong></span> <span class='ocrx_word' id='word_1_155' title='bbox 1701 1460 1744 1500; x_wconf 86' lang='lat' dir='ltr'><strong>et</strong></span> <span class='ocrx_word' id='word_1_156' title='bbox 1777 1473 1907 1513; x_wconf 86' lang='lat' dir='ltr'><strong>supra</strong></span> <span class='ocrx_word' id='word_1_157' title='bbox 1938 1458 2030 1513; x_wconf 87' lang='lat' dir='ltr'><strong>ipse</strong></span> 
     </span>
     <span class='ocr_line' id='line_1_21' title="bbox 317 1528 2029 1585; baseline 0 -14"><span class='ocrx_word' id='word_1_158' title='bbox 317 1529 509 1572; x_wconf 87' lang='lat' dir='ltr'><strong>ostendit</strong></span> <span class='ocrx_word' id='word_1_159' title='bbox 546 1530 752 1585; x_wconf 86' lang='lat' dir='ltr'><strong>latenter,</strong></span> <span class='ocrx_word' id='word_1_160' title='bbox 793 1529 998 1572; x_wconf 87' lang='lat' dir='ltr'><strong>inducens</strong></span> <span class='ocrx_word' id='word_1_161' title='bbox 1038 1529 1188 1572; x_wconf 90' lang='lat' dir='ltr'><strong>Picum</strong></span> <span class='ocrx_word' id='word_1_162' title='bbox 1227 1530 1366 1573; x_wconf 89' lang='lat' dir='ltr'><strong>solum</strong></span> <span class='ocrx_word' id='word_1_163' title='bbox 1407 1529 1642 1584; x_wconf 75' lang='lat' dir='ltr'><strong>sedentem,</strong></span> <span class='ocrx_word' id='word_1_164' title='bbox 1682 1532 1732 1571; x_wconf 93' lang='lat' dir='ltr'><strong>ut</strong></span> <span class='ocrx_word' id='word_1_165' title='bbox 1767 1528 1882 1583; x_wconf 86' lang='lat' dir='ltr'><strong>&lt;VH</strong></span> <span class='ocrx_word' id='word_1_166' title='bbox 1915 1528 2029 1583; x_wconf 84' lang='lat'>187&gt;</span> 
     </span>
     <span class='ocr_line' id='line_1_22' title="bbox 316 1600 2029 1665; baseline 0 -23"><span class='ocrx_word' id='word_1_167' title='bbox 316 1616 578 1657; x_wconf 87' lang='lat' dir='ltr'><strong>parvaque</strong></span> <span class='ocrx_word' id='word_1_168' title='bbox 611 1601 825 1644; x_wconf 87' lang='lat' dir='ltr'><strong>sedebat</strong></span> <span class='ocrx_word' id='word_1_169' title='bbox 857 1601 1152 1644; x_wconf 89' lang='lat' dir='ltr'><strong>succinctus</strong></span> <span class='ocrx_word' id='word_1_170' title='bbox 1184 1601 1384 1665; x_wconf 24' lang='lat' dir='ltr'><strong>tradbea,</strong></span> <span class='ocrx_word' id='word_1_171' title='bbox 1425 1600 1538 1656; x_wconf 89' lang='lat' dir='ltr'><strong>quod</strong></span> <span class='ocrx_word' id='word_1_172' title='bbox 1571 1602 1637 1642; x_wconf 89' lang='lat' dir='ltr'><strong>est</strong></span> <span class='ocrx_word' id='word_1_173' title='bbox 1669 1615 1899 1657; x_wconf 84' lang='lat' dir='ltr'><strong>augurum,</strong></span> <span class='ocrx_word' id='word_1_174' title='bbox 1932 1615 2029 1643; x_wconf 92' lang='lat' dir='ltr'><strong>cum</strong></span> 
     </span>
     <span class='ocr_line' id='line_1_23' title="bbox 319 1671 2031 1728; baseline -0.001 -14"><span class='ocrx_word' id='word_1_175' title='bbox 319 1673 427 1715; x_wconf 87' lang='lat' dir='ltr'><strong>alios</strong></span> <span class='ocrx_word' id='word_1_176' title='bbox 461 1674 628 1720; x_wconf 86' lang='lat' dir='ltr'><strong>stantes</strong></span> <span class='ocrx_word' id='word_1_177' title='bbox 661 1672 886 1715; x_wconf 86' lang='lat' dir='ltr'><strong>induxerit.</strong></span> <span class='ocrx_word' id='word_1_178' title='bbox 932 1686 1035 1728; x_wconf 86' lang='lat' dir='ltr'><strong>ergo</strong></span> <span class='ocrx_word' id='word_1_179' title='bbox 1062 1672 1271 1715; x_wconf 70' lang='lat' dir='ltr'><strong>‘sedebat&#39;</strong></span> <span class='ocrx_word' id='word_1_180' title='bbox 1300 1675 1376 1714; x_wconf 89' lang='lat' dir='ltr'><strong>aut</strong></span> <span class='ocrx_word' id='word_1_181' title='bbox 1403 1675 1497 1714; x_wconf 88' lang='lat' dir='ltr'><strong>erat</strong></span> <span class='ocrx_word' id='word_1_182' title='bbox 1523 1673 1598 1714; x_wconf 86' lang='lat' dir='ltr'><strong>aut</strong></span> <span class='ocrx_word' id='word_1_183' title='bbox 1624 1672 1805 1715; x_wconf 87' lang='lat' dir='ltr'><strong>consilia</strong></span> <span class='ocrx_word' id='word_1_184' title='bbox 1831 1671 2031 1728; x_wconf 89' lang='lat' dir='ltr'><strong>capiebat</strong></span> 
     </span>
     <span class='ocr_line' id='line_1_24' title="bbox 318 1742 2030 1800; baseline -0.001 -14"><span class='ocrx_word' id='word_1_185' title='bbox 318 1746 393 1786; x_wconf 88' lang='lat' dir='ltr'><strong>aut</strong></span> <span class='ocrx_word' id='word_1_186' title='bbox 431 1745 736 1800; x_wconf 76' lang='lat' dir='ltr'><strong>augurabatur.</strong></span> <span class='ocrx_word' id='word_1_187' title='bbox 798 1745 906 1787; x_wconf 88' lang='lat' dir='ltr'><strong>unde</strong></span> <span class='ocrx_word' id='word_1_188' title='bbox 942 1747 981 1786; x_wconf 92' lang='lat' dir='ltr'><strong>et</strong></span> <span class='ocrx_word' id='word_1_189' title='bbox 1009 1743 1074 1787; x_wconf 77' lang='lat' dir='ltr'><strong>hic</strong></span> <span class='ocrx_word' id='word_1_190' title='bbox 1106 1745 1220 1787; x_wconf 85' lang='lat' dir='ltr'><strong>lucus</strong></span> <span class='ocrx_word' id='word_1_191' title='bbox 1257 1745 1339 1786; x_wconf 85' lang='lat' dir='ltr'><strong>vice</strong></span> <span class='ocrx_word' id='word_1_192' title='bbox 1375 1744 1488 1786; x_wconf 80' lang='lat' dir='ltr'><strong>aedis</strong></span> <span class='ocrx_word' id='word_1_193' title='bbox 1524 1747 1710 1786; x_wconf 87' lang='lat' dir='ltr'><strong>sacratae</strong></span> <span class='ocrx_word' id='word_1_194' title='bbox 1740 1744 1871 1798; x_wconf 89' lang='lat' dir='ltr'><strong>accipi</strong></span> <span class='ocrx_word' id='word_1_195' title='bbox 1900 1742 2030 1785; x_wconf 86' lang='lat' dir='ltr'><strong>debet:</strong></span> 
     </span>
     <span class='ocr_line' id='line_1_25' title="bbox 316 1814 2029 1876; baseline -0.001 -18"><span class='ocrx_word' id='word_1_196' title='bbox 316 1817 424 1870; x_wconf 87' lang='lat' dir='ltr'><strong>quod</strong></span> <span class='ocrx_word' id='word_1_197' title='bbox 438 1816 605 1871; x_wconf 88' lang='lat' dir='ltr'><strong>plenius</strong></span> <span class='ocrx_word' id='word_1_198' title='bbox 631 1816 701 1859; x_wconf 88' lang='lat' dir='ltr'><strong>illo</strong></span> <span class='ocrx_word' id='word_1_199' title='bbox 728 1816 809 1858; x_wconf 86' lang='lat' dir='ltr'><strong>loco</strong></span> <span class='ocrx_word' id='word_1_200' title='bbox 834 1816 988 1858; x_wconf 90' lang='lat' dir='ltr'><strong>dictum</strong></span> <span class='ocrx_word' id='word_1_201' title='bbox 1012 1818 1070 1858; x_wconf 90' lang='lat' dir='ltr'><strong>est</strong></span> <span class='ocrx_word' id='word_1_202' title='bbox 1095 1814 1211 1870; x_wconf 87' lang='lat' dir='ltr'>&lt;VII</span> <span class='ocrx_word' id='word_1_203' title='bbox 1235 1815 1346 1870; x_wconf 79' lang='lat'>174&gt;</span> <span class='ocrx_word' id='word_1_204' title='bbox 1371 1815 1455 1857; x_wconf 80' lang='lat' dir='ltr'><strong>hoc</strong></span> <span class='ocrx_word' id='word_1_205' title='bbox 1479 1815 1592 1858; x_wconf 83' lang='lat' dir='ltr'><strong>illis</strong></span> <span class='ocrx_word' id='word_1_206' title='bbox 1616 1815 1757 1858; x_wconf 74' lang='lat' dir='ltr'><strong>curia</strong></span> <span class='ocrx_word' id='word_1_207' title='bbox 1781 1815 2029 1876; x_wconf 77' lang='lat' dir='ltr'><strong>templum.</strong></span> 
     </span>
     <span class='ocr_line' id='line_1_26' title="bbox 316 1884 2029 1943; baseline -0.001 -13"><span class='ocrx_word' id='word_1_208' title='bbox 316 1891 392 1930; x_wconf 84' lang='lat' dir='ltr'><strong>aut</strong></span> <span class='ocrx_word' id='word_1_209' title='bbox 418 1888 520 1941; x_wconf 85' lang='lat' dir='ltr'><strong>quia</strong></span> <span class='ocrx_word' id='word_1_210' title='bbox 550 1888 597 1930; x_wconf 89' lang='lat' dir='ltr'><strong>in</strong></span> <span class='ocrx_word' id='word_1_211' title='bbox 628 1887 726 1930; x_wconf 85' lang='lat' dir='ltr'><strong>locis</strong></span> <span class='ocrx_word' id='word_1_212' title='bbox 755 1887 887 1930; x_wconf 85' lang='lat' dir='ltr'><strong>sacris</strong></span> <span class='ocrx_word' id='word_1_213' title='bbox 917 1887 1094 1930; x_wconf 78' lang='lat' dir='ltr'><strong>sedentes</strong></span> <span class='ocrx_word' id='word_1_214' title='bbox 1126 1884 1236 1943; x_wconf 84' lang='lat' dir='ltr'><strong>(qui)</strong></span> <span class='ocrx_word' id='word_1_215' title='bbox 1268 1886 1441 1929; x_wconf 84' lang='lat' dir='ltr'><strong>consilia</strong></span> <span class='ocrx_word' id='word_1_216' title='bbox 1477 1886 1661 1929; x_wconf 79' lang='lat' dir='ltr'><strong>habituri</strong></span> <span class='ocrx_word' id='word_1_217' title='bbox 1697 1890 1832 1942; x_wconf 86' lang='lat' dir='ltr'><strong>erant,</strong></span> <span class='ocrx_word' id='word_1_218' title='bbox 1868 1886 2029 1928; x_wconf 88' lang='lat' dir='ltr'><strong>curiam</strong></span> 
     </span>
    </p>
   </div>
   <div class='ocr_carea' id='block_1_6' title="bbox 251 1958 2029 2014">
    <p class='ocr_par' dir='ltr' id='par_1_7' title="bbox 251 1958 2029 2014">
     <span class='ocr_line' id='line_1_27' title="bbox 251 1958 2029 2014; baseline -0.002 -11"><span class='ocrx_word' id='word_1_219' title='bbox 251 1993 259 2003; x_wconf 87' lang='grc'>,</span> <span class='ocrx_word' id='word_1_220' title='bbox 316 1960 361 2001; x_wconf 88' lang='lat' dir='ltr'><strong>in</strong></span> <span class='ocrx_word' id='word_1_221' title='bbox 399 1959 544 2014; x_wconf 87' lang='lat' dir='ltr'><strong>templo</strong></span> <span class='ocrx_word' id='word_1_222' title='bbox 581 1959 794 2002; x_wconf 81' lang='lat' dir='ltr'><strong>haberent:</strong></span> <span class='ocrx_word' id='word_1_223' title='bbox 837 1959 945 2013; x_wconf 89' lang='lat' dir='ltr'><strong>quod</strong></span> <span class='ocrx_word' id='word_1_224' title='bbox 980 1959 1125 2001; x_wconf 90' lang='lat' dir='ltr'><strong>Numa</strong></span> <span class='ocrx_word' id='word_1_225' title='bbox 1167 1973 1260 2000; x_wconf 90' lang='lat' dir='ltr'><strong>cum</strong></span> <span class='ocrx_word' id='word_1_226' title='bbox 1284 1959 1431 2012; x_wconf 84' lang='lat' dir='ltr'><strong>sciret,</strong></span> <span class='ocrx_word' id='word_1_227' title='bbox 1476 1958 1616 2001; x_wconf 78' lang='lat' dir='ltr'><strong>Vestae</strong></span> <span class='ocrx_word' id='word_1_228' title='bbox 1657 1958 1902 2012; x_wconf 77' lang='lat' dir='ltr'><strong>aediculam,</strong></span> <span class='ocrx_word' id='word_1_229' title='bbox 1945 1971 2029 2000; x_wconf 90' lang='lat' dir='ltr'><strong>non</strong></span> 
     </span>
    </p>
   </div>
   <div class='ocr_carea' id='block_1_7' title="bbox 317 2030 2029 2087">
    <p class='ocr_par' dir='ltr' id='par_1_8' title="bbox 317 2030 2029 2087">
     <span class='ocr_line' id='line_1_28' title="bbox 317 2030 2029 2087; baseline -0.001 -15"><span class='ocrx_word' id='word_1_230' title='bbox 317 2031 511 2084; x_wconf 84' lang='lat' dir='ltr'><strong>templum</strong></span> <span class='ocrx_word' id='word_1_231' title='bbox 552 2031 715 2087; x_wconf 78' lang='lat' dir='ltr'><strong>statuit,</strong></span> <span class='ocrx_word' id='word_1_232' title='bbox 758 2044 809 2074; x_wconf 89' lang='lat' dir='ltr'><strong>ne</strong></span> <span class='ocrx_word' id='word_1_233' title='bbox 848 2030 907 2073; x_wconf 89' lang='lat' dir='ltr'><strong>ibi</strong></span> <span class='ocrx_word' id='word_1_234' title='bbox 947 2033 1114 2073; x_wconf 83' lang='lat' dir='ltr'><strong>senatus</strong></span> <span class='ocrx_word' id='word_1_235' title='bbox 1156 2030 1297 2072; x_wconf 79' lang='lat' dir='ltr'><strong>haberi</strong></span> <span class='ocrx_word' id='word_1_236' title='bbox 1324 2033 1463 2084; x_wconf 85' lang='lat' dir='ltr'><strong>posset</strong></span> <span class='ocrx_word' id='word_1_237' title='bbox 1497 2033 1536 2072; x_wconf 88' lang='lat' dir='ltr'><strong>ct</strong></span> <span class='ocrx_word' id='word_1_238' title='bbox 1570 2030 1662 2084; x_wconf 87' lang='lat' dir='ltr'><strong>ipsa</strong></span> <span class='ocrx_word' id='word_1_239' title='bbox 1698 2030 1929 2073; x_wconf 78' lang='lat' dir='ltr'><strong>necessitate</strong></span> <span class='ocrx_word' id='word_1_240' title='bbox 1963 2030 2029 2072; x_wconf 84' lang='lat' dir='ltr'><strong>vir</strong></span> 
     </span>
    </p>
   </div>
   <div class='ocr_carea' id='block_1_8' title="bbox 317 2126 602 2133">
    <p class='ocr_par' dir='ltr' id='par_1_9' title="bbox 317 2126 602 2133">
     <span class='ocr_line' id='line_1_29' title="bbox 317 2126 602 2133; baseline 0 0"><span class='ocrx_word' id='word_1_241' title='bbox 317 2126 602 2133; x_wconf 95' lang='lat' dir='ltr'><strong> </strong></span> 
     </span>
    </p>
   </div>
   <div class='ocr_carea' id='block_1_9' title="bbox 317 2169 2022 2264">
    <p class='ocr_par' dir='ltr' id='par_1_10' title="bbox 317 2169 2022 2264">
     <span class='ocr_line' id='line_1_30' title="bbox 394 2169 2022 2255; baseline -0.001 -48"><span class='ocrx_word' id='word_1_242' title='bbox 394 2171 654 2255; x_wconf 44' lang='lat' dir='ltr'><strong>{vifimgus</strong></span> <span class='ocrx_word' id='word_1_243' title='bbox 679 2172 717 2207; x_wconf 88' lang='lat' dir='ltr'><strong>et</strong></span> <span class='ocrx_word' id='word_1_244' title='bbox 741 2171 938 2207; x_wconf 86' lang='lat' dir='ltr'><strong>Pitumnus</strong></span> <span class='ocrx_word' id='word_1_245' title='bbox 965 2199 972 2207; x_wconf 89' lang='lat'><strong>.</strong></span> <span class='ocrx_word' id='word_1_246' title='bbox 995 2199 1002 2207; x_wconf 90' lang='lat'>.</span> <span class='ocrx_word' id='word_1_247' title='bbox 1024 2198 1032 2206; x_wconf 90' lang='lat'><strong>.</strong></span> <span class='ocrx_word' id='word_1_248' title='bbox 1059 2171 1202 2207; x_wconf 83' lang='lat' dir='ltr'><strong>dictum</strong></span> <span class='ocrx_word' id='word_1_249' title='bbox 1227 2171 1301 2218; x_wconf 85' lang='lat' dir='ltr'><strong>est]</strong></span> <span class='ocrx_word' id='word_1_250' title='bbox 1328 2182 1442 2207; x_wconf 86' lang='lat' dir='ltr'><strong>exscr.</strong></span> <span class='ocrx_word' id='word_1_251' title='bbox 1469 2170 1651 2217; x_wconf 85' lang='lat' dir='ltr'><strong>mythogr.</strong></span> <span class='ocrx_word' id='word_1_252' title='bbox 1679 2170 1713 2205; x_wconf 93' lang='lat' dir='ltr'><strong>II</strong></span> <span class='ocrx_word' id='word_1_253' title='bbox 1741 2174 1818 2209; x_wconf 59' lang='lat' dir='ltr'><strong>lffl.</strong></span> <span class='ocrx_word' id='word_1_254' title='bbox 1865 2169 1910 2206; x_wconf 86' lang='lat' dir='ltr'><strong>cf.</strong></span> <span class='ocrx_word' id='word_1_255' title='bbox 1938 2170 2022 2206; x_wconf 79' lang='lat' dir='ltr'><strong>Isid.</strong></span> 
     </span>
     <span class='ocr_line' id='line_1_31' title="bbox 317 2231 556 2264; baseline 0 -10"><span class='ocrx_word' id='word_1_256' title='bbox 317 2231 367 2255; x_wconf 87' lang='lat' dir='ltr'><strong>or.</strong></span> <span class='ocrx_word' id='word_1_257' title='bbox 548 2247 556 2264; x_wconf 90' lang='lat'>‚</span> 
     </span>
    </p>
   </div>
   <div class='ocr_carea' id='block_1_10' title="bbox 317 2305 602 2311">
    <p class='ocr_par' dir='ltr' id='par_1_11' title="bbox 317 2305 602 2311">
     <span class='ocr_line' id='line_1_32' title="bbox 317 2305 602 2311; baseline 0 0"><span class='ocrx_word' id='word_1_258' title='bbox 317 2305 602 2311; x_wconf 95' lang='lat' dir='ltr'><strong> </strong></span> 
     </span>
    </p>
   </div>
   <div class='ocr_carea' id='block_1_11' title="bbox 316 2347 2031 2869">
    <p class='ocr_par' dir='ltr' id='par_1_12' title="bbox 316 2347 2031 2869">
     <span class='ocr_line' id='line_1_33' title="bbox 414 2347 2026 2396; baseline -0.001 -12"><span class='ocrx_word' id='word_1_259' title='bbox 414 2354 432 2384; x_wconf 90' lang='lat'>1</span> <span class='ocrx_word' id='word_1_260' title='bbox 460 2349 523 2396; x_wconf 90' lang='lat' dir='ltr'><strong>de]</strong></span> <span class='ocrx_word' id='word_1_261' title='bbox 552 2351 590 2384; x_wconf 89' lang='lat' dir='ltr'><strong>et</strong></span> <span class='ocrx_word' id='word_1_262' title='bbox 608 2349 648 2384; x_wconf 88' lang='lat' dir='ltr'><em>F</em></span> <span class='ocrx_word' id='word_1_263' title='bbox 663 2351 676 2394; x_wconf 83' lang='grc' dir='ltr'><strong>ΙΙ</strong></span> <span class='ocrx_word' id='word_1_264' title='bbox 694 2349 744 2384; x_wconf 88' lang='lat' dir='ltr'><strong>ad</strong></span> <span class='ocrx_word' id='word_1_265' title='bbox 767 2360 799 2384; x_wconf 85' lang='lat' dir='ltr'><strong>v.</strong></span> <span class='ocrx_word' id='word_1_266' title='bbox 821 2353 842 2384; x_wconf 88' lang='lat'><strong>3</strong></span> <span class='ocrx_word' id='word_1_267' title='bbox 868 2350 910 2384; x_wconf 89' lang='lat' dir='ltr'><strong>in</strong></span> <span class='ocrx_word' id='word_1_268' title='bbox 930 2360 1044 2395; x_wconf 74' lang='lat' dir='ltr'><strong>mary.</strong></span> <span class='ocrx_word' id='word_1_269' title='bbox 1072 2348 1256 2393; x_wconf 86' lang='lat' dir='ltr'><strong>oportuna</strong></span> <span class='ocrx_word' id='word_1_270' title='bbox 1281 2349 1338 2383; x_wconf 84' lang='lat' dir='ltr'><strong>est</strong></span> <span class='ocrx_word' id='word_1_271' title='bbox 1361 2348 1432 2383; x_wconf 88' lang='lat' dir='ltr'><strong>hoc</strong></span> <span class='ocrx_word' id='word_1_272' title='bbox 1456 2348 1539 2383; x_wconf 92' lang='lat' dir='ltr'><strong>loco</strong></span> <span class='ocrx_word' id='word_1_273' title='bbox 1566 2348 1647 2383; x_wconf 79' lang='lat' dir='ltr'><strong>laus</strong></span> <span class='ocrx_word' id='word_1_274' title='bbox 1676 2347 1855 2383; x_wconf 79' lang='lat' dir='ltr'><strong>audaciae</strong></span> <span class='ocrx_word' id='word_1_275' title='bbox 1881 2358 1951 2392; x_wconf 92' lang='lat' dir='ltr'><strong>que</strong></span> <span class='ocrx_word' id='word_1_276' title='bbox 1978 2348 2026 2383; x_wconf 88' lang='lat' dir='ltr'><strong>ad</strong></span> 
     </span>
     <span class='ocr_line' id='line_1_34' title="bbox 319 2394 2025 2442; baseline -0.001 -10"><span class='ocrx_word' id='word_1_277' title='bbox 319 2397 532 2432; x_wconf 86' lang='lat' dir='ltr'><strong>audendum</strong></span> <span class='ocrx_word' id='word_1_278' title='bbox 559 2397 776 2432; x_wconf 84' lang='lat' dir='ltr'><strong>exhortatur</strong></span> <span class='ocrx_word' id='word_1_279' title='bbox 804 2396 863 2442; x_wconf 86' lang='grc' dir='ltr'><strong>ΤΙΙ</strong></span> <span class='ocrx_word' id='word_1_280' title='bbox 891 2400 912 2431; x_wconf 83' lang='lat'>2</span> <span class='ocrx_word' id='word_1_281' title='bbox 940 2395 1136 2442; x_wconf 83' lang='lat' dir='ltr'><strong>audaciae]</strong></span> <span class='ocrx_word' id='word_1_282' title='bbox 1163 2396 1228 2430; x_wconf 86' lang='lat' dir='ltr'><strong>aut</strong></span> <span class='ocrx_word' id='word_1_283' title='bbox 1252 2394 1346 2431; x_wconf 88' lang='lat' dir='ltr'><strong>latio</strong></span> <span class='ocrx_word' id='word_1_284' title='bbox 1371 2396 1412 2430; x_wconf 99' lang='lat' dir='ltr'><em>F</em></span> <span class='ocrx_word' id='word_1_285' title='bbox 1427 2397 1439 2442; x_wconf 81' lang='lat' dir='ltr'>ss</span> <span class='ocrx_word' id='word_1_286' title='bbox 1470 2400 1491 2430; x_wconf 90' lang='lat'><strong>3</strong></span> <span class='ocrx_word' id='word_1_287' title='bbox 1517 2395 1743 2430; x_wconf 84' lang='lat' dir='ltr'><strong>audiendum</strong></span> <span class='ocrx_word' id='word_1_288' title='bbox 1770 2394 1810 2429; x_wconf 89' lang='lat' dir='ltr'><em>F</em></span> <span class='ocrx_word' id='word_1_289' title='bbox 1825 2395 1838 2440; x_wconf 82' lang='grc' dir='ltr'><strong>ΙΙ</strong></span> <span class='ocrx_word' id='word_1_290' title='bbox 1857 2396 2025 2431; x_wconf 82' lang='lat' dir='ltr'><strong>exortan-</strong></span> 
     </span>
     <span class='ocr_line' id='line_1_35' title="bbox 317 2442 2024 2489; baseline -0.001 -10"><span class='ocrx_word' id='word_1_291' title='bbox 317 2445 385 2479; x_wconf 85' lang='lat' dir='ltr'><strong>dus</strong></span> <span class='ocrx_word' id='word_1_292' title='bbox 412 2444 445 2479; x_wconf 78' lang='lat' dir='ltr'><strong><em>G</em></strong></span> <span class='ocrx_word' id='word_1_293' title='bbox 463 2445 476 2489; x_wconf 81' lang='grc' dir='ltr'><strong>ΙΙ</strong></span> <span class='ocrx_word' id='word_1_294' title='bbox 507 2448 530 2479; x_wconf 86' lang='grc'>4</span> <span class='ocrx_word' id='word_1_295' title='bbox 555 2457 724 2479; x_wconf 50' lang='lat' dir='ltr'><strong>numurus</strong></span> <span class='ocrx_word' id='word_1_296' title='bbox 752 2470 759 2477; x_wconf 94' lang='lat'>.</span> <span class='ocrx_word' id='word_1_297' title='bbox 781 2472 789 2479; x_wconf 88' lang='lat'><strong><em>.</em></strong></span> <span class='ocrx_word' id='word_1_298' title='bbox 811 2472 818 2480; x_wconf 85' lang='lat'>.</span> <span class='ocrx_word' id='word_1_299' title='bbox 847 2443 986 2478; x_wconf 85' lang='lat' dir='ltr'><strong>dictum</strong></span> <span class='ocrx_word' id='word_1_300' title='bbox 1014 2445 1073 2478; x_wconf 85' lang='lat' dir='ltr'><strong>est</strong></span> <span class='ocrx_word' id='word_1_301' title='bbox 1097 2453 1164 2479; x_wconf 84' lang='lat' dir='ltr'><strong>om.</strong></span> <span class='ocrx_word' id='word_1_302' title='bbox 1194 2442 1235 2478; x_wconf 87' lang='lat' dir='ltr'><strong><em>F</em></strong></span> <span class='ocrx_word' id='word_1_303' title='bbox 1249 2444 1262 2487; x_wconf 76' lang='lat' dir='ltr'>ss</span> <span class='ocrx_word' id='word_1_304' title='bbox 1291 2443 1481 2488; x_wconf 78' lang='lat' dir='ltr'><strong>pitumnus</strong></span> <span class='ocrx_word' id='word_1_305' title='bbox 1507 2442 1640 2477; x_wconf 82' lang='lat' dir='ltr'><strong>RLH</strong></span> <span class='ocrx_word' id='word_1_306' title='bbox 1645 2443 1694 2477; x_wconf 89' lang='lat' dir='ltr'><em>M</em></span> <span class='ocrx_word' id='word_1_307' title='bbox 1727 2442 1917 2478; x_wconf 85' lang='lat' dir='ltr'><strong>bitumnus</strong></span> <span class='ocrx_word' id='word_1_308' title='bbox 1941 2442 2024 2478; x_wconf 84' lang='lat' dir='ltr'><strong>AS.</strong></span> 
     </span>
     <span class='ocr_line' id='line_1_36' title="bbox 318 2489 2027 2537; baseline -0.001 -10"><span class='ocrx_word' id='word_1_309' title='bbox 318 2493 363 2527; x_wconf 90' lang='lat' dir='ltr'><strong>ab</strong></span> <span class='ocrx_word' id='word_1_310' title='bbox 398 2492 486 2527; x_wconf 89' lang='lat' dir='ltr'><strong>aliis</strong></span> <span class='ocrx_word' id='word_1_311' title='bbox 516 2492 756 2536; x_wconf 78' lang='lat' dir='ltr'><strong>scriptoribus</strong></span> <span class='ocrx_word' id='word_1_312' title='bbox 786 2490 986 2527; x_wconf 86' lang='lat' dir='ltr'><strong>Picumnus</strong></span> <span class='ocrx_word' id='word_1_313' title='bbox 1017 2494 1178 2526; x_wconf 83' lang='lat' dir='ltr'><strong>vocatur.</strong></span> <span class='ocrx_word' id='word_1_314' title='bbox 1224 2491 1269 2534; x_wconf 82' lang='lat' dir='ltr'><strong>cf.</strong></span> <span class='ocrx_word' id='word_1_315' title='bbox 1297 2490 1434 2526; x_wconf 83' lang='lat' dir='ltr'><strong>Preller</strong></span> <span class='ocrx_word' id='word_1_316' title='bbox 1460 2490 1582 2526; x_wconf 86' lang='lat' dir='ltr'><strong>Roem.</strong></span> <span class='ocrx_word' id='word_1_317' title='bbox 1611 2490 1769 2536; x_wconf 72' lang='lat' dir='ltr'><strong>Mychol.</strong></span> <span class='ocrx_word' id='word_1_318' title='bbox 1796 2489 1830 2523; x_wconf 79' lang='lat'><strong>1³</strong></span> <span class='ocrx_word' id='word_1_319' title='bbox 1848 2501 1889 2535; x_wconf 86' lang='lat' dir='ltr'><strong>p.</strong></span> <span class='ocrx_word' id='word_1_320' title='bbox 1915 2493 1984 2526; x_wconf 77' lang='lat'><strong>376</strong></span> <span class='ocrx_word' id='word_1_321' title='bbox 2015 2490 2027 2537; x_wconf 79' lang='grc' dir='ltr'>Η</span> 
     </span>
     <span class='ocr_line' id='line_1_37' title="bbox 316 2537 2026 2585; baseline -0.001 -11"><span class='ocrx_word' id='word_1_322' title='bbox 316 2539 468 2575; x_wconf 78' lang='lat' dir='ltr'><strong>fuerunt</strong></span> <span class='ocrx_word' id='word_1_323' title='bbox 492 2540 530 2574; x_wconf 87' lang='lat' dir='ltr'><strong>et</strong></span> <span class='ocrx_word' id='word_1_324' title='bbox 554 2537 609 2573; x_wconf 88' lang='lat' dir='ltr'><strong>dii</strong></span> <span class='ocrx_word' id='word_1_325' title='bbox 635 2539 844 2574; x_wconf 86' lang='lat' dir='ltr'><strong>Masvieius</strong></span> <span class='ocrx_word' id='word_1_326' title='bbox 873 2539 886 2585; x_wconf 82' lang='grc' dir='ltr'><strong>ΙΙ</strong></span> <span class='ocrx_word' id='word_1_327' title='bbox 923 2541 944 2573; x_wconf 83' lang='grc'>5</span> <span class='ocrx_word' id='word_1_328' title='bbox 968 2537 1161 2573; x_wconf 85' lang='lat' dir='ltr'><strong>bitumnus</strong></span> <span class='ocrx_word' id='word_1_329' title='bbox 1188 2537 1246 2572; x_wconf 86' lang='lat' dir='ltr'><strong>Sa</strong></span> <span class='ocrx_word' id='word_1_330' title='bbox 1290 2538 1456 2583; x_wconf 87' lang='lat' dir='ltr'><strong>piturum</strong></span> <span class='ocrx_word' id='word_1_331' title='bbox 1482 2538 1527 2572; x_wconf 88' lang='lat' dir='ltr'><em>H</em></span> <span class='ocrx_word' id='word_1_332' title='bbox 1552 2539 1565 2583; x_wconf 85' lang='grc' dir='ltr'><strong>ΙΙ</strong></span> <span class='ocrx_word' id='word_1_333' title='bbox 1602 2541 1622 2571; x_wconf 87' lang='grc'>6</span> <span class='ocrx_word' id='word_1_334' title='bbox 1650 2537 1884 2573; x_wconf 76' lang='lat' dir='ltr'><strong>Sterculinius</strong></span> <span class='ocrx_word' id='word_1_335' title='bbox 1910 2537 2026 2573; x_wconf 83' lang='lat' dir='ltr'><strong>ASL</strong></span> 
     </span>
     <span class='ocr_line' id='line_1_38' title="bbox 317 2584 2031 2631; baseline -0.001 -10"><span class='ocrx_word' id='word_1_336' title='bbox 317 2585 573 2631; x_wconf 83' lang='lat' dir='ltr'><strong>sterquilinius</strong></span> <span class='ocrx_word' id='word_1_337' title='bbox 591 2586 687 2621; x_wconf 76' lang='grc' dir='ltr'><strong>ΒΜ</strong></span> <span class='ocrx_word' id='word_1_338' title='bbox 716 2586 966 2621; x_wconf 83' lang='lat' dir='ltr'><strong>stericulinius</strong></span> <span class='ocrx_word' id='word_1_339' title='bbox 987 2585 1031 2620; x_wconf 89' lang='lat' dir='ltr'><em>H</em></span> <span class='ocrx_word' id='word_1_340' title='bbox 1045 2586 1058 2631; x_wconf 86' lang='grc' dir='ltr'><strong>ΙΙ</strong></span> <span class='ocrx_word' id='word_1_341' title='bbox 1076 2584 1270 2620; x_wconf 87' lang='lat' dir='ltr'><strong>Pilumnus</strong></span> <span class='ocrx_word' id='word_1_342' title='bbox 1291 2613 1298 2620; x_wconf 94' lang='lat'><strong><em>.</em></strong></span> <span class='ocrx_word' id='word_1_343' title='bbox 1315 2613 1322 2620; x_wconf 91' lang='lat'><strong>.</strong></span> <span class='ocrx_word' id='word_1_344' title='bbox 1339 2614 1346 2621; x_wconf 93' lang='lat'><em>.</em></span> <span class='ocrx_word' id='word_1_345' title='bbox 1368 2585 1510 2620; x_wconf 86' lang='lat' dir='ltr'><strong>dictum</strong></span> <span class='ocrx_word' id='word_1_346' title='bbox 1531 2587 1588 2621; x_wconf 74' lang='lat' dir='ltr'><strong>est</strong></span> <span class='ocrx_word' id='word_1_347' title='bbox 1612 2589 1694 2630; x_wconf 84' lang='lat' dir='ltr'><strong>post</strong></span> <span class='ocrx_word' id='word_1_348' title='bbox 1719 2585 1864 2620; x_wconf 81' lang='lat' dir='ltr'><strong>sacrata</strong></span> <span class='ocrx_word' id='word_1_349' title='bbox 1887 2585 1969 2620; x_wconf 78' lang='lat' dir='ltr'><strong>hab.</strong></span> <span class='ocrx_word' id='word_1_350' title='bbox 1985 2584 2031 2620; x_wconf 85' lang='lat' dir='ltr'><em>H</em></span> 
     </span>
     <span class='ocr_line' id='line_1_39' title="bbox 316 2632 2024 2680; baseline -0.001 -11"><span class='ocrx_word' id='word_1_351' title='bbox 316 2634 327 2680; x_wconf 69' lang='grc' dir='ltr'><strong>ΙΙ</strong></span> <span class='ocrx_word' id='word_1_352' title='bbox 352 2633 540 2679; x_wconf 80' lang='lat' dir='ltr'><strong>pensende</strong></span> <span class='ocrx_word' id='word_1_353' title='bbox 562 2633 687 2669; x_wconf 66' lang='grc' dir='ltr'><strong>ΑΒΗ</strong></span> <span class='ocrx_word' id='word_1_354' title='bbox 707 2633 902 2678; x_wconf 85' lang='lat' dir='ltr'><strong>(pensendi</strong></span> <span class='ocrx_word' id='word_1_355' title='bbox 927 2645 950 2668; x_wconf 92' lang='lat' dir='ltr'><strong>a</strong></span> <span class='ocrx_word' id='word_1_356' title='bbox 987 2632 1159 2678; x_wconf 83' lang='lat' dir='ltr'><strong>pinsendi</strong></span> <span class='ocrx_word' id='word_1_357' title='bbox 1182 2633 1213 2678; x_wconf 94' lang='lat' dir='ltr'><strong>s)</strong></span> <span class='ocrx_word' id='word_1_358' title='bbox 1251 2632 1432 2678; x_wconf 87' lang='lat' dir='ltr'><strong>pensendi</strong></span> <span class='ocrx_word' id='word_1_359' title='bbox 1457 2633 1491 2667; x_wconf 88' lang='lat' dir='ltr'><em>L</em></span> <span class='ocrx_word' id='word_1_360' title='bbox 1509 2634 1522 2678; x_wconf 92' lang='grc' dir='ltr'><strong>ΙΙ</strong></span> <span class='ocrx_word' id='word_1_361' title='bbox 1542 2637 1561 2669; x_wconf 80' lang='grc'><strong>7</strong></span> <span class='ocrx_word' id='word_1_362' title='bbox 1588 2632 1740 2676; x_wconf 86' lang='lat' dir='ltr'><strong>quidam</strong></span> <span class='ocrx_word' id='word_1_363' title='bbox 1767 2661 1775 2668; x_wconf 92' lang='lat'><strong>.</strong></span> <span class='ocrx_word' id='word_1_364' title='bbox 1797 2660 1805 2668; x_wconf 95' lang='lat'><strong><em>.</em></strong></span> <span class='ocrx_word' id='word_1_365' title='bbox 1827 2661 1834 2668; x_wconf 96' lang='lat'>.</span> <span class='ocrx_word' id='word_1_366' title='bbox 1861 2632 2024 2677; x_wconf 81' lang='lat' dir='ltr'><strong>suspica-</strong></span> 
     </span>
     <span class='ocr_line' id='line_1_40' title="bbox 316 2679 2025 2726; baseline -0.001 -10"><span class='ocrx_word' id='word_1_367' title='bbox 316 2684 378 2716; x_wconf 86' lang='lat' dir='ltr'><strong>tur</strong></span> <span class='ocrx_word' id='word_1_368' title='bbox 402 2693 420 2717; x_wconf 87' lang='lat' dir='ltr'><strong>e</strong></span> <span class='ocrx_word' id='word_1_369' title='bbox 448 2681 655 2716; x_wconf 85' lang='lat' dir='ltr'><strong>Turonensi</strong></span> <span class='ocrx_word' id='word_1_370' title='bbox 679 2682 793 2717; x_wconf 85' lang='lat' dir='ltr'><strong>edidit</strong></span> <span class='ocrx_word' id='word_1_371' title='bbox 818 2681 957 2716; x_wconf 83' lang='lat' dir='ltr'><strong>Daniel</strong></span> <span class='ocrx_word' id='word_1_372' title='bbox 986 2681 1000 2726; x_wconf 82' lang='grc' dir='ltr'><strong>ΙΙ</strong></span> <span class='ocrx_word' id='word_1_373' title='bbox 1030 2684 1050 2715; x_wconf 87' lang='grc'>9</span> <span class='ocrx_word' id='word_1_374' title='bbox 1076 2679 1247 2726; x_wconf 84' lang='lat' dir='ltr'><strong>laudum]</strong></span> <span class='ocrx_word' id='word_1_375' title='bbox 1282 2679 1483 2715; x_wconf 85' lang='lat' dir='ltr'><strong>infantium</strong></span> <span class='ocrx_word' id='word_1_376' title='bbox 1507 2680 1751 2715; x_wconf 84' lang='lat' dir='ltr'><strong>Burmannus</strong></span> <span class='ocrx_word' id='word_1_377' title='bbox 1776 2691 1794 2715; x_wconf 93' lang='lat' dir='ltr'><strong>e</strong></span> <span class='ocrx_word' id='word_1_378' title='bbox 1816 2680 1950 2715; x_wconf 84' lang='lat' dir='ltr'><strong>scholio</strong></span> <span class='ocrx_word' id='word_1_379' title='bbox 1975 2680 2025 2715; x_wconf 85' lang='lat' dir='ltr'><strong>ad</strong></span> 
     </span>
     <span class='ocr_line' id='line_1_41' title="bbox 316 2723 2023 2774; baseline -0.001 -11"><span class='ocrx_word' id='word_1_380' title='bbox 316 2729 407 2765; x_wconf 88' lang='lat' dir='ltr'><strong>Aen.</strong></span> <span class='ocrx_word' id='word_1_381' title='bbox 428 2728 461 2763; x_wconf 94' lang='lat' dir='ltr'>X</span> <span class='ocrx_word' id='word_1_382' title='bbox 476 2732 520 2764; x_wconf 83' lang='grc'><strong>76</strong></span> <span class='ocrx_word' id='word_1_383' title='bbox 541 2729 735 2774; x_wconf 82' lang='lat' dir='ltr'><strong>adscripto.</strong></span> <span class='ocrx_word' id='word_1_384' title='bbox 773 2729 835 2764; x_wconf 89' lang='lat' dir='ltr'><strong>sed</strong></span> <span class='ocrx_word' id='word_1_385' title='bbox 853 2740 871 2764; x_wconf 95' lang='lat' dir='ltr'><strong>e</strong></span> <span class='ocrx_word' id='word_1_386' title='bbox 891 2728 1071 2764; x_wconf 77' lang='lat' dir='ltr'><strong>Varronis</strong></span> <span class='ocrx_word' id='word_1_387' title='bbox 1090 2728 1139 2772; x_wconf 92' lang='lat' dir='ltr'><strong>(d.</strong></span> <span class='ocrx_word' id='word_1_388' title='bbox 1159 2738 1191 2762; x_wconf 89' lang='lat' dir='ltr'><strong>v.</strong></span> <span class='ocrx_word' id='word_1_389' title='bbox 1206 2738 1246 2772; x_wconf 87' lang='lat' dir='ltr'><strong>p.</strong></span> <span class='ocrx_word' id='word_1_390' title='bbox 1267 2727 1314 2762; x_wconf 80' lang='lat' dir='ltr'><strong>R.</strong></span> <span class='ocrx_word' id='word_1_391' title='bbox 1336 2728 1396 2764; x_wconf 88' lang='lat' dir='ltr'><strong>lib.</strong></span> <span class='ocrx_word' id='word_1_392' title='bbox 1413 2728 1460 2773; x_wconf 91' lang='lat' dir='ltr'><strong>II)</strong></span> <span class='ocrx_word' id='word_1_393' title='bbox 1479 2728 1595 2763; x_wconf 85' lang='lat' dir='ltr'><strong>verbis</strong></span> <span class='ocrx_word' id='word_1_394' title='bbox 1614 2739 1638 2763; x_wconf 90' lang='lat' dir='ltr'><strong>a</strong></span> <span class='ocrx_word' id='word_1_395' title='bbox 1657 2723 1782 2763; x_wconf 75' lang='lat' dir='ltr'><strong>Nonio</strong></span> <span class='ocrx_word' id='word_1_396' title='bbox 1803 2728 1857 2772; x_wconf 84' lang='lat' dir='ltr'><strong>(p.</strong></span> <span class='ocrx_word' id='word_1_397' title='bbox 1871 2730 1939 2762; x_wconf 80' lang='lat'><strong>528</strong></span> <span class='ocrx_word' id='word_1_398' title='bbox 1949 2727 2023 2772; x_wconf 88' lang='grc' dir='ltr'><strong>Μ.)</strong></span> 
     </span>
     <span class='ocr_line' id='line_1_42' title="bbox 317 2774 2024 2820; baseline -0.001 -9"><span class='ocrx_word' id='word_1_399' title='bbox 317 2777 480 2812; x_wconf 86' lang='lat' dir='ltr'><strong>laudatis</strong></span> <span class='ocrx_word' id='word_1_400' title='bbox 506 2776 755 2820; x_wconf 80' lang='lat' dir='ltr'><strong>‘infantium&#39;</strong></span> <span class='ocrx_word' id='word_1_401' title='bbox 784 2777 867 2811; x_wconf 90' lang='lat' dir='ltr'><strong>deos</strong></span> <span class='ocrx_word' id='word_1_402' title='bbox 893 2787 1029 2820; x_wconf 85' lang='lat' dir='ltr'><strong>parum</strong></span> <span class='ocrx_word' id='word_1_403' title='bbox 1061 2779 1229 2811; x_wconf 86' lang='lat' dir='ltr'><strong>accurate</strong></span> <span class='ocrx_word' id='word_1_404' title='bbox 1260 2775 1375 2811; x_wconf 85' lang='lat' dir='ltr'><strong>dictos</strong></span> <span class='ocrx_word' id='word_1_405' title='bbox 1406 2786 1477 2811; x_wconf 84' lang='lat' dir='ltr'><strong>esse</strong></span> <span class='ocrx_word' id='word_1_406' title='bbox 1508 2778 1661 2820; x_wconf 86' lang='lat' dir='ltr'><strong>apparet</strong></span> <span class='ocrx_word' id='word_1_407' title='bbox 1685 2785 1773 2819; x_wconf 86' lang='lat' dir='ltr'><strong>quos</strong></span> <span class='ocrx_word' id='word_1_408' title='bbox 1804 2774 1923 2810; x_wconf 83' lang='lat' dir='ltr'><strong>Varro</strong></span> <span class='ocrx_word' id='word_1_409' title='bbox 1947 2774 2024 2819; x_wconf 83' lang='lat' dir='ltr'><strong>ipse</strong></span> 
     </span>
     <span class='ocr_line' id='line_1_43' title="bbox 319 2821 2023 2869; baseline -0.002 -10"><span class='ocrx_word' id='word_1_410' title='bbox 319 2824 569 2869; x_wconf 73' lang='lat' dir='ltr'><strong>‘coniuyales’</strong></span> <span class='ocrx_word' id='word_1_411' title='bbox 598 2824 782 2869; x_wconf 83' lang='lat' dir='ltr'><strong>appellari</strong></span> <span class='ocrx_word' id='word_1_412' title='bbox 817 2824 989 2859; x_wconf 85' lang='lat' dir='ltr'><strong>docuerit.</strong></span> <span class='ocrx_word' id='word_1_413' title='bbox 1039 2824 1137 2868; x_wconf 87' lang='lat' dir='ltr'><strong>quod</strong></span> <span class='ocrx_word' id='word_1_414' title='bbox 1160 2823 1339 2867; x_wconf 86' lang='lat' dir='ltr'><strong>interpres</strong></span> <span class='ocrx_word' id='word_1_415' title='bbox 1364 2823 1454 2858; x_wconf 85' lang='lat' dir='ltr'><strong>dicit</strong></span> <span class='ocrx_word' id='word_1_416' title='bbox 1479 2823 1631 2858; x_wconf 87' lang='lat' dir='ltr'><strong>laudum</strong></span> <span class='ocrx_word' id='word_1_417' title='bbox 1655 2822 1738 2857; x_wconf 89' lang='lat' dir='ltr'><strong>deos</strong></span> <span class='ocrx_word' id='word_1_418' title='bbox 1761 2833 1785 2856; x_wconf 89' lang='lat' dir='ltr'><strong>a</strong></span> <span class='ocrx_word' id='word_1_419' title='bbox 1809 2832 1884 2857; x_wconf 89' lang='lat' dir='ltr'><strong>non</strong></span> <span class='ocrx_word' id='word_1_420' title='bbox 1908 2821 2023 2856; x_wconf 86' lang='lat' dir='ltr'><strong>nullis</strong></span> 
     </span>
    </p>
   </div>
   <div class='ocr_carea' id='block_1_12' title="bbox 310 2869 2022 2916">
    <p class='ocr_par' dir='ltr' id='par_1_13' title="bbox 310 2869 2022 2916">
     <span class='ocr_line' id='line_1_44' title="bbox 310 2869 2022 2916; baseline -0.002 -10"><span class='ocrx_word' id='word_1_421' title='bbox 310 2874 462 2916; x_wconf 80' lang='lat' dir='ltr'><strong>putatos</strong></span> <span class='ocrx_word' id='word_1_422' title='bbox 487 2881 558 2905; x_wconf 90' lang='lat' dir='ltr'><strong>esse</strong></span> <span class='ocrx_word' id='word_1_423' title='bbox 580 2870 796 2906; x_wconf 86' lang='lat' dir='ltr'><strong>Pilumnum</strong></span> <span class='ocrx_word' id='word_1_424' title='bbox 821 2874 854 2906; x_wconf 82' lang='lat' dir='ltr'><strong>et</strong></span> <span class='ocrx_word' id='word_1_425' title='bbox 875 2870 1092 2906; x_wconf 85' lang='lat' dir='ltr'><strong>Pitumnum</strong></span> <span class='ocrx_word' id='word_1_426' title='bbox 1117 2870 1204 2905; x_wconf 87' lang='lat' dir='ltr'><strong>inde</strong></span> <span class='ocrx_word' id='word_1_427' title='bbox 1227 2870 1371 2906; x_wconf 79' lang='lat' dir='ltr'><strong>videtur</strong></span> <span class='ocrx_word' id='word_1_428' title='bbox 1395 2870 1653 2916; x_wconf 76' lang='lat' dir='ltr'><strong>explicandum</strong></span> <span class='ocrx_word' id='word_1_429' title='bbox 1677 2879 1749 2904; x_wconf 90' lang='lat' dir='ltr'><strong>esse</strong></span> <span class='ocrx_word' id='word_1_430' title='bbox 1772 2869 1870 2914; x_wconf 87' lang='lat' dir='ltr'><strong>quod</strong></span> <span class='ocrx_word' id='word_1_431' title='bbox 1893 2872 2022 2904; x_wconf 82' lang='lat' dir='ltr'><strong>veteres</strong></span> 
     </span>
    </p>
   </div>
   <div class='ocr_carea' id='block_1_13' title="bbox 315 2916 2053 3294">
    <p class='ocr_par' dir='ltr' id='par_1_14' title="bbox 315 2916 2053 3294">
     <span class='ocr_line' id='line_1_45' title="bbox 316 2916 2022 2963; baseline -0.002 -9"><span class='ocrx_word' id='word_1_432' title='bbox 316 2930 340 2954; x_wconf 88' lang='lat' dir='ltr'><strong>a</strong></span> <span class='ocrx_word' id='word_1_433' title='bbox 361 2917 585 2962; x_wconf 84' lang='lat' dir='ltr'><strong>Oastoribus,</strong></span> <span class='ocrx_word' id='word_1_434' title='bbox 611 2919 825 2963; x_wconf 77' lang='lat' dir='ltr'><strong>quibuscum</strong></span> <span class='ocrx_word' id='word_1_435' title='bbox 849 2918 909 2953; x_wconf 87' lang='lat' dir='ltr'><strong>illi</strong></span> <span class='ocrx_word' id='word_1_436' title='bbox 932 2921 1205 2963; x_wconf 82' lang='lat' dir='ltr'><strong>comparantur,</strong></span> <span class='ocrx_word' id='word_1_437' title='bbox 1230 2918 1363 2963; x_wconf 79' lang='lat' dir='ltr'><strong>equites</strong></span> <span class='ocrx_word' id='word_1_438' title='bbox 1380 2918 1422 2953; x_wconf 91' lang='lat' dir='ltr'><strong>in</strong></span> <span class='ocrx_word' id='word_1_439' title='bbox 1442 2928 1480 2952; x_wconf 91' lang='lat' dir='ltr'><strong>re</strong></span> <span class='ocrx_word' id='word_1_440' title='bbox 1504 2917 1647 2961; x_wconf 79' lang='lat' dir='ltr'><strong>fortiter</strong></span> <span class='ocrx_word' id='word_1_441' title='bbox 1670 2916 1827 2961; x_wconf 57' lang='lat' dir='ltr'><strong>yar-enda</strong></span> <span class='ocrx_word' id='word_1_442' title='bbox 1846 2916 2022 2951; x_wconf 84' lang='lat' dir='ltr'><strong>adiuvari</strong></span> 
     </span>
     <span class='ocr_line' id='line_1_46' title="bbox 316 2962 2023 3011; baseline -0.002 -10"><span class='ocrx_word' id='word_1_443' title='bbox 316 2966 556 3002; x_wconf 88' lang='lat' dir='ltr'><strong>crediderunt.</strong></span> <span class='ocrx_word' id='word_1_444' title='bbox 595 2967 639 3009; x_wconf 82' lang='lat' dir='ltr'><strong>cf.</strong></span> <span class='ocrx_word' id='word_1_445' title='bbox 670 2965 810 3001; x_wconf 88' lang='lat' dir='ltr'><strong>Preller</strong></span> <span class='ocrx_word' id='word_1_446' title='bbox 834 2965 954 3000; x_wconf 84' lang='lat' dir='ltr'><strong>Roem.</strong></span> <span class='ocrx_word' id='word_1_447' title='bbox 978 2965 1134 3010; x_wconf 75' lang='lat' dir='ltr'><strong>Mythol.</strong></span> <span class='ocrx_word' id='word_1_448' title='bbox 1155 2964 1260 3010; x_wconf 76' lang='lat' dir='ltr'><strong>11³p.</strong></span> <span class='ocrx_word' id='word_1_449' title='bbox 1281 2969 1350 3000; x_wconf 89' lang='grc'><strong>300</strong></span> <span class='ocrx_word' id='word_1_450' title='bbox 1363 2975 1435 3010; x_wconf 91' lang='lat' dir='ltr'><strong>sqq.</strong></span> <span class='ocrx_word' id='word_1_451' title='bbox 1455 2965 1467 3011; x_wconf 85' lang='grc' dir='ltr'><strong>ΙΙ</strong></span> <span class='ocrx_word' id='word_1_452' title='bbox 1489 2969 1532 3000; x_wconf 93' lang='grc'><strong>10</strong></span> <span class='ocrx_word' id='word_1_453' title='bbox 1557 2965 1600 2998; x_wconf 89' lang='lat' dir='ltr'><strong>ut</strong></span> <span class='ocrx_word' id='word_1_454' title='bbox 1624 2963 1783 2998; x_wconf 83' lang='lat' dir='ltr'><strong>diximus</strong></span> <span class='ocrx_word' id='word_1_455' title='bbox 1809 2973 1921 3008; x_wconf 85' lang='lat' dir='ltr'><strong>supra</strong></span> <span class='ocrx_word' id='word_1_456' title='bbox 1939 2962 2023 2998; x_wconf 90' lang='lat' dir='ltr'><strong>LF</strong></span> 
     </span>
     <span class='ocr_line' id='line_1_47' title="bbox 316 3010 2053 3060; baseline -0.002 -12"><span class='ocrx_word' id='word_1_457' title='bbox 316 3014 328 3060; x_wconf 66' lang='grc' dir='ltr'>Η</span> <span class='ocrx_word' id='word_1_458' title='bbox 355 3016 398 3048; x_wconf 87' lang='grc'><strong>13</strong></span> <span class='ocrx_word' id='word_1_459' title='bbox 424 3013 550 3048; x_wconf 89' lang='lat' dir='ltr'><strong>monte</strong></span> <span class='ocrx_word' id='word_1_460' title='bbox 575 3012 671 3048; x_wconf 85' lang='lat' dir='ltr'><strong>laria</strong></span> <span class='ocrx_word' id='word_1_461' title='bbox 695 3013 750 3056; x_wconf 87' lang='lat' dir='ltr'><strong>F,</strong></span> <span class='ocrx_word' id='word_1_462' title='bbox 776 3023 868 3048; x_wconf 86' lang='lat' dir='ltr'><strong>corr.</strong></span> <span class='ocrx_word' id='word_1_463' title='bbox 893 3012 1033 3047; x_wconf 86' lang='lat' dir='ltr'><strong>Daniel</strong></span> <span class='ocrx_word' id='word_1_464' title='bbox 1063 3013 1074 3059; x_wconf 87' lang='grc' dir='ltr'><strong>ΙΙ</strong></span> <span class='ocrx_word' id='word_1_465' title='bbox 1107 3016 1150 3047; x_wconf 89' lang='grc'><strong>16</strong></span> <span class='ocrx_word' id='word_1_466' title='bbox 1177 3013 1377 3057; x_wconf 85' lang='lat' dir='ltr'><strong>captantur</strong></span> <span class='ocrx_word' id='word_1_467' title='bbox 1400 3012 1506 3046; x_wconf 87' lang='lat' dir='ltr'><strong>LM:</strong></span> <span class='ocrx_word' id='word_1_468' title='bbox 1539 3011 1688 3055; x_wconf 84' lang='lat' dir='ltr'><strong>captare</strong></span> <span class='ocrx_word' id='word_1_469' title='bbox 1713 3021 1875 3054; x_wconf 86' lang='lat' dir='ltr'><strong>namque</strong></span> <span class='ocrx_word' id='word_1_470' title='bbox 1900 3010 2020 3046; x_wconf 69' lang='grc' dir='ltr'><strong>ΑΒΗ</strong></span> <span class='ocrx_word' id='word_1_471' title='bbox 2045 3016 2053 3022; x_wconf 85' lang='grc'><strong><em>’</em></strong></span> 
     </span>
     <span class='ocr_line' id='line_1_48' title="bbox 317 3057 2021 3106; baseline -0.003 -10"><span class='ocrx_word' id='word_1_472' title='bbox 317 3061 543 3106; x_wconf 83' lang='lat' dir='ltr'><strong>optabantur</strong></span> <span class='ocrx_word' id='word_1_473' title='bbox 566 3059 603 3094; x_wconf 82' lang='lat' dir='ltr'><em>R</em></span> <span class='ocrx_word' id='word_1_474' title='bbox 640 3060 889 3106; x_wconf 74' lang='lat' dir='ltr'><strong>captabantur</strong></span> <span class='ocrx_word' id='word_1_475' title='bbox 914 3059 955 3094; x_wconf 94' lang='lat' dir='ltr'><em>F</em></span> <span class='ocrx_word' id='word_1_476' title='bbox 969 3060 981 3106; x_wconf 77' lang='grc' dir='ltr'><strong>ΙΙ</strong></span> <span class='ocrx_word' id='word_1_477' title='bbox 1002 3063 1045 3094; x_wconf 91' lang='grc'><strong>18</strong></span> <span class='ocrx_word' id='word_1_478' title='bbox 1071 3059 1297 3105; x_wconf 85' lang='lat' dir='ltr'><strong>succinctus]</strong></span> <span class='ocrx_word' id='word_1_479' title='bbox 1323 3070 1390 3094; x_wconf 88' lang='lat' dir='ltr'><strong>om.</strong></span> <span class='ocrx_word' id='word_1_480' title='bbox 1409 3058 1503 3102; x_wconf 84' lang='lat' dir='ltr'><strong>AH,</strong></span> <span class='ocrx_word' id='word_1_481' title='bbox 1531 3059 1617 3093; x_wconf 85' lang='lat' dir='ltr'><strong>sede</strong></span> <span class='ocrx_word' id='word_1_482' title='bbox 1645 3058 1695 3091; x_wconf 90' lang='lat' dir='ltr'><em>M</em></span> <span class='ocrx_word' id='word_1_483' title='bbox 1730 3068 1796 3091; x_wconf 85' lang='lat' dir='ltr'><strong>sua</strong></span> <span class='ocrx_word' id='word_1_484' title='bbox 1821 3058 1921 3096; x_wconf 85' lang='lat' dir='ltr'><strong>intus</strong></span> <span class='ocrx_word' id='word_1_485' title='bbox 1948 3057 1989 3092; x_wconf 94' lang='lat' dir='ltr'><em>F</em></span> <span class='ocrx_word' id='word_1_486' title='bbox 2009 3058 2021 3105; x_wconf 74' lang='grc' dir='ltr'>Η</span> 
     </span>
     <span class='ocr_line' id='line_1_49' title="bbox 316 3104 2020 3152; baseline -0.002 -8"><span class='ocrx_word' id='word_1_487' title='bbox 316 3112 362 3144; x_wconf 84' lang='grc'><strong>20</strong></span> <span class='ocrx_word' id='word_1_488' title='bbox 386 3107 492 3143; x_wconf 85' lang='lat' dir='ltr'><strong>uicae</strong></span> <span class='ocrx_word' id='word_1_489' title='bbox 517 3107 620 3142; x_wconf 85' lang='lat' dir='ltr'><strong>aedis</strong></span> <span class='ocrx_word' id='word_1_490' title='bbox 646 3118 685 3142; x_wconf 85' lang='lat' dir='ltr'><strong>se</strong></span> <span class='ocrx_word' id='word_1_491' title='bbox 712 3109 880 3143; x_wconf 79' lang='lat' dir='ltr'><strong>sacratae</strong></span> <span class='ocrx_word' id='word_1_492' title='bbox 905 3106 1026 3152; x_wconf 88' lang='lat' dir='ltr'><strong>accipi</strong></span> <span class='ocrx_word' id='word_1_493' title='bbox 1050 3107 1164 3142; x_wconf 84' lang='lat' dir='ltr'><strong>debat</strong></span> <span class='ocrx_word' id='word_1_494' title='bbox 1189 3105 1237 3149; x_wconf 89' lang='lat' dir='ltr'><strong>F,</strong></span> <span class='ocrx_word' id='word_1_495' title='bbox 1263 3117 1415 3151; x_wconf 85' lang='lat' dir='ltr'><strong>quocum</strong></span> <span class='ocrx_word' id='word_1_496' title='bbox 1440 3106 1615 3140; x_wconf 86' lang='lat' dir='ltr'><strong>consentit</strong></span> <span class='ocrx_word' id='word_1_497' title='bbox 1634 3104 1678 3148; x_wconf 74' lang='lat' dir='ltr'><strong>G,</strong></span> <span class='ocrx_word' id='word_1_498' title='bbox 1704 3105 1779 3139; x_wconf 84' lang='lat' dir='ltr'><strong>nisi</strong></span> <span class='ocrx_word' id='word_1_499' title='bbox 1803 3106 1899 3149; x_wconf 87' lang='lat' dir='ltr'><strong>quod</strong></span> <span class='ocrx_word' id='word_1_500' title='bbox 1923 3105 2020 3140; x_wconf 87' lang='lat' dir='ltr'><strong>acci-</strong></span> 
     </span>
     <span class='ocr_line' id='line_1_50' title="bbox 315 3152 2018 3201; baseline -0.001 -11"><span class='ocrx_word' id='word_1_501' title='bbox 315 3155 472 3201; x_wconf 84' lang='lat' dir='ltr'><strong>piebant</strong></span> <span class='ocrx_word' id='word_1_502' title='bbox 495 3155 636 3190; x_wconf 79' lang='lat' dir='ltr'><strong>exhibet</strong></span> <span class='ocrx_word' id='word_1_503' title='bbox 661 3166 732 3199; x_wconf 83' lang='lat' dir='ltr'><strong>pro</strong></span> <span class='ocrx_word' id='word_1_504' title='bbox 765 3155 884 3199; x_wconf 88' lang='lat' dir='ltr'><strong>accipi</strong></span> <span class='ocrx_word' id='word_1_505' title='bbox 916 3154 1046 3198; x_wconf 85' lang='lat' dir='ltr'><strong>debat,</strong></span> <span class='ocrx_word' id='word_1_506' title='bbox 1079 3154 1175 3199; x_wconf 87' lang='lat' dir='ltr'><strong>quod</strong></span> <span class='ocrx_word' id='word_1_507' title='bbox 1206 3154 1329 3197; x_wconf 85' lang='lat' dir='ltr'><strong>ipsum</strong></span> <span class='ocrx_word' id='word_1_508' title='bbox 1353 3153 1492 3188; x_wconf 82' lang='lat' dir='ltr'><strong>Daniel</strong></span> <span class='ocrx_word' id='word_1_509' title='bbox 1521 3152 1678 3187; x_wconf 79' lang='lat' dir='ltr'><strong>correxit</strong></span> <span class='ocrx_word' id='word_1_510' title='bbox 1713 3153 1725 3198; x_wconf 81' lang='grc' dir='ltr'><strong>ΙΙ</strong></span> <span class='ocrx_word' id='word_1_511' title='bbox 1762 3156 1806 3186; x_wconf 77' lang='lat'><strong>22</strong></span> <span class='ocrx_word' id='word_1_512' title='bbox 1839 3152 1903 3198; x_wconf 86' lang='lat' dir='ltr'><strong>qui</strong></span> <span class='ocrx_word' id='word_1_513' title='bbox 1933 3153 2018 3189; x_wconf 86' lang='lat' dir='ltr'><strong>add.</strong></span> 
     </span>
     <span class='ocr_line' id='line_1_51' title="bbox 318 3198 2018 3248; baseline -0.002 -9"><span class='ocrx_word' id='word_1_514' title='bbox 318 3203 525 3239; x_wconf 83' lang='lat' dir='ltr'><strong>Masvicius</strong></span> <span class='ocrx_word' id='word_1_515' title='bbox 543 3203 555 3248; x_wconf 80' lang='grc' dir='ltr'><strong>ΙΙ</strong></span> <span class='ocrx_word' id='word_1_516' title='bbox 574 3201 711 3239; x_wconf 81' lang='lat' dir='ltr'><strong>abituri</strong></span> <span class='ocrx_word' id='word_1_517' title='bbox 738 3203 771 3238; x_wconf 80' lang='lat' dir='ltr'><strong><em>G</em></strong></span> <span class='ocrx_word' id='word_1_518' title='bbox 789 3203 801 3248; x_wconf 84' lang='grc' dir='ltr'><strong>ΙΙ</strong></span> <span class='ocrx_word' id='word_1_519' title='bbox 826 3207 871 3237; x_wconf 78' lang='grc'><strong>23</strong></span> <span class='ocrx_word' id='word_1_520' title='bbox 898 3201 1006 3238; x_wconf 85' lang='lat' dir='ltr'><strong>stiret</strong></span> <span class='ocrx_word' id='word_1_521' title='bbox 1029 3201 1134 3237; x_wconf 84' lang='lat' dir='ltr'><strong>ueste</strong></span> <span class='ocrx_word' id='word_1_522' title='bbox 1159 3200 1343 3235; x_wconf 84' lang='lat' dir='ltr'><strong>ediculam</strong></span> <span class='ocrx_word' id='word_1_523' title='bbox 1372 3200 1405 3235; x_wconf 78' lang='lat' dir='ltr'><em>G</em></span> <span class='ocrx_word' id='word_1_524' title='bbox 1423 3201 1436 3245; x_wconf 76' lang='grc' dir='ltr'><strong>ΙΙ</strong></span> <span class='ocrx_word' id='word_1_525' title='bbox 1464 3204 1509 3234; x_wconf 81' lang='grc'><strong>24</strong></span> <span class='ocrx_word' id='word_1_526' title='bbox 1534 3198 1715 3244; x_wconf 79' lang='lat' dir='ltr'><strong>templum</strong></span> <span class='ocrx_word' id='word_1_527' title='bbox 1742 3210 1808 3234; x_wconf 87' lang='lat' dir='ltr'><strong>om.</strong></span> <span class='ocrx_word' id='word_1_528' title='bbox 1830 3199 1863 3234; x_wconf 78' lang='lat' dir='ltr'><em>G</em></span> <span class='ocrx_word' id='word_1_529' title='bbox 1881 3201 1894 3245; x_wconf 86' lang='grc' dir='ltr'><strong>ΙΙ</strong></span> <span class='ocrx_word' id='word_1_530' title='bbox 1913 3208 2018 3235; x_wconf 78' lang='lat' dir='ltr'><strong>sena—</strong></span> 
     </span>
     <span class='ocr_line' id='line_1_52' title="bbox 316 3249 889 3294; baseline -0.002 -8"><span class='ocrx_word' id='word_1_531' title='bbox 316 3252 375 3286; x_wconf 87' lang='lat' dir='ltr'><strong>tos</strong></span> <span class='ocrx_word' id='word_1_532' title='bbox 400 3250 537 3285; x_wconf 84' lang='lat' dir='ltr'><strong>habere</strong></span> <span class='ocrx_word' id='word_1_533' title='bbox 564 3249 613 3294; x_wconf 88' lang='lat' dir='ltr'><strong>F,</strong></span> <span class='ocrx_word' id='word_1_534' title='bbox 638 3260 730 3285; x_wconf 85' lang='lat' dir='ltr'><strong>corr.</strong></span> <span class='ocrx_word' id='word_1_535' title='bbox 750 3250 889 3285; x_wconf 88' lang='lat' dir='ltr'><strong>Daniel</strong></span> 
     </span>
    </p>
   </div>
  </div>
 </body>
</html>
