2124 3600
251 1027 294 1059 10

250 1383 293 1414 15

250 1740 296 1771 20

318 270 376 312 24
1087 269 1247 305 SERVII

319 379 474 421 dicitur
506 378 762 432 inferorum,
795 377 916 433 quasi
950 378 1042 419 sine
1075 377 1244 433 gaudio.
1301 378 1375 419 sed
1407 379 1577 419 constat
1609 378 1750 420 locum
1783 393 1876 420 esse
1907 378 2022 421 haud

317 450 448 505 longe
480 464 506 491 a
532 448 635 491 Bais
661 449 845 505 undique
877 449 1099 491 montibus
1134 451 1348 503 saeptum,
1381 447 1486 491 adeo
1518 451 1566 490 ut
1596 464 1673 491 nec
1706 450 1914 492 orientem
1944 465 2023 492 nec

319 521 583 563 occidentem
616 521 750 563 solem
783 520 921 575 possit
953 520 1162 575 aspicere,
1195 520 1268 561 sed
1293 522 1464 561 tantum
1490 520 1688 563 medium.
1741 521 1854 576 quod
1881 522 2023 562 autem

319 592 476 634 dicitur
506 592 680 647 ignibus
706 592 871 647 plenus,
902 586 1009 633 haec
1035 592 1145 633 ratio
1173 594 1257 633 est:
1291 591 1436 633 omnia
1461 591 1602 633 vicina
1634 591 1719 633 illie
1751 591 1848 634 loca
1873 591 2023 633 calidis

320 665 363 704 et
389 663 624 718 sulpuratis
651 663 773 717 aquis
801 665 981 704 scatent.
1029 662 1120 704 sine
1147 662 1303 717 gaudio
1331 665 1475 704 autem
1501 663 1596 705 ideo
1620 663 1692 704 ille
1714 662 1867 705 dicitur
1892 663 2024 719 locus,

319 734 430 789 quod
467 734 764 777 necromantia
802 735 869 776 vel
908 733 1182 789 sciomantia,
1222 736 1271 775 ut
1308 733 1472 789 dicunt,
1514 749 1602 776 non
1639 734 1723 775 nisi
1761 734 1824 775 ibi
1854 736 2026 788 poterat

317 806 427 847 fieri:
460 820 569 861 quae
602 805 692 847 sine
723 805 911 847 hominis
945 805 1158 847 occisione
1189 820 1278 847 non
1308 805 1488 860 fiebant;
1527 820 1629 847 nam
1662 807 1704 847 et
1734 803 1904 847 Aeneas
1935 805 2026 847 illic

319 877 458 919 occiso
485 876 651 919 Miseno
684 890 806 918 sacra
838 876 925 917 ista
951 876 1167 930 conplevit
1193 878 1236 918 et
1255 876 1404 918 Vlixes
1431 876 1573 918 occiso
1599 875 1825 931 Elpenore.
1876 890 2025 931 quam-

319 963 446 1003 quam
478 948 669 1003 fingatur
699 947 746 989 in
778 949 969 989 extrema
1001 938 1162 989 Oceani
1193 949 1316 1002 parte
1348 947 1499 990 Vlixes
1530 947 1681 989 fuisse:
1715 948 1827 1003 quod
1860 950 1902 989 et
1933 948 2025 1002 ipse

321 1018 536 1061 Homerus
574 1018 732 1060 falsum
766 1032 858 1059 esse
892 1018 1079 1060 ostendit
1111 1033 1162 1059 ex
1194 1018 1404 1073 qualitate
1442 1019 1655 1074 locorum,
1694 1033 1803 1073 quae
1841 1023 2027 1060 comme-

318 1092 478 1145 morat,
517 1092 559 1131 et
597 1104 647 1131 ex
684 1092 878 1144 tempore
916 1089 1228 1145 navigationis,
1267 1089 1371 1131 dicit
1403 1089 1516 1131 enim
1550 1103 1646 1131 eum
1680 1104 1705 1131 a
1737 1087 1859 1131 Circe
1896 1084 2027 1131 unam

318 1163 489 1203 noctem
521 1162 750 1216 navigasse
783 1163 827 1202 et
858 1160 912 1202 ad
943 1161 1086 1202 locum
1117 1160 1305 1215 venisse,
1343 1161 1504 1215 inquo
1535 1160 1642 1202 haec
1676 1174 1798 1202 sacra
1829 1160 2026 1215 perfecit:

320 1233 435 1287 quod
473 1232 523 1274 de
563 1231 733 1275 Oceano
772 1247 861 1274 non
898 1231 1110 1286 procedit,
1148 1231 1199 1273 de
1233 1230 1471 1286 Campania
1508 1230 1912 1273 manifestissimum
1951 1233 2027 1273 est.

318 1306 542 1359 praeterea
574 1319 599 1345 a
631 1303 738 1346 Baio
778 1304 894 1346 socio
934 1304 1024 1345 eius
1062 1303 1154 1345 illic
1192 1306 1364 1346 mortuo
1397 1303 1529 1345 Baias
1566 1304 1736 1344 constat
1768 1317 1861 1345 esse
1891 1303 2030 1345 nomi-

318 1376 456 1417 natas.
520 1374 675 1416 dicitur
714 1375 845 1416 etiam
885 1375 1041 1416 vidisse
1074 1373 1323 1429 Herculem,
1362 1374 1456 1416 ideo
1495 1374 1596 1429 quia
1633 1374 1722 1416 illic
1761 1376 1860 1416 sunt
1890 1373 2030 1429 Bauli,

319 1447 437 1488 locus
465 1445 666 1487 Herculis
693 1444 832 1487 dictus
859 1445 982 1501 quasi
1009 1445 1209 1500 Boaulia,
1237 1445 1350 1501 quod
1378 1445 1468 1487 illic
1493 1444 1648 1487 habuit
1677 1445 1892 1499 animalia,
1918 1459 2026 1501 quae

321 1517 509 1572 Geryoni
542 1516 735 1559 detracta
766 1531 817 1558 ex
850 1515 1064 1571 Hispania
1097 1516 1342 1558 adduxerat.
1886 1504 1890 1508 ⁴

443 1589 537 1630 108.
588 1600 665 1630 IRE
692 1599 962 1630 CONTINGAT
990 1587 1068 1629 ‘ut'
1095 1588 1237 1630 minus
1269 1590 1351 1643 est,
1382 1591 1429 1630 ut
1452 1589 1507 1631 sit
1531 1588 1595 1630 ‘ut
1620 1588 1681 1630 ire
1708 1587 1952 1644 contingat,
1983 1590 2031 1630 ut

320 1660 404 1703 iter
436 1658 624 1702 doceas’.

444 1731 540 1773 109.
585 1742 734 1773 SAORA
761 1742 897 1773 OSTIA
923 1742 1103 1773 PANDAS
1132 1732 1207 1772 aut
1238 1731 1503 1772 venerabilia
1534 1733 1607 1772 aut
1639 1730 1890 1785 execranda,
1920 1730 2031 1773 sicut

322 1802 374 1844 de
406 1801 587 1844 Tartaro
621 1802 811 1844 dicturus
846 1804 911 1844 est
944 1801 1089 1857 <573>
1123 1816 1299 1843 sacrae
1330 1801 1626 1856 panduntur
1658 1804 1852 1856 portae.

445 1874 539 1915 110.
590 1885 737 1915 ILLVM
775 1885 868 1916 EGO
907 1885 996 1915 PER
1033 1884 1254 1915 FLAMMAS
1294 1873 1496 1914 meritum
1535 1873 1749 1927 adprobat
1786 1873 1942 1928 patris,
1983 1875 2032 1915 ut

322 1945 494 1987 iustum
516 1944 710 1987 videatur
741 1959 834 1987 esse
868 1944 1137 1986 desiderium.
1278 1955 1544 1994 SEQVENTIA
1577 1955 1700 1986 TELA
1732 1946 1779 1986 ut
1812 1943 1884 1999 <II
1917 1944 2031 1999 734>

324 2016 563 2058 ardentes
597 2016 795 2071 clipeos
827 2017 980 2071 atque
1013 2030 1130 2057 aera
1162 2015 1409 2058 micantia
1441 2029 1602 2057 cerno.

421 2148 439 2179 1
468 2145 546 2180 sine
572 2155 637 2180 om.
663 2144 697 2179 G
715 2140 823 2190 usine
849 2144 1005 2191 gaudio]
1033 2140 1125 2179 ἄνευ
1153 2143 1271 2189 χαρᾶς
1297 2143 1381 2178 add.
1410 2142 1612 2178 Fabricius
1630 2145 1643 2189 Η
1667 2144 1807 2189 locum]
1833 2143 1942 2179 illum
1969 2144 2000 2180 Ο
2023 2144 2034 2192 Η

323 2191 442 2238 haud]
470 2193 536 2227 aut
561 2191 692 2227 FGH
723 2192 799 2227 hau
826 2192 856 2227 G
878 2193 890 2237 ΙΙ
921 2196 941 2227 2
969 2194 1010 2227 ut
1035 2203 1101 2227 om.
1128 2191 1208 2226 FG
1232 2193 1244 2237 ΙΙ
1275 2195 1296 2226 3
1323 2190 1504 2236 medium]
1533 2190 1644 2226 diem.
1672 2191 1772 2235 quod
1798 2192 1836 2226 et
1860 2192 2034 2227 homerus

324 2240 406 2284 ipse
434 2238 563 2274 scribit
588 2239 670 2283 (Οά.
691 2239 743 2274 ΧΙ
765 2240 822 2285 14)
852 2238 949 2274 ἔνθα
976 2237 1017 2274 δὲ
1038 2240 1254 2284 Κιμμερίων
1279 2265 1286 2272 .
1310 2265 1318 2273 .
1341 2266 1348 2273 .
1375 2235 1527 2272 τέταται
1554 2239 1708 2273 δειλοῖσι
1735 2239 1921 2284 βροτοῖσιν
1947 2240 2032 2276 add.

324 2287 364 2322 D
394 2288 407 2331 u
437 2290 460 2320 4
484 2286 630 2330 plenius
656 2286 736 2322 FG
766 2289 778 2333 ΙΙ
809 2290 830 2322 5
856 2285 1060 2332 sulpur-atis
1087 2285 1189 2321 OM:
1218 2284 1447 2330 sulphuratis
1475 2284 1681 2320 FGARS
1720 2286 1932 2330 suphuratis
1957 2287 2003 2321 H

327 2339 347 2369 6
373 2333 651 2368 nethromantia
675 2334 712 2369 R
748 2333 1032 2370 nechromantia
1056 2334 1102 2368 H
1133 2344 1254 2378 neque
1279 2331 1510 2368 amanthiam
1537 2332 1617 2367 FG
1653 2332 1936 2378 neqzamanthia
1963 2333 1994 2368 Ο

326 2379 613 2416 sciomanthiam
633 2381 674 2415 F
707 2381 968 2417 sciomansiam
989 2381 1023 2416 G
1059 2380 1330 2416 sociomanthia
1351 2378 1382 2414 Ο
1414 2378 1675 2415 sciomantiam
1697 2381 1746 2415 M
1761 2382 1774 2426 ΙΙ
1793 2380 1848 2425 ut]
1876 2381 1942 2415 aut
1965 2381 2002 2415 R

326 2428 396 2474 ibi]
422 2428 503 2462 illic
522 2427 643 2463 FGO
658 2429 670 2473 ΙΙ
688 2430 838 2473 poterat
856 2429 897 2463 F
902 2429 936 2464 G
946 2427 977 2463 0
982 2428 1111 2463 ΑΒΜ
1117 2441 1125 2462 =
1152 2428 1327 2473 poterant
1345 2426 1434 2461 RH
1437 2439 1460 2461 a
1478 2427 1490 2472 ΙΙ
1511 2431 1529 2462 7
1550 2426 1691 2463 fiebant
1709 2427 1826 2462 RAS
1833 2427 1883 2462 M
1885 2442 1893 2463 :
1920 2428 2035 2463 fiebat

328 2474 502 2510 FGOH
524 2475 537 2519 ΙΙ
567 2486 654 2509 nam
679 2486 746 2511 om.
774 2476 804 2511 Ο
827 2478 840 2521 ΙΙ
872 2480 893 2512 8
919 2476 1028 2510 ulixis
1053 2475 1133 2510 FG
1168 2473 1286 2510 ulexis
1314 2474 1345 2509 Ο
1369 2474 1381 2519 ΙΙ
1412 2473 1615 2518 alphenore
1640 2474 1765 2510 FGO
1786 2476 1799 2520 ΙΙ
1830 2475 2034 2522 Elpenore]

327 2521 438 2558 sicuti
472 2523 668 2566 sequentes
692 2523 838 2558 homeri
869 2534 997 2558 uersus
1028 2523 1213 2558 testantur
1244 2522 1334 2556 licet
1369 2520 1546 2556 cecidisse
1577 2522 1684 2556 illum
1716 2522 1835 2567 fingat
1858 2523 2032 2558 homerus

329 2571 368 2605 et
397 2569 483 2604 inde
515 2570 703 2604 mortuum
735 2581 816 2605 esse
850 2570 931 2615 (od.
958 2570 991 2605 Χ
1017 2572 1100 2615 552)
1129 2566 1318 2614 Ἐλπήνωρ
1345 2566 1388 2603 δέ
1413 2581 1467 2608 τις
1493 2566 1576 2603 ἔσκε
1604 2597 1611 2603 .
1640 2596 1648 2603 .
1676 2597 1682 2603 .
1711 2566 1778 2604 ἰὼν
1806 2566 1844 2610 ἐς
1869 2570 2031 2615 κλίμακα

329 2629 381 2699 ‘51⁰‘
383 2612 617 2707 2⁹3⁹<03²2²z²⁰2>
624 2618 712 2709 ‘fidit
734 2616 1135 2710 Ῑέὲὲῖθῖἳῖϊίῗηοὲἳῆῗὶ
1148 2614 1917 2707 511ἣῖ361]ἅθῖᾎῗεὲῗξὲοξίὲὲἭ-ωέὲ
1937 2616 2035 2699 {if}

328 2722 419 2757 pore
438 2710 606 2745 ARSH
639 2722 684 2746 ex
708 2712 879 2756 tempora
907 2711 938 2746 0
972 2713 1010 2746 et
1034 2676 1202 2756 temfiore
1225 2710 1304 2746 FG
1321 2711 1334 2755 ΙΙ
1354 2709 1468 2754 6111111]
1495 2712 1621 2745 autem
1642 2710 1722 2746 FG
1759 2710 1858 2746 enim
1882 2721 1948 2746 om.
1971 2709 2002 2745 Ο
2023 2710 2036 2757 Η

331 2770 354 2794 6
373 2757 492 2804 Circe]
520 2756 640 2793 acirce
666 2758 707 2792 F
742 2757 841 2793 66116
863 2758 896 2793 G
933 2758 1056 2793 acirea
1081 2760 1134 2793 vel
1159 2758 1278 2793 acirta
1299 2757 1329 2792 O
1364 2756 1484 2792 cireea
1505 2758 1554 2792 M
1593 2758 1692 2793 circa
1710 2757 1878 2793 ARSH
1892 2758 1904 2803 ΙΙ
1922 2769 2034 2792 11116111

330 2806 479 2841 noctem
503 2804 611 2840 Ras:
637 2816 713 2840 una
735 2806 844 2840 nocte
870 2806 1003 2850 reliqui
1019 2806 1032 2850 ΙΙ
1053 2809 1094 2840 12
1121 2816 1301 2851 naugasse
1329 2804 1387 2849 011
1406 2804 1545 2851 locum]
1572 2805 1665 2840 haec
1686 2805 1766 2840 FG
1783 2806 1796 2850 ΙΙ
1814 2804 1852 2839 111
1878 2805 1968 2850 quo]
1994 2805 2034 2839 in

332 2863 428 2897 quae
454 2851 536 2886 FG
554 2853 566 2897 ΙΙ
591 2851 737 2898 peregit
761 2852 841 2887 FG
859 2854 871 2898 fl
897 2856 940 2887 13
967 2852 1206 2887 manifestum
1233 2851 1351 2898 FGO
1366 2853 1378 2897 ss
1396 2852 1741 2887 manifestissimum
1766 2851 1839 2897 est]
1865 2853 1908 2886 ut
1932 2851 2034 2887 hisce

333 2899 501 2935 uersibus
532 2899 572 2934 in
598 2927 606 2934 .
634 2925 642 2934 .
670 2927 677 2934 .
711 2900 836 2942 (trium
866 2910 1034 2934 versuum
1063 2901 1224 2943 spatium
1254 2900 1416 2934 relictum
1442 2900 1506 2943 est)
1542 2900 1702 2934 testatur
1731 2898 1831 2933 idem
1861 2898 2033 2934 homerus

333 2947 418 2982 add.
433 2946 472 2981 D
491 2947 503 2991 ΙΙ
524 2949 568 2981 14
593 2946 690 2993 61116]
716 2947 815 2981 enim
836 2946 869 2981 G
887 2947 900 2991 ΙΙ
918 2946 1044 2981 abaias
1065 2946 1101 2980 A
1120 2948 1132 2991 ΙΙ
1152 2957 1230 2981 6666
1256 2947 1403 2981 constat
1421 2945 1462 2979 F
1469 2946 1498 2980 0
1514 2946 1527 2991 ΙΙ
1547 2950 1590 2981 15
1617 2945 1767 2991 dicitur]
1795 2944 1840 2979 ds
1872 2944 1906 2979 G
1943 2944 2035 2980 dicit

333 2994 379 3029 H
391 2995 404 3039 ΙΙ
423 2993 473 3028 sit
495 2992 563 3028 Ra
581 2994 593 3039 ΙΙ
613 2994 746 3029 bauloe
771 2993 812 3028 F
817 2992 930 3028 GAS
966 2993 1123 3028 bauloae
1152 2992 1182 3027 O
1217 2992 1342 3028 baulio
1367 2992 1459 3026 RH
1490 2993 1646 3037 baulyae
1675 2993 1731 3027 M.
1757 2992 1841 3035 fort.
1862 2991 2003 3026 Βαῦλοι
2031 2993 2033 3033 Ι

336 3045 379 3076 16
405 3038 533 3076 baulia
559 3040 602 3076 G.
629 3042 713 3084 fort.
742 3038 909 3088 βοαύλια.
948 3043 1101 3075 ceterum
1127 3040 1172 3083 cf.
1193 3040 1292 3075 Serv.
1319 3040 1368 3074 ad
1392 3039 1483 3074 Aen.
1507 3040 1576 3075 VII
1597 3044 1664 3074 662
1690 3041 1702 3084 ΙΙ
1732 3043 1774 3074 17
1801 3038 1944 3082 gerioni
1971 3038 2002 3073 Ο

335 3088 517 3134 detracta]
550 3087 698 3123 sublaffi
724 3088 803 3123 FG
840 3088 852 3133 ΙΙ
891 3092 934 3123 18
958 3087 1095 3122 scholia
1128 3087 1178 3121 ad
1201 3097 1233 3121 v.
1262 3090 1328 3121 108
1354 3089 1387 3120 et
1414 3090 1479 3120 109
1506 3097 1572 3122 om.
1599 3086 1633 3122 G
1668 3087 1680 3131 ΙΙ
1717 3086 1759 3121 ut
1783 3086 1832 3120 sit
1856 3086 1937 3120 hab.
1966 3085 1996 3121 Ο

337 3140 379 3171 19
406 3135 539 3171 doceat
557 3135 597 3170 F
612 3137 624 3180 ΙΙ
643 3139 688 3171 20
713 3146 840 3171 11061111
860 3135 900 3169 F
907 3134 1074 3171 OARH
1087 3135 1099 3179 ss
1118 3134 1342 3169 exsecranda
1360 3132 1464 3167 Rea
1482 3134 1494 3178 ΙΙ
1522 3137 1566 3173 21
1593 3136 1699 3178 parte
1718 3132 1755 3167 R
1772 3134 1784 3178 ΙΙ
1804 3136 1848 3167 23
1868 3143 1946 3167 esse
1966 3143 2032 3167 om.

335 3182 453 3219 FGC'
469 3184 481 3229 ΙΙ
499 3183 636 3218 scholia
660 3184 709 3219 ad
735 3195 930 3222 snovsurm
956 3196 988 3217 T.
1014 3185 1046 3217 et
1071 3182 1120 3217 ad
1143 3192 1175 3217 v.
1197 3184 1263 3215 111
1291 3191 1356 3215 om.
1379 3179 1413 3214 G
1431 3181 1443 3224 ΙΙ
1462 3184 1507 3214 24
1533 3181 1666 3216 ardens
1687 3181 1736 3214 M
1752 3182 1764 3225 ΙΙ
1784 3180 1949 3225 clippeos
1967 3179 2004 3215 A
2022 3179 2034 3226 ΙΙ

336 3231 457 3275 adque
483 3230 727 3266 erenticantia
751 3230 791 3265 F
