2092 3614
497 254 647 292 ΟΟΜΜ.
673 255 728 292 ΙΝ
751 253 897 291 VERG.
923 253 1036 292 AEN.
1063 253 1097 289 X
1123 258 1322 291 vos—737.
1679 250 1767 297 463

178 365 275 408 722.
324 377 609 409 PVRPVREVM
633 377 799 408 PENNIS
826 365 990 420 qaleam
1019 365 1227 419 siqnificat
1249 377 1489 419 purpureas
1519 365 1666 407 cristas
1695 364 1768 406 ha-

58 437 232 489 bentem;
273 440 349 479 aut
377 440 479 480 certe
516 436 528 455 ³
529 451 789 492 purpureum
817 435 987 492 pinnis'
1017 435 1259 490 pulchrum,
1297 437 1405 479 bene
1443 436 1683 493 galeatum,
1719 438 1770 478 ut

58 507 148 563 <IX
182 509 296 565 161>
334 509 582 565 purpurei
620 508 798 551 cristis
836 509 1063 564 iuvenes,
1101 508 1146 550 id
1183 510 1250 550 est
1281 508 1465 563 pulchri.
1585 518 1769 549 PACTAE

59 590 277 623 CONIVGIS
307 580 379 622 hic
405 580 510 623 ordo
537 582 621 623 est:
654 580 884 623 conciliata
915 579 1074 635 primo,
1106 579 1204 621 dein
1237 582 1465 634 conventa,
1497 579 1596 621 dein
1626 581 1768 635 pacta,

57 650 156 693 dein
189 666 359 706 sponsa.
1268 653 1271 660 ¹
1796 658 1816 690 5
1878 682 1883 700 ι

179 723 277 766 724.
325 735 539 767 VAESANA
570 735 722 767 FAMES
755 723 859 766 alibi
891 722 986 778 <VI
1017 722 1134 778 276>
1168 725 1218 765 et
1249 722 1548 765 malesuada
1578 722 1769 766 Fames

117 806 337 837 FVGACEM
367 795 568 838 velocem.

179 866 276 910 725.
308 877 591 910 SVRGENTEM
610 884 657 911 IN
673 885 822 912 comm
842 868 889 911 id
905 871 964 910 est
981 869 1257 919 crescentem,
1277 867 1480 909 cornibus
1494 866 1769 909 eminentem.

179 938 277 982 726.
326 949 574 990 COMASQVE
617 950 822 982 ARREXIT
864 939 1064 982 naturale
1108 938 1224 981 enim
1268 940 1352 995 est,
1395 941 1445 982 ut
1484 937 1585 980 irati
1623 938 1770 979 leones

60 1009 231 1065 erigam:
262 1010 401 1054 iubas.
1798 1019 1842 1050 10
1873 1031 1881 1038 —

179 1082 278 1124 727.
327 1094 471 1125 LAVIT
504 1083 558 1125 ab
592 1098 641 1125 eo
674 1082 787 1138 quod
819 1084 886 1124 est
917 1081 1036 1125 ‘lavo
1068 1079 1221 1123 lavis':
1262 1096 1365 1123 nam
1402 1080 1485 1124 hoc
1517 1080 1696 1124 verbum
1729 1082 1772 1121 et

58 1153 223 1208 primae
255 1156 322 1196 est
354 1154 674 1211 coniugationis
707 1156 750 1196 et
774 1154 948 1210 tertiae,
980 1168 1006 1195 a
1031 1167 1116 1208 qua
1140 1167 1254 1195 nunc
1280 1152 1342 1195 ait
1367 1151 1519 1208 ‘lavit'‚
1550 1152 1656 1194 item
1684 1150 1773 1194 Ho-

59 1225 196 1267 ratius
233 1225 368 1268 lavit
405 1240 548 1268 amne
590 1226 780 1281 crines,
820 1225 925 1267 item
964 1225 1067 1267 alibi
1104 1238 1269 1280 neque
1307 1224 1446 1267 dulci
1484 1224 1618 1266 mala
1655 1223 1773 1267 vino

58 1295 246 1338 lavere.
295 1310 387 1351 erqo
419 1296 622 1340 ‘lavitum'
655 1301 692 1340 et
722 1296 866 1350 ‘lavit',
898 1297 1005 1339 siout
1028 1295 1210 1339 Plautus
1240 1296 1287 1338 in
1311 1295 1512 1339 Pseudolo
1546 1295 1607 1352 (I,
1629 1297 1667 1352 1,
1689 1295 1774 1351 10>

58 1381 235 1422 casque
265 1369 494 1412 lacrimis
526 1370 673 1425 lavis,
704 1370 752 1412 id
780 1373 839 1412 est
867 1371 1059 1411 umectas.
1802 1376 1845 1408 15

180 1440 276 1483 731.
325 1452 560 1483 INFRACTA
592 1443 667 1483 aut
698 1441 823 1484 valde
855 1441 1012 1483 fracta:
1045 1441 1127 1481 aut
1150 1454 1196 1481 re
1228 1453 1330 1482 vera
1360 1424 1607 1501 infractaff

181 1512 277 1555 732.
329 1524 521 1555 ORODEN
570 1513 703 1555 istum
749 1512 939 1568 Oroden,
982 1511 1123 1554 virum
1168 1511 1345 1567 fortem,
1388 1511 1684 1568 intellegimus
1729 1511 1775 1553 in

60 1582 209 1638 fugam
240 1584 499 1627 necessitate
531 1598 612 1628 esse
644 1599 914 1627 conversum:
946 1598 1048 1626 nam
1073 1583 1167 1639 ipse
1192 1583 1324 1638 paulo
1356 1575 1458 1638 post
1484 1582 1675 1626 dicturus
1709 1586 1775 1626 est

61 1655 115 1697 ad
152 1655 391 1698 hortandos
431 1656 570 1699 socios
610 1656 755 1713 <737>
795 1655 916 1711 ‘pars
954 1654 1061 1698 belli
1098 1654 1214 1697 haud
1252 1654 1484 1698 temnenda
1522 1654 1621 1711 viri,
1663 1655 1776 1697 iacet

59 1727 173 1769 altus
207 1726 405 1770 Orodes'.
1800 1735 1846 1767 20

181 1799 278 1841 733.
326 1816 403 1842 ΝΕσ
431 1816 543 1842 mom
575 1817 731 1843 offlam
763 1813 894 1842 imum
930 1813 1094 1842 sensum
1124 1813 1201 1854 per
1238 1798 1339 1842 duos
1370 1798 1526 1841 extulit.
1589 1797 1775 1841 ‘caecum

59 1869 229 1914 vulnus'
262 1873 417 1923 autem,
448 1872 558 1925 quod
586 1885 726 1914 averso
757 1871 958 1926 insiyitur.

182 1943 279 1986 735.
327 1954 484 1985 FVRTo
517 1942 701 1985 insidiis.

182 2015 279 2056 736.
328 2028 431 2057 PEDE
459 2031 582 2058 NJXVs
611 2032 664 2059 ET
690 2031 818 2058 HASTA
849 2015 956 2057 deest
986 2013 1095 2057 ‘aaz

183 2085 280 2128 737.
329 2097 459 2128 HAVD
486 2097 744 2129 TEMNENDA
769 2098 866 2129 Vim
893 2086 1034 2141 Asper
1060 2084 1196 2128 ‘viris’
1223 2084 1348 2141 legit,
1373 2087 1422 2126 ut
1444 2085 1516 2141 sit,
1541 2085 1639 2128 aliis
1663 2085 1778 2128 haud
1800 2092 1845 2125 25

61 2157 297 2200 temnenda:
335 2157 493 2211 alioqui
529 2159 615 2212 ipse
650 2159 713 2200 ait
743 2156 985 2213 ‘fuyieiitem
1015 2157 1131 2200 haud
1158 2160 1217 2214 est
1246 2157 1441 2211 eliquatus
1473 2155 1647 2200 Orodem
1677 2160 1775 2199 ster-

62 2227 187 2270 nere'.
308 2240 458 2271 ALTVS
490 2217 694 2285 magnus,
731 2231 781 2272 ut
813 2229 959 2285 (875)
994 2229 1066 2272 sic
1104 2231 1252 2285 pater
1288 2228 1381 2270 ille
1418 2228 1563 2271 deum
1593 2228 1775 2284 faciat,

63 2298 134 2342 sic
167 2300 306 2343 altus
338 2298 543 2356 Apollo.

159 2446 202 2477 12
229 2442 421 2490 Horatius]
449 2453 560 2479 carm.
585 2442 639 2479 IV
665 2445 697 2486 6,
723 2445 769 2477 26
800 2442 813 2487 ΙΙ
846 2444 889 2477 13
914 2440 1007 2477 item
1033 2440 1141 2489 alibi]
1168 2452 1280 2479 carm.
1306 2441 1358 2477 III
1384 2445 1441 2487 21,
1469 2446 1487 2477 1

161 2578 177 2608 1
204 2584 232 2609 s.
251 2584 283 2609 v.
307 2577 374 2609 722
399 2575 473 2610 hoc
499 2576 558 2610 est
581 2575 676 2611 bene
702 2574 892 2620 galeatum
912 2573 979 2608 aut
1000 2572 1187 2619 significat
1211 2572 1359 2618 galeam
1385 2583 1610 2618 purpuream
1636 2573 1776 2608 haben-

62 2621 140 2656 tem
166 2621 232 2655 aut
255 2633 461 2666 purpureas
487 2623 618 2658 cristas
641 2622 675 2657 T
693 2623 706 2668 n
724 2634 839 2657 Pmms
860 2620 948 2656 HF
964 2621 976 2667 ΙΙ
994 2625 1015 2655 2
1042 2621 1193 2666 galeum
1211 2620 1252 2655 F
1267 2622 1279 2667 ΙΙ
1298 2622 1341 2655 ut
1358 2630 1425 2655 om.
1440 2620 1573 2655 ΑΒΜ
1590 2621 1689 2665 (add.
1707 2622 1744 2665 a)
1764 2621 1776 2667 Η

65 2672 86 2703 3
112 2668 260 2713 pulchri
285 2679 352 2704 om.
373 2669 431 2713 H,
456 2669 495 2704 id
522 2671 579 2705 est
602 2669 751 2715 pulchri
775 2670 818 2705 in
842 2680 915 2704 ras.
942 2669 983 2714 ῑΙΙ
1002 2669 1052 2704 ad
1075 2679 1108 2703 v.
1137 2672 1204 2703 722
1230 2669 1273 2703 in
1297 2678 1411 2713 mary.
1438 2669 1572 2713 pactae
1597 2670 1664 2703 aut
1690 2679 1775 2703 eon-

66 2718 201 2751 uentae
227 2717 293 2752 aut
316 2716 533 2761 promissae.
570 2717 657 2752 talis
676 2718 802 2752 autem
830 2716 921 2751 ordo
946 2717 1005 2751 est
1029 2716 1072 2751 ut
1095 2715 1215 2761 primo
1242 2715 1388 2751 dicatur
1413 2715 1614 2750 conciliata
1639 2714 1775 2750 deinde

68 2764 253 2799 conuenta
277 2765 409 2809 postea
433 2765 547 2810 pacta
570 2764 772 2799 nouissime
799 2774 936 2809 sponsa
964 2763 997 2798 T
1011 2764 1157 2822 umen
1182 2774 1328 2799 comvoi
1354 2762 1395 2798 F
1410 2763 1422 2810 ΙΙ
1443 2767 1462 2798 7
1488 2763 1675 2809 velocem]
1701 2757 1775 2798 Ho-

66 2821 189 2846 merus
217 2812 285 2857 (Il.
311 2812 363 2846 III
388 2815 447 2856 24)
474 2808 597 2855 εὑρών
622 2807 645 2856 ἢ
674 2810 816 2856 ἔλαφον
842 2809 982 2856 κεραὸν
1006 2824 1030 2855 η
1057 2807 1189 2855 ἄγριον
1216 2808 1306 2856 αἶγα
1332 2811 1417 2846 add.
1439 2810 1478 2845 D
1497 2811 1508 2857 ΙΙ
1539 2815 1583 2845 10
1608 2810 1778 2856 arrigant

67 2856 175 2894 iubar
199 2859 245 2894 H
258 2859 270 2906 ss
303 2862 345 2894 12
372 2870 395 2894 a
420 2870 486 2896 om.
513 2858 602 2894 LH
615 2860 627 2905 ΙΙ
652 2858 741 2905 qua]
769 2858 858 2903 quia
882 2858 916 2892 L
935 2859 947 2904 11
979 2861 1022 2893 13
1047 2858 1145 2894 lavis
1172 2859 1354 2894 Horatius
1372 2859 1384 2904 ΙΙ
1402 2869 1563 2903 namque
1588 2857 1628 2892 F
1644 2859 1656 2904 ll
1675 2858 1775 2893 malo

68 2905 103 2939 L
121 2906 134 2952 u
154 2910 198 2940 14
221 2906 320 2942 tauit
344 2907 384 2941 F
399 2907 412 2952 ss
439 2910 483 2942 15
508 2906 619 2953 lavis]
646 2906 728 2941 laus
753 2905 794 2940 F
810 2906 822 2952 ΙΙ
841 2906 890 2941 ad
914 2916 1050 2940 Amicum
1075 2905 1174 2952 (729)
1199 2917 1226 2942 s.
1252 2917 1285 2941 v.
1312 2907 1465 2951 argutus
1490 2905 1601 2941 uelox
1626 2905 1776 2951 expedi-

69 2953 140 2996 tus,
167 2954 216 2989 ad
239 2965 357 2989 ArnAM
375 2955 474 3001 (730)
500 2966 527 2990 s.
547 2966 580 2991 v.
607 2952 807 2989 contritam
833 2953 900 2988 aut
925 2952 1135 2998 squalidam
1161 2964 1289 2989 cruore
1312 2953 1346 2988 T
1362 2954 1374 2999 ss
1394 2957 1438 2988 16
1463 2953 1591 2999 valde]
1618 2952 1775 2988 nimium

70 2999 111 3034 F
134 3001 146 3046 11
185 3005 227 3037 19
254 3002 302 3037 ad
326 3002 531 3038 hortandos
558 3002 678 3037 socios
703 3012 769 3037 om.
796 3000 851 3044 F,
870 3011 942 3045 pro
966 3002 1024 3036 est
1047 3012 1133 3046 pars
1159 3002 1253 3037 idem
1277 3001 1419 3037 exhibet
1443 3001 1578 3036 certari
1609 3001 1622 3046 ΙΙ
1653 3001 1718 3036 aut
1742 3000 1777 3034 L

70 3047 185 3091 (haud
210 3049 236 3092 l)
274 3050 366 3085 haut
385 3050 430 3085 H
443 3052 456 3095 ss
473 3050 564 3085 uiris
584 3049 635 3084 M
648 3050 660 3095 11
685 3053 729 3083 21
756 3059 824 3093 per
849 3048 941 3083 duos
965 3048 1112 3093 scripsi:
1140 3049 1180 3084 et
1204 3049 1297 3083 duos
1317 3047 1364 3083 F.
1402 3044 1549 3093 ἠθικῶς
1574 3047 1621 3083 F.
1636 3048 1775 3083 8οῆοεῖ-

70 3094 151 3129 lius.
183 3097 305 3140 possis
329 3100 362 3132 et
385 3108 479 3133 unus
506 3108 634 3133 sensus
661 3098 720 3131 est
745 3095 810 3131 sed
836 3095 928 3131 duos
954 3095 1088 3131 extulit
1104 3097 1118 3142 Ι]
1137 3097 1186 3131 ad
1211 3107 1351 3130 CAEGVM
1369 3108 1403 3130 n.
1424 3106 1451 3130 s.
1471 3107 1504 3132 v.
1530 3095 1568 3130 id
1594 3096 1653 3130 est
1677 3094 1777 3139 quod

70 3152 239 3177 auersum
262 3143 431 3190 infigitur
459 3145 492 3180 Τ
520 3146 532 3192 ss
563 3149 607 3180 22
634 3144 791 3179 aduerso
813 3142 854 3178 F
880 3143 892 3189 ΙΙ
923 3145 967 3178 25
992 3144 1036 3179 ut
1060 3143 1110 3178 sit
1134 3142 1217 3179 aliis
1240 3143 1463 3179 Maevieius:
1489 3144 1532 3178 ut
1557 3142 1611 3177 ait
1636 3141 1723 3177 allss
1740 3141 1780 3175 F

70 3189 113 3271 ff
122 3189 278 3272 SaiJAEall*
296 3191 434 3228 Daniel
452 3194 464 3239 ΙΙ
483 3193 557 3228 aud
581 3192 622 3227 F
637 3193 649 3239 ΙΙ
668 3196 711 3227 27
740 3191 850 3227 deum
873 3190 938 3226 ille
964 3190 1077 3234 HM,
1101 3191 1167 3226 ille
1193 3201 1258 3226 om.
1281 3190 1316 3225 L
1343 3191 1443 3236 (add.
1465 3191 1490 3235 l)
1509 3192 1521 3236 ΙΙ
1548 3194 1592 3224 28
1618 3188 1776 3234 apollini

116 3237 145 3272 st
227 3239 333 3283 (corr.
352 3241 390 3284 a)
1321 3272 1326 3277 .
