2092 3614
525 247 676 287 COMM.
703 247 756 285 IN
781 248 924 285 VERG.
952 244 1063 284 AEN.
1090 248 1124 283 X
1149 250 1349 283 235—256.
1706 245 1794 287 419

203 360 305 404 248.
356 377 462 403 oczoze
481 377 533 403 ET
548 377 688 403 mono
718 359 887 402 breviter
919 359 1048 401 tribus
1079 358 1348 412 comparavit,
1379 357 1575 411 quoniam
1606 359 1646 398 et
1672 357 1795 411 sayz‘t-

85 436 170 475 tam
201 433 331 475 ventis
361 432 560 486 aequavit.

204 504 303 546 249.
353 515 467 545 INDE
493 515 636 545 ALIAE
663 513 907 544 CELERANT
934 518 1081 544 evasus
1109 500 1182 542 hoe
1206 504 1281 555 est,
1313 500 1549 542 inde-aliae
1576 499 1796 555 nymphae

84 576 269 618 aliarum
299 575 474 617 navium
507 589 657 616 cursus
684 573 910 616 celeriores
937 572 1147 624 efficiunt,
1181 572 1292 613 sicut
1322 571 1484 614 fecerat
1512 570 1796 626 Cymodocea.

85 661 142 689 an
175 645 325 688 ‘aliae’
357 645 511 688 naves?
631 656 808 688 INSCIVS
840 645 887 686 id
915 647 974 686 est
1002 658 1143 685 rerum
1178 657 1284 698 quas
1317 643 1530 698 audierat3
1571 658 1673 685 nam
1705 658 1796 685 cre·
1822 649 1843 681 5

86 718 185 760 dere
218 732 268 759 ex
301 720 450 772 aperto
482 731 569 759 non
600 719 787 771 poterat.

205 789 304 831 250.
356 800 502 831 ΟΜΙΝΕ
536 788 717 844 augurio
749 787 987 842 promissae
1019 786 1239 829 victoriae.

205 860 305 903 251.
354 876 531 903 eoNVEXA
568 859 633 901 hie
672 858 889 902 ‘convexa’
928 858 1128 913 epitheton
1165 861 1238 911 est,
1275 858 1384 911 quia,
1412 858 1474 899 ait
1505 857 1673 911 ‘supera
1709 871 1798 900 eon-

86 931 233 975 veoea':
264 931 366 974 alibi
396 931 528 974 solum
561 929 779 973 ‘convexa'
806 931 1040 985 principale
1069 933 1137 972 est.

205 1003 307 1045 5252.
356 1014 484 1044 ALMA
511 1014 687 1045 PARENS
714 1013 861 1044 IDAEA
886 1014 1016 1044 DEVM
1048 1002 1162 1043 alma
1192 1001 1366 1056 proprie
1399 1003 1466 1043 est
1496 1001 1627 1043 tellus
1660 1001 1714 1043 ab
1749 1015 1798 1042 eo
1827 1007 1870 1039 10

88 1075 199 1130 quod
231 1089 310 1117 nos
345 1074 453 1129 alat,
493 1074 679 1125 abusive,
709 1076 856 1115 tamen
888 1073 1020 1115 etiam
1053 1073 1148 1115 aliis
1181 1073 1430 1115 numinibus
1462 1073 1545 1115 hoc
1577 1072 1799 1128 epitheton

87 1146 226 1187 datur.
286 1148 449 1187 terram
488 1147 633 1187 autem
670 1146 806 1199 ipsam
847 1147 1019 1187 constat
1058 1159 1151 1186 esse
1190 1146 1372 1186 matrem
1418 1143 1563 1186 deum:
1607 1143 1718 1186 unde
1757 1146 1800 1185 et

89 1217 366 1259 simulacrum
402 1217 491 1258 eius
518 1231 613 1259 cum
641 1217 752 1259 clavi
777 1216 991 1272 pingitur3
1022 1231 1124 1258 nam
1157 1218 1274 1258 terra
1307 1216 1499 1271 aperitur
1526 1230 1677 1266 verno,
1708 1215 1798 1257 hic-

88 1288 194 1330 mali
225 1288 437 1330 clauditur
469 1291 677 1343 tempore.
798 1299 1017 1330 DINDYMA
1051 1302 1171 1329 mons
1204 1287 1437 1343 Phrygiae.

208 1359 307 1402 253.
356 1370 750 1410 TVRR1GERAEQVE
777 1370 926 1401 VRBES
953 1358 1154 1418 civitates
1180 1360 1379 1414 turritae,
1411 1373 1515 1412 quas
1541 1362 1650 1401 terra
1672 1359 1798 1413 yerit;
1828 1364 1869 1395 15

87 1430 200 1473 unde
242 1433 286 1473 et
326 1446 422 1474 cum
460 1446 619 1473 corona
662 1431 821 1473 turrita
865 1420 1004 1472 mater
1045 1430 1242 1486 pingitur
1284 1430 1423 1472 deum.
1544 1442 1608 1472 AD
1647 1442 1800 1472 FRENA

88 1513 270 1545 LEONES
314 1503 402 1545 ideo
446 1502 528 1556 hoc
571 1502 766 1558 fingitur,
812 1502 927 1558 quod
968 1502 1108 1544 omnis
1149 1501 1302 1543 feritas
1344 1503 1567 1544 maternae
1607 1501 1800 1543 subiacet

87 1573 319 1617 adfectioni
361 1576 404 1616 et
442 1574 673 1629 subiugata
712 1576 787 1616 est.
848 1574 1023 1628 fiyurate
1053 1576 1191 1615 autem
1228 1572 1381 1616 ‘leones
1411 1574 1468 1615 ad
1500 1573 1623 1626 frena
1652 1572 1800 1628 cordi',

88 1646 133 1688 id
162 1649 220 1688 est
245 1646 404 1699 frenati
428 1646 576 1688 leones.

207 1717 307 1760 254.
356 1728 649 1768 PROPINQVES
676 1717 891 1760 familiare
912 1717 1087 1773 efficias,
1106 1731 1331 1772 prosperas,
1357 1720 1550 1772 matures,
1567 1717 1799 1771 propitium
1825 1721 1871 1754 20

85 1788 239 1844 facias,
270 1790 320 1831 ut
351 1787 401 1843 <1
432 1788 548 1844 526>
581 1791 631 1830 et
661 1789 874 1844 propius
906 1803 985 1830 res
1019 1790 1192 1844 aspice
1224 1791 1444 1831 nostras.

207 1860 307 1902 255.
356 1871 711 1910 PHRYGIBVSQVE
745 1871 876 1903 Ansls
910 1874 959 1902 ac
992 1860 1029 1902 si
1062 1860 1238 1912 diceret,
1271 1862 1314 1902 et
1345 1860 1583 1903 cultoribus
1616 1860 1714 1902 tuis.

208 1931 308 1974 256.
358 1943 548 1975 TANTVM
579 1943 791 1974 EFFATVS
829 1931 1034 1987 breviter,
1072 1935 1121 1973 ut
1160 1946 1289 1987 supra
1322 1932 1467 1986 <251>
1500 1931 1579 1985 ait,
1620 1933 1799 1986 propter

88 2003 227 2045 lucem
258 2003 347 2045 iam
378 2006 611 2058 maturam,
643 2003 687 2045 id
719 2005 785 2044 est
810 2003 999 2058 plenam3
1033 2018 1134 2046 nam
1160 2017 1249 2045 non
1274 2003 1589 2058 crepusculum,
1621 2003 1695 2045 sed
1726 2003 1800 2044 lux

88 2074 175 2116 iam
215 2077 386 2116 matura
426 2074 696 2117 describitur.
822 2072 1070 2117 RE'VOLVTA
1107 2075 1153 2117 id
1188 2077 1246 2117 est
1283 2073 1450 2129 aperta,
1495 2074 1607 2116 sicut
1650 2077 1800 2117 contra
1825 2078 1870 2110 25

89 2145 332 2188 involutum
372 2145 555 2188 dicimus
594 2160 686 2188 esse
725 2145 839 2200 quod
878 2146 1071 2188 clausum
1112 2148 1188 2188 est.
1309 2157 1492 2188 RVEBAT
1518 2148 1679 2188 ⁴autem
1716 2160 1799 2187 non

88 2217 306 2272 occidebat,
348 2217 420 2258 sed
458 2216 695 2270 oriebatur,
738 2230 829 2258 eum
869 2218 1023 2270 impetu
1063 2217 1260 2269 veniebat,
1303 2218 1403 2270 quia
1434 2231 1513 2271 per
1549 2217 1684 2259 orbem
1693 2230 1706 2258 .·
1750 2219 1799 2258 ut

89 2287 159 2341 <ΙΙ
190 2286 305 2342 250>
339 2290 388 2329 et
423 2288 529 2329 ruit
560 2287 758 2330 Oceano
799 2302 908 2330 nox.
970 2290 1021 2329 et-
1045 2290 1110 2330 est
1147 2288 1192 2330 in
1231 2302 1358 2331 sensu
1396 2288 1798 2343 hysteroproteron:

89 2358 207 2414 prius
240 2359 353 2401 enim
384 2373 469 2401 nox
500 2358 693 2415 fugatur,
730 2359 791 2401 sic
824 2359 914 2401 dies
946 2360 1095 2401 oritur.

187 2490 231 2522 10
256 2486 367 2523 Alma
392 2514 400 2523 .
423 2515 430 2522 .
452 2515 460 2523 .
486 2488 672 2535 tempore]
700 2499 814 2533 exscr.
841 2488 1027 2535 mythogr.
1054 2488 1106 2524 ΙΙΙ
1132 2493 1166 2534 2,
1192 2493 1213 2524 3

186 2610 207 2641 3
233 2606 306 2640 hoc
324 2607 382 2642 est
399 2606 555 2649 Daniel,
581 2608 639 2641 est
663 2617 730 2642 om.
746 2605 786 2641 F
801 2607 813 2653 ΙΙ
832 2610 854 2641 4
879 2606 1075 2642 celeriores
1102 2605 1285 2652 efficiunt]
1314 2606 1484 2642 efficiunt
1502 2606 1735 2642 contationes
1749 2607 1797 2650 F,

91 2653 286 2688 celeriores
312 2664 378 2689 om.
400 2653 443 2688 G.
488 2654 642 2696 fortasse
666 2655 707 2688 in
732 2655 926 2699 archetypo
951 2654 1026 2697 fuit
1051 2653 1218 2689 efficiunt
1244 2653 1433 2689 citatiores
1465 2655 1476 2700 ΙΙ
1501 2655 1534 2689 ’8
1561 2655 1610 2690 ad
1636 2666 1797 2690 couvnn

89 2711 117 2736 s.
143 2712 176 2736 v.
202 2710 370 2735 connexa
401 2701 467 2736 aut
497 2701 698 2745 aliquando
734 2705 792 2736 est
818 2699 986 2746 epiteton
1012 2702 1053 2736 ut
1077 2701 1115 2736 in
1141 2701 1210 2737 hoc
1236 2701 1320 2736 loco
1348 2704 1413 2736 aut
1437 2700 1644 2747 principale
1669 2703 1711 2736 ut
1736 2702 1796 2746 (cf.

90 2747 143 2783 IV
167 2752 248 2792 451,
276 2747 344 2783 VII
370 2749 453 2793 543)
484 2759 552 2793 per
584 2747 680 2783 caeli
711 2758 877 2783 conuexa
907 2748 940 2782 Τ
972 2749 983 2794 ΙΙ
1020 2747 1186 2793 epiteton
1213 2749 1247 2784 G
1284 2750 1296 2796 ΙΙ
1332 2749 1420 2794 quia
1445 2749 1602 2785 Daniel:
1629 2749 1694 2794 qui
1720 2749 1759 2783 F
1787 2750 1799 2795 Η

93 2799 137 2831 10
162 2795 278 2842 alma]
311 2796 403 2830 ordo
429 2796 485 2830 est
510 2794 611 2830 alma
636 2794 677 2829 F
701 2796 712 2841 ΙΙ
743 2795 934 2840 proprium
960 2795 1031 2830 AS
1062 2797 1073 2843 ΙΙ
1105 2800 1146 2831 11
1174 2798 1302 2832 tamen
1327 2807 1393 2832 om.
1421 2796 1469 2831 M
1477 2795 1516 2832 F
1543 2797 1556 2842 ΙΙ
1585 2796 1798 2832 numinibus

93 2843 143 2878 M
149 2842 202 2878 F:
222 2841 436 2878 nominibus
456 2843 587 2888 reliqui
605 2844 617 2889 ΙΙ
638 2845 681 2877 15
700 2846 782 2877 tera
794 2842 834 2877 1⁴¹
850 2844 862 2889 ΙΙ
885 2846 925 2878 16
944 2854 1028 2878 cum
1045 2844 1187 2880 ten-ata
1206 2854 1343 2880 corona
1362 2845 1482 2879 mater
1502 2844 1614 2879 deum
1632 2843 1800 2890 pingitur

93 2889 133 2924 F
147 2891 160 2938 ΙΙ
181 2894 223 2925 17
249 2890 334 2926 ideo
359 2891 441 2926 hab.
458 2891 506 2925 M
523 2890 535 2936 ΙΙ
554 2889 759 2935 maternae]
786 2890 824 2924 id
852 2893 909 2925 est
933 2892 1054 2926 terrac
1078 2902 1254 2937 superscr.
1281 2892 1324 2938 ΙΙΙ
1341 2891 1500 2927 subiecit
1526 2891 1598 2927 AS
1633 2891 1797 2928 subiace-

92 2938 151 2973 ret
175 2937 215 2972 F
230 2939 243 2983 ΙΙ
271 2941 315 2973 18
342 2941 380 2973 et
405 2937 605 2982 subiugata
630 2939 687 2972 est
711 2948 777 2972 om.
804 2937 872 2982 Fu
890 2938 939 2973 ad
963 2949 1010 2972 AD
1035 2952 1149 2974 ranna
1173 2950 1201 2974 s.
1227 2950 1258 2974 v.
1286 2938 1326 2974 id
1352 2941 1409 2974 est
1434 2939 1569 2974 frenati
1598 2939 1632 2973 T
1647 2940 1659 2985 ΙΙ
1679 2939 1797 2985 cordi]

92 2984 212 3031 biiugi
237 2986 375 3021 Daniel
404 2986 417 3030 ΙΙ
447 2989 493 3020 20
517 2984 718 3029 familiare]
742 2980 894 3019 facilius
921 2984 962 3019 F
986 2986 998 3032 ΙΙ
1030 2987 1079 3021 ad
1104 2999 1317 3027 PROPlNva-:s
1343 2997 1369 3022 s.
1397 2998 1429 3021 v.
1454 2986 1658 3031 propitium
1683 2986 1799 3022 facies

93 3032 172 3077 (sic)
200 3034 362 3068 matures
391 3033 424 3067 Τ
441 3034 452 3079 ΙΙ
483 3034 648 3068 maturas
673 3031 713 3066 F
729 3033 740 3078 ΙΙ
771 3035 815 3066 23
843 3043 1002 3068 nnmrvn
1027 3033 1067 3068 F
1082 3034 1094 3080 ΙΙ
1125 3034 1193 3079 ait]
1222 3034 1316 3068 dixit
1342 3033 1381 3068 F
1403 3034 1415 3079 ΙΙ
1445 3036 1492 3068 24
1516 3033 1604 3079 non]
1631 3045 1700 3069 nec
1726 3033 1766 3068 F
1787 3034 1797 3079 J}

95 3077 217 3114 culum
244 3080 302 3124 (de
327 3080 624 3126 ‘crepusculum’i
652 3107 687 3115 ..
710 3107 717 3114 .
745 3080 846 3124 prius
872 3090 939 3115 om.
965 3080 1011 3114 H
1042 3083 1054 3125 ΙΙ
1091 3085 1135 3116 25
1163 3082 1259 3116 sicut
1283 3092 1307 3116 e
1329 3080 1516 3116 contrario
1548 3082 1646 3126 quod
1678 3080 1797 3115 inuol-

93 3125 196 3161 uitur
219 3125 385 3162 clausum
413 3130 470 3163 est
494 3126 535 3162 F
550 3128 563 3174 [Ι
581 3130 626 3162 28
652 3128 710 3162 est
734 3129 860 3162 autem
884 3126 925 3161 in
950 3139 1059 3163 sensu
1083 3128 1412 3174 ysteronproteron
1438 3129 1525 3163 ante
1552 3127 1650 3163 enim
1676 3128 1734 3162 est
1757 3131 1800 3162 ut

94 3183 167 3207 nox
196 3173 346 3219 fugetur
376 3175 415 3210 et
445 3174 498 3210 sio
526 3174 592 3209 lux
621 3174 801 3210 aduentet
831 3174 966 3209 natura
999 3174 1048 3209 F.
1084 3176 1234 3219 (natura
1265 3176 1409 3210 videtur
1440 3187 1484 3210 ex
1516 3176 1675 3210 lemmate
1705 3176 1798 3210 inse-

94 3221 235 3265 quentis
258 3222 384 3257 scholii
405 3233 473 3267 per
498 3233 652 3257 errorem
676 3225 807 3258 zterato
832 3225 952 3257 ortum
975 3233 1057 3258 esse.
1095 3225 1250 3258 naturae
1276 3223 1368 3258 coni.
1398 3222 1444 3257 F.
1466 3223 1677 3267 Schoezlins)

167 3285 266 3313 Servii
285 3293 392 3313 comm.
412 3287 484 3313 Vol.
502 3287 545 3313 11.
566 3288 655 3313 Fasc.
675 3288 718 3313 ΙΙ.
1456 3284 1512 3329 ε28
