2124 3600
317 1016 359 1047 10

317 1375 359 1406 15

314 1732 359 1764 20

312 2090 359 2122 25

388 255 473 296 154
1162 254 1324 290 SERVII

386 363 550 419 cordia,
581 378 691 419 quae
723 358 826 406 sunt
854 364 950 406 loca
981 365 1098 407 cordi
1132 364 1291 418 vicina,
1323 363 1478 419 quibus
1512 378 1662 406 sensus
1694 364 1940 419 percipitur.
2003 362 2091 405 ‘an—

386 434 535 491 guem'
569 437 715 478 autem
747 435 895 478 iniecit
926 437 1097 490 partem
1131 435 1215 490 sui,
1247 434 1291 475 id
1323 436 1390 476 est
1420 435 1588 477 furoris.

506 507 604 550 349.
654 518 797 549 LEVIA
827 506 1020 562 pulchra.

505 579 604 622 350.
654 590 869 621 ATTAoTv
906 589 1062 621 NVLLo
1101 578 1192 620 sine
1232 592 1395 633 morsu,
1438 578 1528 620 sine
1567 593 1706 620 sensu.
1785 615 1789 618 .
1827 589 2092 629 FALLITQVE

387 662 642 692 FVRENTEM
674 649 798 692 inicit
829 650 1018 691 furorem
1051 650 1143 691 sine
1177 649 1425 705 accipientis
1458 664 1596 692 sensu.
1656 649 1912 691 ‘furentem’
1952 652 2095 692 autem

386 724 436 764 ut
467 721 610 764 furore
642 724 857 775 teneatur3
889 736 989 763 nam
1020 721 1212 764 nondum
1245 721 1428 763 furebat.

505 793 604 835 352.
655 804 830 834 ΤΑΕΝΙΑ
862 804 1035 834 vlTTAE
1068 793 1213 835 taenia
1246 794 1312 834 est
1343 793 1550 835 vittarum
1583 793 1844 835 extremitas.

505 865 604 907 354.
655 876 750 907 VDO
772 875 1003 907 SVBLAPSA
1024 875 1217 907 VENENO
1243 863 1479 920 hypallage
1505 864 1548 905 in
1576 879 1722 906 sensu:
1750 879 1960 906 venenum
1981 863 2094 906 enim

386 935 516 977 udum
548 936 673 990 dixit,
706 935 819 991 quod
852 938 919 977 est
949 935 1000 977 de
1032 935 1116 977 udo
1149 949 1345 990 corpore3
1386 950 1569 990 namque
1602 938 1849 991 serpentum
1882 935 1966 978 uda
1997 937 2097 977 sunt

386 1021 585 1063 corpora,
618 1007 724 1049 adeo
758 1010 807 1048 ut
838 1022 923 1061 qua
954 1009 1075 1061 eunt,
1107 1006 1223 1049 viam
1255 1021 1403 1049 umore
1435 1006 1674 1063 designent.

505 1077 602 1119 357.
654 1089 819 1120 somro
839 1089 1035 1120 MATRVM
1056 1090 1117 1120 DE
1137 1089 1266 1120 noan
1288 1089 1474 1120 Locv'rA
1494 1089 1579 1120 Es'r
1612 1079 1802 1121 nondum
1835 1079 1887 1120 ad
1920 1078 2095 1133 plenum

387 1149 574 1203 furebat3
600 1149 712 1191 unde
738 1163 814 1204 per
840 1148 1091 1190 muliebrem
1120 1148 1385 1190 iracundiam
1412 1149 1549 1191 mixta
1570 1150 1802 1204 asperitate
1827 1149 2096 1204 loquebatur,

386 1235 486 1262 nam
507 1220 589 1262 hoc
610 1224 677 1262 est
697 1219 901 1262 ‘matrum
921 1220 971 1262 de
993 1218 1139 1262 more'.
1183 1234 1284 1261 nam
1310 1220 1441 1275 paulo
1463 1222 1563 1275 post
1582 1235 1682 1263 vero
1703 1222 1848 1263 furore
1868 1221 2094 1276 quatietur.

505 1292 603 1334 359.
654 1303 948 1334 EXVLIBVSNE
975 1302 1133 1332 DATVR
1158 1292 1335 1346 propter
1361 1291 1673 1334 dissuasionem
1701 1292 1869 1348 signate
1894 1292 2095 1348 loquitur,

386 1365 530 1406 exules
571 1366 729 1406 vocans
768 1378 840 1405 eos
879 1363 951 1418 qui
990 1362 1164 1418 propria
1203 1376 1337 1418 regna
1373 1364 1638 1418 repetebant.
1760 1375 1982 1409 DVCENDA
2022 1364 2094 1405 ab·

386 1435 590 1478 ducenda.
611 1459 619 1466 ·
1910 1448 1913 1449 ⁷

506 1508 823 1550 362si³1zA1cno
844 1507 965 1562 qua-si
988 1507 1176 1561 piratam
1197 1506 1303 1548 dicit
1323 1506 1540 1548 hominem
1561 1506 1631 1548 diu
1652 1506 1696 1548 in
1711 1506 1820 1548 mari
1840 1508 2094 1549 morantem.

504 1579 602 1621 363.
646 1590 707 1621 AT
747 1581 842 1621 NON
877 1589 947 1620 SIC
978 1588 1211 1620 PHRYGIVS
1248 1577 1408 1632 legitur
1446 1579 1489 1619 et
1527 1576 1605 1619 ‘an
1636 1591 1724 1619 non
1756 1576 1857 1634 sic'3
1903 1577 1975 1619 sed
2013 1577 2095 1619 hoc

386 1651 632 1692 absolutum
670 1653 748 1693 est.
810 1649 846 1691 si
884 1651 1027 1691 autem
1066 1648 1153 1691 eat'
1192 1648 1369 1705 legeris,
1409 1648 1629 1703 inceptiva
1665 1649 1879 1703 particula
1918 1650 2003 1704 est,
2042 1648 2095 1690 ad

385 1723 587 1764 ornatum
632 1722 772 1764 solum
813 1721 1053 1776 pertinens:
1103 1719 1312 1763 Horatius
1352 1722 1404 1762 at
1442 1735 1467 1762 o
1506 1720 1714 1762 deorum
1758 1719 1999 1775 quicquid
2042 1719 2094 1762 in

385 1793 527 1835 caelo
559 1793 696 1849 regit
725 1795 894 1835 terras
928 1794 978 1834 et
1007 1792 1282 1834 humanum
1314 1805 1486 1847 genus.

504 1865 603 1907 366.
630 1856 632 1859 ’
657 1877 770 1916 Qvln
816 1875 1182 1907 CONSANGVINEO
1233 1863 1350 1906 filius
1398 1863 1507 1905 enim
1556 1865 1622 1905 est
1666 1862 1883 1919 Veniliae‚
1933 1863 2092 1906 sororis

385 1934 583 1978 Amatae.

503 2008 601 2050 367.
653 2019 694 2050 SI
727 2018 880 2050 GENER
911 2018 1127 2049 EXTERNA
1161 2017 1363 2049 Pn'rirvn
1394 2017 1457 2048 DE
1491 2017 1649 2048 GENTE
1681 2017 1864 2049 LArmls
1904 2005 1955 2048 de
1993 2021 2094 2062 qua-

384 2079 509 2122 litate
540 2079 700 2122 transit
732 2079 786 2122 ad
818 2079 965 2136 finem3
1007 2094 1107 2122 nam
1140 2078 1335 2121 Turnum
1367 2080 1616 2120 extraneum
1655 2092 1747 2120 esse
1785 2078 1959 2121 definire
1997 2092 2091 2121 con-

383 2151 524 2193 tendit
566 2165 642 2206 per
686 2150 890 2193 callidam
936 2149 1375 2206 argumentationem,
1418 2149 1562 2191 dicens
1605 2164 1702 2191 eum
1743 2164 1831 2192 non
1871 2149 2092 2192 subiacere

383 2223 565 2278 imperio
597 2221 763 2277 Latini,
805 2237 900 2265 cum
940 2222 1164 2265 oraculum
1196 2221 1247 2263 de
1277 2220 1446 2263 Latinis
1478 2221 1678 2263 omnibus
1710 2221 1883 2263 caverit.
1938 2223 2093 2275 postea

481 2355 499 2386 7
526 2350 653 2386 taenia
679 2379 687 2388 .
707 2379 714 2386 .
739 2380 746 2386 .
774 2350 1005 2398 extremitas]
1034 2361 1148 2386 exscr.
1175 2349 1260 2386 Isid.
1290 2349 1374 2384 XIX
1394 2354 1451 2395 31,
1473 2351 1524 2396 611
1544 2354 1589 2385 20
1613 2348 1808 2395 Horatius]
1836 2349 1940 2395 epod.
1969 2352 2002 2393 53
2025 2353 2040 2384 1

480 2473 498 2505 1
520 2469 694 2505 concordi
713 2469 754 2504 F
769 2471 781 2516 ΙΙ
799 2468 1004 2515 precipitur
1023 2469 1058 2503 L
1077 2470 1182 2514 (corr.
1198 2470 1224 2513 l)
1243 2470 1255 2515 ΙΙ
1274 2472 1296 2504 4
1314 2480 1475 2504 Anucrv
1494 2468 1584 2503 AH
1589 2468 1638 2502 M
1654 2469 1666 2514 ΙΙ
1686 2467 1764 2503 sine
1786 2479 1895 2503 sensu
1914 2478 1979 2503 om.
1995 2467 2091 2512 LH,

382 2518 536 2563 fortasse
554 2520 654 2552 recte.
682 2518 782 2562 (add.
803 2518 829 2563 l)
848 2519 860 2563 ΙΙ
879 2521 899 2553 5
926 2528 1076 2553 sensum
1097 2516 1138 2551 F
1152 2518 1164 2563 ΙΙ
1183 2517 1306 2552 autem
1335 2527 1400 2552 om.
1422 2516 1459 2551 R
1477 2517 1488 2562 ss
1509 2521 1529 2552 6
1555 2526 1642 2551 nam
1669 2526 1734 2552 om.
1756 2515 1872 2551 ASR
1898 2515 1997 2560 (add.
2024 2517 2060 2557 a)
2080 2515 2090 2559 Η

383 2565 533 2601 furabat
556 2564 598 2605 R¹
611 2566 624 2610 11
654 2568 673 2600 7
701 2576 807 2600 'raum
826 2565 919 2600 LM
954 2576 1067 2600 'rmum
1093 2564 1130 2600 R
1149 2566 1160 2611 ΙΙ
1178 2565 1282 2600 tenia
1305 2563 1434 2599 RLH
1440 2564 1487 2599 M
1505 2565 1517 2609 ΙΙ
1536 2563 1754 2599 extremitas
1779 2562 2057 2598 uittarum·AS
2079 2561 2091 2608 ΙΙ

383 2618 404 2649 8
430 2612 659 2658 hypallagen
685 2623 794 2648 sensu
814 2612 850 2648 R
886 2612 1048 2658 ypalage
1074 2623 1203 2647 sensus
1224 2611 1265 2647 F
1279 2613 1292 2658 ΙΙ
1311 2623 1494 2647 venenum
1517 2639 1523 2646 .
1547 2640 1554 2648 .
1576 2637 1584 2645 .
1609 2610 1720 2657 dixit]
1748 2620 1891 2645 ueneno
1916 2610 1990 2645 udo
2009 2610 2095 2644 LH

382 2660 394 2707 Η
421 2663 464 2696 10
489 2671 564 2704 qua
589 2661 678 2695 eunt
702 2660 747 2695 H
751 2661 802 2695 M
807 2686 816 2706 :
843 2671 989 2705 quaque
1016 2661 1106 2695 eunt
1130 2659 1223 2695 ΑΒΖ
1261 2660 1402 2705 queunt
1427 2658 1513 2694 RF
1548 2670 1621 2704 quo
1648 2659 1737 2694 eunt
1762 2657 1797 2692 L
1821 2659 1833 2703 ΙΙ
1861 2668 2026 2693 umorem
2051 2657 2095 2692 H

1389 2727 1408 2744 V

382 2755 576 2790 humorem
602 2755 642 2790 F
675 2757 686 2800 ΙΙ
726 2759 768 2790 11
795 2755 959 2790 nondum
986 2782 993 2790 .
1015 2783 1022 2790 .
1047 2783 1054 2791 .
1083 2754 1129 2790 de
1154 2755 1272 2801 more]
1305 2754 1533 2790 ira-condiam
1567 2764 1654 2789 nam
1679 2753 1750 2788 hoe
1777 2753 1833 2787 est
1856 2752 2019 2787 matrum
2045 2751 2090 2787 de

383 2813 485 2838 more
511 2801 630 2838 mixta
655 2802 856 2848 asperitate
882 2802 1104 2847 loquebatur
1122 2802 1211 2837 LH
1242 2813 1332 2838 nam
1358 2802 1427 2836 hoc
1453 2802 1511 2837 est
1535 2801 1581 2836 de
1607 2801 1771 2836 matrum
1795 2810 1896 2835 more
1921 2799 2089 2834 nondum

383 2850 431 2887 ad
457 2850 608 2896 plenum
630 2878 637 2886 .
654 2879 661 2886 .
678 2878 685 2885 .
706 2850 929 2895 loquebatur
949 2849 1027 2894 ΜἸΙ
1049 2852 1091 2883 12
1117 2849 1265 2885 furabat
1290 2849 1327 2885 R
1346 2850 1358 2895 ΙΙ
1377 2848 1571 2884 mulierem
1589 2848 1626 2883 R
1646 2849 1657 2894 ΙΙ
1676 2846 1830 2882 mixtam
1857 2846 1886 2882 S
1902 2847 1915 2893 11
1936 2850 1979 2882 13
2003 2857 2090 2881 nam

383 2909 450 2934 om.
476 2897 550 2932 AS
579 2898 591 2944 ΙΙ
622 2898 734 2942 paulo
759 2898 847 2943 post
871 2895 971 2932 enim
996 2896 1032 2931 R
1062 2898 1075 2941 ΙΙ
1104 2908 1193 2932 vero
1218 2907 1285 2933 om.
1311 2896 1351 2932 F
1376 2898 1388 2942 ΙΙ
1421 2900 1465 2931 14-
1491 2896 1741 2931 dissuasiones
1766 2894 1802 2929 R
1833 2895 1844 2940 ΙΙ
1875 2894 1983 2939 signa
2007 2893 2053 2928 H
2078 2893 2083 2986 Ι

386 2948 429 2980 15
456 2945 602 2980 exsules
627 2945 715 2980 LH
748 2945 876 2980 exulos
901 2943 942 2979 F
957 2945 969 2990 ΙΙ
987 2954 1103 2988 regna
1128 2954 1193 2980 om.
1214 2944 1249 2978 L
1274 2945 1372 2989 (add.
1402 2945 1426 2989 l)
1448 2945 1459 2990 ΙΙ
1481 2948 1522 2979 17
1550 2943 1629 2978 diui
1653 2953 1756 2977 mare
1781 2943 1989 2977 morantem
2016 2940 2058 2976 F

386 2996 429 3028 18
455 3004 502 3027 An
528 2992 573 3027 H
593 2993 604 3038 ΙΙ
632 2992 697 3038 sic]
724 2991 867 3038 frygius
893 2992 976 3028 add.
998 2990 1039 3026 F
1059 2992 1071 3037 ΙΙ
1101 2990 1163 3025 hic
1189 2991 1223 3025 L
1249 2992 1334 3035 (hoc
1360 2992 1385 3037 l)
1411 2992 1422 3037 ΙΙ
1457 2995 1498 3026 19
1525 2990 1574 3025 ad
1597 2990 1682 3024 AF
1704 2991 1716 3035 ΙΙ
1746 2988 1937 3032 inceptiua
1962 2988 2003 3022 F
2035 2988 2089 3022 in—

384 3038 558 3086 coeptiua
581 3039 636 3074 R:
663 3039 878 3085 copulatiua
902 3039 1044 3084 reliqui.
1083 3038 1128 3081 cf.
1155 3037 1252 3073 Serv.
1280 3039 1329 3074 ad
1354 3040 1445 3073 Aen.
1472 3038 1505 3073 X
1530 3041 1598 3072 411
1624 3038 1636 3083 ΙΙ
1667 3040 1712 3071 20
1739 3035 1787 3071 ad
1812 3034 1853 3070 F
1868 3036 1880 3081 ΙΙ
1908 3035 2088 3079 quidquid

384 3088 425 3123 F
440 3088 452 3134 ΙΙ
471 3091 516 3123 22
535 3086 637 3133 va]
659 3101 701 3121 Ετ
723 3086 763 3121 F
777 3089 790 3132 ΙΙ
808 3085 979 3122 uenialae
999 3086 1034 3121 A
1061 3087 1165 3130 (corr.
1186 3096 1282 3120 man.
1303 3086 1385 3130 rec.)
1406 3086 1418 3131 ss
1437 3089 1482 3120 23
1505 3086 1655 3120 amatae
1675 3082 1811 3118 sororis
1831 3082 1865 3116 L
1883 3083 1895 3128 ΙΙ
1915 3086 1959 3118 25
1984 3082 2087 3129 nam]

384 3146 471 3172 nam
496 3134 580 3170 uult
604 3134 689 3168 LH
703 3135 715 3179 ΙΙ
735 3134 928 3170 contendit
952 3145 1018 3169 om.
1038 3132 1121 3167 LH
1135 3133 1147 3177 ΙΙ
1167 3136 1210 3167 26
1238 3132 1428 3178 callidam]
1456 3132 1658 3167 factionem
1677 3129 1728 3165 M
1740 3131 1752 3175 ΙΙ
1772 3129 1898 3164 dicens
1924 3158 1931 3166 .
1953 3158 1962 3165 .
1984 3157 1991 3165 .
2018 3130 2088 3164 La-

384 3183 472 3229 tini]
499 3181 587 3227 quia
609 3181 768 3227 imperio
794 3181 903 3217 latini
927 3192 1002 3217 non
1027 3180 1217 3216 subiaceat
1235 3179 1336 3222 LH,
1361 3180 1438 3215 nisi
1461 3179 1558 3224 quod
1583 3178 1752 3213 subiacet
1776 3177 1819 3212 H
1835 3178 1847 3222 ΙΙ
1876 3181 1920 3212 27
1947 3176 2089 3213 canerit

387 3230 486 3266 LH:
513 3230 663 3266 caueret
687 3229 816 3264 ΑΒΜ
850 3230 1029 3264 cauerunt
1052 3228 1089 3264 R
1127 3228 1278 3263 cauerat
1302 3227 1343 3262 F
