2092 3614
503 228 655 267 GOMM.
680 229 733 265 IN
760 227 902 265 VERG.
928 226 1040 265 AEN.
1068 227 1136 263 VII
1163 230 1361 263 518—-542,
1701 225 1786 267 165

74 358 99 385 a
130 342 361 399 dignitate,
393 343 441 384 ut
472 340 696 382 ‘natorum
723 337 879 395 Tyrrhi
912 337 1056 380 fuerat
1087 337 1161 392 qui
1192 336 1407 379 maximus
1434 334 1604 391 Almo'3
1637 351 1662 378 a
1692 334 1785 378 vul-

74 414 191 457 neris
223 413 353 456 etiam
386 412 641 456 crudelitate
673 425 769 454 cum
802 409 911 452 dixit
942 408 1106 451 ‘haesit
1137 408 1217 451 sub
1250 409 1425 463 gutture
1457 407 1648 453 vulnus'.

193 485 292 529 532.
342 496 471 528 ALMO
503 484 612 526 bene
644 482 794 525 rustici
826 496 986 524 nomen
1019 480 1245 536 usurpavit
1276 495 1301 522 a
1333 480 1476 521 fluvio.

191 557 289 600 533.
339 567 508 599 HAEsrr
552 567 668 597 ENIM
709 565 793 597 svss
835 565 1051 596 evr‘rvnn
1090 563 1272 596 vvnnvs
1315 550 1359 593 id
1403 552 1470 593 est
1513 551 1694 607 sagitta,
1739 554 1788 593 ut

73 628 282 684 <11529>
315 628 462 670 illum
495 626 677 670 ardens
709 624 903 668 infesto
930 624 1143 667 vulnere
1168 622 1398 679 Pyrrhus
1431 623 1726 677 insequitur.

72 713 197 743 VDAE
225 712 361 744 VOCIS
393 711 502 742 ITER
532 698 615 741 hoc
648 699 714 739 est
746 695 898 738 ‘udum
923 696 1006 738 iter
1032 694 1190 750 vocis'3
1221 709 1311 737 non
1343 694 1458 737 enim
1486 708 1569 736 vox
1595 694 1679 736 uda
1706 697 1786 749 est,

74 772 147 815 sed
180 787 256 827 per
287 771 418 814 udam
450 769 707 813 arteriarum
738 767 901 809 labitur
932 766 1065 809 viam:
1097 765 1210 808 unde
1241 765 1287 808 in
1315 765 1604 808 febrientibus
1631 765 1786 808 deficit.

190 843 290 887 535.
340 853 555 886 CORPORA
586 852 744 883 MVLTA
776 850 923 882 VIRVM
956 850 1095 882 01RCA
1132 840 1358 881 constrata
1396 840 1508 880 sunt.
1564 840 1607 880 et
1643 837 1785 880 rheto-

74 915 161 957 rice
194 915 300 957 viles
332 913 470 956 trudit
499 913 545 955 in
577 911 783 967 medium,
820 910 989 953 nobiles
1029 925 1131 953 vero
1168 910 1309 965 primo
1342 913 1386 953 et
1416 909 1569 953 ultimo
1602 924 1785 953 comme-

72 989 215 1030 morat
248 987 355 1029 loco.

190 1057 289 1100 536.
339 1069 438 1099 DVM
482 1067 588 1099 PACI
631 1067 815 1098 Mnmvm
858 1048 913 1098 ‘sn
957 1065 1139 1098 ormam·
1189 1068 1290 1096 nam
1334 1053 1436 1109 quid
1481 1068 1611 1096 senex
1659 1052 1785 1096 bellis

70 1129 310 1172 intererat?

190 1201 289 1244 537.
339 1212 454 1244 OLIM
485 1211 745 1244 DITISSIMVS
778 1210 913 1242 ARVIS
946 1197 1181 1241 secundum
1214 1197 1439 1254 antiquum
1472 1212 1654 1241 morem:
1695 1196 1785 1240 Ho-

72 1273 207 1316 ratius
239 1272 384 1317 dives
418 1272 632 1328 antiquo
667 1285 831 1314 censu.

189 1345 288 1388 538.
339 1356 484 1397 QVINA
515 1346 754 1386 REDIB'ANT
785 1353 1006 1385 ARMENTA
1038 1356 1116 1397 pro
1150 1340 1397 1397 ‘quinque',
1429 1340 1541 1383 sicut
1573 1340 1731 1384 ‘bina’.

189 1417 288 1459 539.
337 1427 525 1459 TERRAM
558 1427 746 1459 CENTVM
778 1425 1026 1457 VERTEBAT
1058 1424 1254 1456 ARATms
1296 1413 1380 1455 duo
1420 1412 1529 1454 dixit
1561 1428 1586 1455 a
1618 1411 1784 1455 Catone

70 1489 331 1544 memorata,
370 1488 442 1543 qui
475 1488 768 1543 interrogatus
802 1485 874 1541 qui
908 1486 1021 1528 esset
1052 1484 1385 1540 paterfamilias,
1417 1483 1642 1540 respondit
1673 1498 1784 1540 eum,

73 1559 145 1615 qui
177 1559 287 1602 bene
317 1559 457 1615 pascit
489 1561 534 1602 et
563 1558 673 1601 bene
706 1560 812 1601 arat.

190 1631 290 1674 540.
340 1642 495 1683 AEQVO
527 1642 629 1674 DVM
661 1641 819 1672 MARTE
858 1630 1010 1684 aperta
1048 1628 1345 1683 contentione,
1385 1627 1499 1670 bello
1533 1627 1783 1682 manifesto3

71 1703 133 1745 sic
159 1702 273 1745 enim
299 1703 491 1745 dicimus.
541 1716 644 1744 nam
670 1699 838 1757 ‘aequo'
873 1699 1040 1755 aequali
1072 1713 1158 1742 non
1186 1713 1418 1755 possumus
1445 1699 1655 1755 accipere,
1687 1713 1783 1741 cum

71 1774 153 1816 soli
184 1774 436 1829 interempti
468 1774 556 1816 sint
586 1772 703 1815 Itali.

190 1845 289 1888 541.
338 1856 555 1888 PROMISSI
598 1856 691 1886 ΒΕΑ
736 1855 888 1887 FACTA
932 1854 1107 1886 Po'rENS
1152 1842 1335 1885 honesta
1378 1842 1561 1885 elocutio
1608 1841 1783 1898 ‘potens

70 1915 308 1972 promissi'.
368 1915 620 1971 promisisse
662 1917 804 1957 autem
846 1929 941 1957 eam
984 1929 1062 1970 per
1102 1914 1430 1957 consensionem
1471 1913 1782 1970 intellegimus:

70 2003 170 2031 nam
202 2003 291 2030 non
321 1987 532 2043 promisit.

193 2059 291 2103 542.
340 2070 502 2101 IMBVIT
534 2058 734 2101 initiavit.
791 2060 835 2100 et
865 2057 973 2100 bene
1006 2057 1279 2113 ‘sanguine'z
1309 2073 1412 2101 nam
1444 2059 1589 2113 potest
1619 2057 1781 2100 bellum

73 2134 116 2174 et
148 2147 173 2174 a
205 2130 421 2173 discordia
452 2131 519 2173 vel
552 2145 578 2173 a
609 2129 874 2173 dissensione
906 2129 1122 2173 inchoare.
1247 2135 1251 2139 ’

168 2253 210 2283 13
238 2248 431 2294 Horatius]
459 2248 529 2285 sat.
555 2248 588 2283 11
614 2252 648 2294 3,
676 2250 743 2284 168
774 2249 787 2294 ΙΙ
818 2250 863 2283 25
889 2260 1012 2283 nsmvrr
1038 2246 1222 2294 initiavit]
1249 2247 1295 2283 cf.
1322 2247 1418 2284 Non.
1444 2259 1480 2292 p.
1507 2250 1588 2290 324,
1615 2251 1661 2283 20

165 2359 186 2391 2
213 2366 297 2391 cum
395 2356 530 2391 vulnus
552 2355 601 2390 M
607 2356 635 2399 l,
662 2366 728 2391 om.
748 2355 881 2400 reliqui
898 2356 910 2401 ΙΙ
935 2355 1103 2401 gutture]
1131 2356 1280 2400 pectore
1301 2355 1350 2390 M
1353 2356 1374 2391 l.
1415 2358 1568 2390 ceterum
1586 2354 1637 2390 ad
1655 2354 1783 2389 movet

70 2404 195 2439 autem
221 2414 248 2438 e.
269 2415 300 2448 q.
320 2415 347 2439 8.
386 2404 433 2447 cf.
457 2403 538 2439 Tib.
559 2403 702 2439 Donati
727 2403 834 2438 adh.
855 2414 886 2438 v.
907 2403 1082 2438 scholium
1100 2403 1111 2449 ΙΙ
1131 2407 1151 2437 3
1172 2414 1288 2438 Annos
1309 2403 1382 2438 AS
1399 2404 1411 2448 ΙΙ
1431 2414 1475 2438 ex
1500 2401 1614 2436 fluuio
1634 2402 1755 2437 ΑΒΕ
1770 2402 1781 2446 ΕΙ

69 2454 91 2486 4
115 2463 242 2486 mesu·
266 2451 340 2486 fixa
364 2453 421 2486 est
445 2451 544 2486 enim
570 2462 596 2486 s,
624 2462 659 2496 g.
686 2450 820 2485 uulnus
846 2450 885 2485 id
912 2451 970 2485 est
994 2449 1137 2493 sagitta
1163 2451 1213 2485 M
1241 2451 1252 2497 ΙΙ
1283 2450 1323 2485 id
1348 2453 1405 2486 est
1430 2461 1495 2485 om.
1523 2449 1568 2484 H
1595 2451 1607 2496 ΙΙ
1639 2453 1660 2485 5
1686 2449 1782 2484 illud

70 2498 218 2534 ASMz
236 2499 248 2545 ΙΙ
273 2498 407 2534 ardens
433 2509 499 2534 om.
526 2498 612 2533 LH
633 2498 733 2543 (add.
761 2499 786 2542 l)
812 2499 823 2544 ΙΙ
857 2502 877 2533 6
902 2510 995 2533 vum-2
1022 2497 1096 2544 ΜΙΙ
1121 2498 1192 2533 hoc
1219 2500 1275 2533 est
1301 2525 1308 2532 .
1331 2524 1338 2532 .
1361 2524 1370 2532 .
1396 2497 1498 2532 vocis
1523 2508 1589 2532 om.
1616 2497 1703 2532 LH
1725 2498 1782 2542 (in

70 2557 183 2591 mary.
209 2546 294 2582 add.
321 2546 363 2593 ΖΙΙ
382 2545 422 2581 id
447 2546 504 2581 est
529 2545 579 2580 M
593 2547 604 2592 ΙΙ
623 2544 712 2592 iter]
740 2547 782 2580 ut
806 2545 847 2580 F
862 2546 874 2591 ΙΙ
895 2550 913 2581 7
940 2545 1004 2580 sed
1030 2573 1038 2580 .
1061 2572 1068 2581 .
1091 2572 1098 2579 .
1126 2545 1242 2592 viam]
1270 2546 1334 2581 sed
1359 2557 1426 2591 per
1450 2545 1564 2580 udum
1590 2544 1663 2580 iter
1688 2544 1779 2579 labi-

69 2596 130 2629 tur
156 2594 205 2628 M
221 2594 233 2640 ΙΙ
263 2594 520 2629 marteriarum
547 2593 588 2628 F
610 2594 622 2639 ΙΙ
650 2592 950 2628 febricitantibus
975 2592 1012 2628 R
1037 2593 1050 2638 ΙΙ
1080 2595 1102 2628 8
1128 2595 1301 2628 constata
1322 2594 1360 2627 Α
1388 2594 1594 2638 (constrata
1618 2593 1655 2635 a)
1694 2602 1780 2627 con-

70 2642 188 2684 strata
214 2641 242 2676 S
279 2642 396 2676 strata
421 2641 469 2684 R,
494 2641 648 2684 fortasse
671 2642 793 2686 recten
813 2642 852 2676 et
876 2651 941 2676 om.
963 2640 1051 2675 LH
1072 2640 1171 2686 (add.
1200 2641 1226 2685 l)
1246 2642 1257 2687 ΙΙ
1285 2645 1304 2675 9
1331 2640 1403 2675 ulis
1428 2639 1468 2674 F
1484 2641 1496 2686 H
1514 2639 1647 2684 trudit]
1675 2639 1781 2684 ponit

70 2688 204 2723 ΑΕΒΖ
223 2690 234 2734 ΙΙ
253 2688 292 2724 in
316 2687 441 2724 medio
469 2689 518 2723 M
534 2689 546 2734 fl
568 2692 608 2723 11
637 2699 723 2723 nam
749 2716 756 2723 .
780 2717 786 2723 .
808 2712 817 2722 .
843 2687 1024 2723 intererat
1048 2687 1136 2722 LH
1141 2688 1190 2723 M
1196 2703 1204 2723 :
1230 2687 1354 2723 reddit
1379 2698 1529 2723 causam
1555 2689 1699 2731 (causas
1726 2687 1779 2730 F)

70 2747 135 2770 cur
159 2747 271 2771 senex
296 2737 417 2779 (senes
443 2736 469 2780 l)
495 2736 604 2770 bellis
629 2736 810 2771 intererat
835 2735 1011 2780 (intereat
1028 2735 1117 2779 AS)
1145 2735 1324 2771 ASRFz
1342 2736 1353 2781 Η
1382 2739 1424 2770 13
1450 2735 1617 2770 anticum
1642 2734 1678 2769 L
1702 2736 1779 2778 (an-

69 2782 189 2828 tiqum
216 2784 242 2826 l)
262 2784 274 2830 Η
303 2788 345 2823 14
370 2782 478 2818 diuos
504 2783 549 2817 H
563 2784 574 2829 ΙΙ
602 2786 645 2818 15
670 2782 749 2818 sine
774 2782 809 2818 L
837 2783 948 2827 (sicut
972 2783 998 2826 l)
1019 2784 1030 2829 ΙΙ
1050 2782 1152 2829 bina]
1181 2782 1270 2818 uina
1295 2783 1347 2825 H,
1371 2793 1439 2828 pro
1466 2782 1538 2817 duo
1563 2793 1663 2827 supr.
1689 2793 1777 2817 vers.

71 2831 153 2866 add.
184 2832 196 2866 l
232 2830 322 2866 bina
346 2842 458 2865 manu
483 2830 561 2866 lato
588 2831 754 2876 crispans
780 2829 934 2865 hastilia.
958 2829 1055 2865 ferro
1082 2831 1190 2875 (Aen.
1212 2831 1228 2865 1
1249 2834 1333 2874 313)
1361 2830 1563 2866 Fabricius
1599 2829 1688 2864 bina
1712 2829 1778 2864 ha-

72 2876 173 2914 stilia
199 2878 407 2914 Masvicius
442 2880 454 2924 11
493 2881 536 2912 18
562 2878 660 2924 arat]
697 2878 778 2912 erat
803 2877 854 2913 H.
892 2889 979 2912 nam
1004 2889 1155 2923 pascere
1181 2889 1248 2923 per
1273 2878 1443 2913 armenta
1466 2876 1648 2923 intelligit
1671 2887 1778 2912 arare

71 2935 158 2961 uero
185 2937 250 2971 per
275 2925 410 2961 aratris
437 2926 517 2970 (sic)
544 2925 628 2961 add.
655 2925 694 2960 D
724 2926 736 2971 ΙΙ
773 2928 818 2959 20
843 2935 929 2959 nam
957 2925 1009 2961 sic
1034 2925 1123 2960 LH
1147 2927 1161 2970 ΙΙ
1191 2937 1279 2961 nam
1306 2954 1313 2962 .
1335 2953 1342 2960 .
1366 2954 1373 2961 .
1400 2924 1587 2971 accipere]
1618 2935 1778 2969 aequum

71 2973 196 3008 autem
222 2984 293 3008 non
321 2975 377 3009 est
402 2972 490 3008 LH
522 2974 533 3019 ΙΙ
570 2983 657 3007 nam
689 2983 808 3017 aequo
834 2972 982 3017 aequali
1007 2972 1140 3008 ASR:
1165 2983 1326 3017 aequum
1359 2973 1485 3007 autem
1511 2971 1706 3016 aequalem
1732 2971 1782 3005 M

71 3030 157 3054 nam
184 3031 343 3066 aequum
370 3020 481 3055 modo
507 3019 656 3065 aequali
683 3019 724 3055 F
751 3031 838 3055 nam
864 3019 1012 3064 aequali
1038 3021 1080 3066 ΖΙΙ
1107 3031 1181 3055 nou
1206 3020 1419 3066 possumus]
1446 3031 1519 3055 non
1545 3019 1665 3064 possis
1684 3019 1778 3053 ΑΒΖ

72 3066 83 3111 Η
108 3067 294 3114 accipere]
321 3066 443 3103 dicere
468 3069 575 3113 vulqo
594 3069 606 3114 ΙΙ
625 3071 669 3102 21
690 3068 776 3102 sunt
795 3066 962 3102 ASRH
976 3068 988 3114 ΙΙ
1007 3072 1051 3102 22
1078 3067 1216 3102 locutio
1240 3068 1286 3102 M
1304 3068 1316 3113 ΙΙ
1344 3071 1388 3102 23
1409 3066 1580 3112 promissi
1606 3073 1670 3101 om.
1693 3064 1782 3099 LH

73 3114 171 3156 (add.
193 3115 219 3159 l)
238 3115 249 3160 ΙΙ
267 3126 333 3160 per
359 3114 655 3158 consensionem]
683 3114 924 3150 consensione
943 3115 1041 3150 HM
1073 3114 1351 3150 consensionem
1371 3114 1410 3148 F
1424 3115 1438 3160 Η
1457 3117 1503 3149 24
1527 3125 1600 3149 non
1620 3124 1684 3148 om.
1708 3112 1752 3146 H
1766 3111 1778 3160 Η

74 3162 118 3194 25
143 3173 263 3197 mnvrr
289 3162 377 3197 HF
410 3164 422 3207 ΙΙ
459 3164 498 3198 et
528 3163 621 3198 bene
650 3161 892 3207 ‘sanguine'J
924 3175 984 3198 vm
1010 3174 1184 3198 sANuvmn
1210 3175 1347 3197 Bennvm
1377 3161 1472 3197 bene
1499 3159 1677 3205 sanguino
1703 3158 1744 3192 F
1765 3158 1776 3204 Η

75 3217 158 3241 nam
185 3219 258 3243 non
284 3210 408 3253 potest
434 3209 466 3244 L
490 3211 578 3254 (non
603 3211 669 3245 dcl.
696 3210 722 3255 Ζ)
742 3211 754 3255 ΙΙ
782 3210 887 3255 potes
914 3210 984 3244 AS
1008 3211 1149 3256 (potest
1174 3210 1210 3254 α)
1230 3210 1242 3255 Η
1272 3213 1318 3244 26
1344 3209 1382 3244 et
1407 3220 1429 3244 a
1455 3207 1641 3244 discordia
1666 3206 1727 3240 ucl
1754 3217 1777 3241 a

1811 629 1833 661 5

1814 989 1856 1020 10

1813 1347 1857 1379 15

1809 1707 1855 1738 20

1807 2063 1853 2095 25
