2092 3614
232 1022 276 1054 10

233 1378 275 1411 15

232 1735 279 1768 20

233 2092 278 2123 25

235 2446 281 2478 30

297 236 385 305 424
668 295 671 297 -
1074 262 1235 298 SERVII

419 374 472 415 27
480 374 516 415 7.
567 389 806 415 PRAECIPERE
826 385 908 426 pro
940 371 1232 426 ‘praecipiendi
1262 375 1301 414 et
1329 372 1578 427 depellendi&

419 444 517 486 279.
568 455 695 494 QVOD
722 455 858 486 vo'rls
885 454 1106 486 OPTASTIS
1132 454 1281 486 ADEs'r
1314 457 1475 499 magna
1501 457 1569 485 ars
1601 443 1900 499 persuadentis
1926 446 2004 498 est,

299 519 349 558 ut
380 516 493 572 quod
524 515 645 570 cupit
675 514 785 570 fieri,
817 514 862 556 in
893 514 1205 570 praeiudicium
1237 514 1393 556 trahat.
1450 514 1510 556 sic
1542 513 1625 556 hoc
1656 514 1752 557 loco
1785 515 1884 570 quia
1914 516 2007 558 vult

299 588 488 641 Turnus,
514 588 563 628 ut
589 575 742 641 optent
766 600 958 643 pugnam
984 585 1074 627 eius
1102 585 1225 639 socii,
1255 585 1369 628 hanc
1395 600 1468 628 eos
1495 600 1664 641 semper
1690 584 1792 627 dicit
1819 587 2007 641 optasse.

389 669 721 700 PERFRINGERE
753 669 945 700 DEXTRA
982 657 1154 700 fortiter
1191 657 1343 699 faeere.
1405 658 1449 698 et
1484 656 1593 699 bene
1631 656 1762 699 verbo
1801 671 1902 699 usus
1940 660 2007 700 est

300 729 491 772 militari.

391 817 394 819 ·
420 801 519 844 280.
569 813 619 842 1N
651 812 855 843 MANIBVS
887 815 974 843 non
1006 800 1093 842 iam
1125 800 1169 842 in
1202 800 1335 855 votis,
1367 799 1441 842 sed
1466 800 1513 842 in
1540 800 1738 843 manibus
1770 814 1838 842 res
1871 801 1948 842 est.

300 884 418 915 EsTo
455 886 534 927 pro
574 870 699 914 ‘sil-‚⁹2
738 871 870 914 tertia
911 885 1089 925 namque
1130 885 1317 926 persona
1361 873 1437 913 est.
1500 870 1702 914 ‘referto'
1745 873 1887 913 autem
1930 886 2008 927 pro

301 942 516 985 ‘referat’.

422 1015 523 1057 281.
572 1025 788 1061 REFERTO
819 1025 972 1056 FACTA
1003 1026 1191 1056 PATRVM
1223 1014 1297 1056 alii
1325 1014 1396 1057 hic
1428 1015 1718 1069 distinguunt,
1755 1016 1805 1056 ut
1836 1013 1911 1069 sit,
1948 1029 2008 1056 re-

300 1086 414 1128 ferat
452 1084 579 1128 modo
617 1085 911 1141 unusquisque
942 1085 1061 1128 facta
1091 1088 1264 1140 patrum
1296 1088 1340 1128 et
1370 1085 1532 1128 laudes.
1594 1087 1636 1127 et
1667 1086 1838 1128 secutus
1871 1083 2011 1128 Sallu-

303 1157 434 1199 stium
467 1157 549 1211 hoc
581 1156 707 1212 dixit,
746 1157 820 1213 qui
858 1157 939 1212 ait,
977 1157 1272 1211 Hispanorum
1310 1156 1462 1208 fuisse,
1499 1159 1549 1199 ut
1585 1156 1630 1198 in
1662 1156 1776 1198 bella
1809 1156 2010 1199 euntibus

301 1228 528 1271 iuvenibus
554 1231 784 1283 parentum
808 1228 922 1270 faeta
948 1230 1290 1270 memorarentur
1317 1243 1342 1270 a
1367 1227 1594 1270 matribus.
1638 1227 1713 1269 alii
1738 1227 2012 1284 distinguunt

303 1299 437 1342 ‘nunc
467 1312 627 1355 magna
657 1299 816 1342 referto
848 1298 1000 1354 facta’,
1038 1301 1087 1341 ut
1116 1299 1230 1342 'duas
1262 1313 1331 1341 res
1363 1299 1537 1341 dixerit:
1575 1313 1687 1341 nunc
1719 1298 2010 1355 unusquisque

302 1373 345 1413 et
376 1385 550 1413 suorum
581 1370 797 1413 factorum
830 1370 1091 1422 meminerit,
1124 1373 1168 1412 et
1199 1370 1339 1412 laudis
1370 1373 1610 1426 parentum.

421 1442 519 1485 283.
568 1459 754 1490 EGRESSIQ
762 1459 810 1485 νε
837 1443 875 1485 si
906 1441 1096 1496 εερνεεεῗ,
1128 1442 1303 1496 fiynrate
1333 1442 1487 1484 dictum
1517 1445 1584 1485 est.

421 1513 520 1556 284.
570 1528 778 1558 AVDENTES
807 1530 986 1557 FORTVNA
1020 1530 1145 1556 JVVAT
1175 1513 1470 1555 Terentianum
1504 1513 1661 1566 fortes
1689 1512 1898 1566 fortuna
1927 1515 2012 1557 ad-

301 1585 451 1627 iuvat.
501 1587 539 1626 et
559 1587 693 1638 potest
721 1584 820 1627 haec
842 1585 1043 1627 sententia
1067 1587 1106 1626 et
1127 1584 1404 1639 superioribus
1433 1585 1640 1638 adplicari
1669 1588 1708 1627 et
1731 1598 1807 1639 per
1837 1599 1877 1628 se
1900 1599 2012 1640 sepa·

302 1660 430 1699 ratim
460 1656 649 1710 intelleyi.
1027 1648 1033 1653 ⁸

423 1727 522 1770 285.
573 1738 752 1770 VERSAT
787 1739 906 1778 Qvos
938 1738 1126 1770 Dvcmm
1161 1738 1351 1773 CONTRA
1389 1727 1554 1783 cogitat
1592 1727 1782 1783 quidem,
1819 1727 1894 1770 sed
1924 1741 2013 1770 non

303 1797 427 1854 facit,
453 1813 507 1840 ne
533 1797 671 1840 diviso
699 1799 886 1841 exercitu
912 1798 1140 1854 utrobique
1166 1799 1382 1841 vincatur:
1414 1799 1529 1854 quod
1561 1796 2014 1854 sequentiaff‘ndicant,

303 1884 405 1911 nam
443 1870 572 1924 paulo
608 1871 710 1925 post
743 1869 888 1925 <308>
922 1869 1114 1912 dicturus
1151 1872 1218 1912 est
1255 1869 1314 1912 ‘et
1348 1870 1464 1925 rapit
1498 1883 1596 1912 acer
1628 1870 1767 1912 totam
1802 1868 1937 1912 aciem
1968 1869 2013 1911 in

304 1939 520 1983 Teucros'.

423 2013 522 2055 286.
574 2023 883 2055 CONCREDERE
916 2011 1028 2055 ‘con'
1060 2016 1199 2055 vacat.
1240 2033 1243 2038 ·

425 2084 523 2126 287.
573 2094 710 2126 Auris
743 2082 1005 2140 ‘puppibus',
1035 2098 1121 2126 non
1156 2083 1406 2139 ‘pontibus'.

423 2154 523 2197 288.
571 2165 803 2198 PONTIBVS
842 2156 1053 2207 transtris,
1098 2155 1228 2198 scalis
1265 2156 1451 2197 navium.
1580 2172 1759 2199 sennan
1790 2169 1872 2210 pro
1911 2154 2013 2199 ‘ser-

304 2224 533 2268 vavernnt'.
902 2231 908 2237 '

424 2296 523 2339 289.
572 2307 868 2340 LANGVEN'rls
899 2297 1135 2353 tranquilli.
1255 2309 1484 2341 BREvlssvs
1516 2297 1651 2340 vadis,
1765 2314 1813 2340 ss
1840 2315 2017 2341 aarum&

297 2381 378 2421 pro
410 2366 709 2410 εονεοῖὶὠεναιφιῗ.

425 2438 526 2482 290.
574 2450 665 2480 PER
697 2450 849 2482 REMOS
881 2439 924 2481 id
957 2441 1023 2481 est
1055 2440 1239 2494 scaphis
1301 2443 1340 2482 et
1368 2441 1475 2483 deest
1504 2439 1793 2483 ‘descendunt'.
2016 2488 2043 2494 ,Α

425 2509 524 2551 291.
574 2520 672 2551 NON
698 2521 893 2552 SPIRANT
924 2510 1084 2566 legitur
1115 2512 1158 2552 et
1183 2510 1373 2566 ‘sperat'‚
1405 2511 1518 2566 quod
1545 2513 1588 2553 et
1613 2511 1767 2554 melius
1799 2513 1882 2554 est:
1912 2527 2013 2554 nam

404 2641 445 2672 11
474 2636 710 2684 Sallustium]
736 2638 823 2673 hist.
843 2637 877 2672 II
899 2642 942 2673 14
961 2637 1139 2682 Dietsch„
1162 2643 1204 2675 19
1224 2640 1286 2675 Kr.
1307 2641 1319 2685 ΙΙ
1341 2644 1383 2676 17
1410 2640 1691 2687 Terentianum]
1716 2639 1864 2676 Phorm.
1884 2640 1902 2675 I
1919 2643 1954 2686 4,
1968 2643 2012 2676 25

403 2760 423 2791 2
451 2767 616 2792 οΒτΔεΤῙε
642 2756 733 2791 LM
751 2757 762 2802 ΙΙ
794 2767 934 2791 omnis
961 2756 1006 2790 H
1020 2758 1032 2803 ΙΙ
1063 2757 1140 2803 ars]
1168 2768 1226 2792 res
1252 2757 1325 2793 AS
1341 2758 1354 2803 ΙΙ
1381 2757 1630 2803 persuadendi
1654 2758 1704 2803 R,
1729 2759 1788 2794 est
1813 2759 1978 2795 omittens
2010 2759 2014 2803 l

307 2808 329 2838 4
355 2803 450 2839 dixit
477 2805 526 2839 M
552 2805 564 2850 ΙΙ
596 2807 617 2839 5
642 2816 860 2839 pum-mcum:
888 2804 935 2838 M
960 2805 971 2849 ΙΙ
1004 2809 1022 2839 7
1049 2815 1107 2839 res
1133 2805 1205 2851 est]
1232 2816 1298 2840 om.
1325 2805 1414 2849 AS,
1441 2806 1498 2841 est
1522 2817 1581 2841 res
1607 2805 1647 2840 F
1669 2807 1680 2852 ΙΙ
1712 2810 1733 2842 8
1758 2817 1825 2851 pro
1850 2817 1917 2842 om.
1938 2805 1980 2841 F
2009 2806 2012 2852 Ι

308 2851 362 2886 sic
387 2851 427 2885 F
443 2852 455 2897 ΙΙ
486 2851 559 2897 est]
588 2863 674 2886 usus
699 2853 758 2886 est
783 2851 831 2886 M
848 2851 861 2895 ΙΙ
891 2852 1015 2886 autem
1043 2863 1110 2886 om.
1138 2853 1197 2895 M,
1222 2854 1347 2887 autem
1373 2864 1440 2899 pro
1465 2864 1532 2888 om.
1558 2852 1625 2898 Fss
1659 2856 1710 2888 10·
1728 2852 1793 2888 alii
1819 2881 1826 2888 .
1848 2880 1855 2887 .
1879 2882 1885 2888 .
1913 2853 2014 2889 facta

307 2901 457 2944 patrum
483 2909 548 2933 om.
578 2897 618 2932 F
633 2900 645 2942 n
674 2898 885 2944 distingunt
910 2899 997 2933 libri
1015 2900 1027 2943 ΙΙ
1061 2904 1101 2934 11
1130 2901 1168 2934 et
1194 2928 1202 2935 .
1224 2929 1230 2935 .
1254 2926 1261 2934 .
1288 2900 1357 2947 ait]
1383 2901 1499 2936 traxit
1523 2901 1648 2936 autem
1673 2900 1745 2935 hoe
1770 2900 1818 2945 de
1842 2898 2013 2936 sallustio

308 2945 372 2990 qui
397 2944 491 2980 dicit
508 2945 548 2980 F
564 2946 576 2991 ss
598 2950 639 2980 12
665 2945 796 2992 fuisse]
823 2957 964 2982 morem
991 2947 1074 2982 add.
1092 2946 1299 2992 Stephanus
1316 2949 1329 2992 ΙΙ
1350 2951 1393 2982 13
1413 2947 1606 2983 iuvenibus
1627 2957 1694 2983 om.
1708 2946 1845 2982 RLH
1858 2948 1957 2992 (add.
1973 2949 2013 2992 l),

309 2992 610 3028 adulescentibus
637 2993 676 3026 F
691 2995 703 3038 ΙΙ
722 2993 823 3029 facta
847 2994 1044 3038 parentum
1066 2993 1106 3030 F
1121 2995 1133 3040 ΙΙ
1154 2993 1356 3030 maioribus
1377 2994 1434 3030 Rl
1470 2994 1674 3030 matoribus
1695 2994 1742 3029 H.
1771 2994 1815 3037 cf.
1832 2994 2014 3030 Dietschii

308 3040 432 3076 adnot.
453 3041 464 3085 ΙΙ
486 3043 530 3074 14
554 3040 591 3075 in
618 3040 709 3075 duas
735 3052 792 3075 res
813 3041 826 3075 l
843 3041 855 3086 ΙΙ
875 3045 916 3075 21
945 3040 1143 3085 utrubique
1164 3041 1232 3076 Fa
1251 3043 1262 3088 ΙΙ
1281 3041 1478 3077 vincantur
1496 3042 1602 3086 vulyo
1620 3042 1632 3087 ΙΙ
1651 3043 1696 3075 24
1722 3053 1926 3077 concensus
1945 3041 1986 3078 F
2001 3041 2013 3089 Η

310 3088 491 3123 concauat
514 3087 550 3121 L
600 3090 785 3123 conuocat
809 3088 849 3122 Η
899 3089 1009 3122 uacat
1040 3099 1109 3123 con
1135 3088 1175 3122 F
1209 3090 1220 3135 ΙΙ
1258 3092 1302 3124 25
1327 3088 1543 3135 potentibus
1568 3088 1608 3123 F
1637 3089 1650 3133 ΙΙ
1687 3092 1731 3123 26
1764 3090 1814 3124 ad
1843 3100 2013 3125 Pommvs

308 3146 336 3169 s.
363 3145 394 3170 v.
422 3134 574 3169 nauium
599 3134 771 3170 transtris
800 3135 859 3182 ΤΙΙ
889 3133 1037 3170 trastris
1063 3135 1104 3170 F
1119 3138 1131 3181 ΙΙ
1159 3135 1268 3171 scalis
1294 3147 1361 3172 om.
1382 3135 1423 3171 F
1438 3137 1450 3183 ΙΙ
1480 3137 1530 3171 acl
1555 3147 1711 3171 sununs
1735 3147 1761 3171 s.
1788 3147 1819 3172 v.
1847 3148 1915 3181 pro
1942 3147 2012 3172 ser-

310 3185 492 3217 uauerunt
520 3182 552 3216 Τ
569 3183 582 3227 ΙΙ
610 3186 656 3217 30
682 3183 731 3217 ad
755 3195 822 3218 pun
845 3195 877 3219 n.
904 3193 931 3218 8.
957 3193 989 3217 v.
1015 3182 1055 3217 id
1081 3189 1137 3218 est
1163 3184 1320 3229 scaphas
1347 3182 1491 3219 scilicet
1516 3182 1748 3219 descendunt
1776 3183 1808 3218 Τ
1823 3185 1837 3228 ΙΙ
1861 3187 1904 3219 31
1931 3194 2011 3228 spe-

309 3229 385 3276 rat]
412 3230 564 3274 sperant
587 3230 660 3265 AS
697 3240 806 3274 spera
830 3231 872 3265 ut
899 3229 939 3265 F
959 3230 972 3275 ΙΙ
1000 3231 1038 3264 et
1062 3241 1127 3265 om.
1150 3230 1189 3264 F
