2092 3614
491 261 642 300 COMM.
668 262 721 299 m
747 261 890 300 Vnae.
917 260 1027 298 AEN.
1055 260 1123 297 v11
1147 244 1348 297 491—5i7.
1687 258 1772 302 163

182 372 280 416 503.
330 384 485 416 SILVIA
504 385 646 416 PRIMA
667 384 818 416 SOROR
842 372 953 415 bene
978 371 1146 428 puellae
1167 370 1243 413 dat
1268 370 1431 412 doloris
1456 369 1774 426 inpatientiam.

146 477 152 479 g
182 444 281 487 504.
330 456 484 487 Dvuos
517 456 801 488 CONCLAMAT
834 454 1070 487 AGRESTES
1111 445 1186 485 aut
1224 442 1298 498 qui
1331 456 1498 497 semper
1529 441 1623 483 duri
1656 443 1774 484 sunt:

8 533 11 536 ·
64 518 139 557 aut
171 515 356 573 ‘duros’‚
388 517 461 571 qui
494 517 608 559 cervi
639 516 864 558 interitum
895 530 984 558 non
1016 514 1234 557 dolebant.

183 586 281 629 505.
330 598 487 630 PESTIS
520 587 646 630 furia.
755 598 911 630 TORRE
943 585 1036 628 ‘hic
1066 583 1220 627 torris'
1252 584 1375 640 facit,
1407 587 1455 626 ut
1487 584 1581 627 ‘hie
1612 583 1776 627 fustis'.

182 658 279 700 507.
332 670 526 700 GRAVIDI
562 658 727 714 graviS,
758 655 938 713 propter
967 657 1103 700 nodos
1136 657 1312 699 scilieet.
1803 664 1823 695 5

183 730 282 772 509.
333 741 662 780 QVADRIFmAM
701 744 808 784 quae
848 728 954 771 findi
991 730 1138 784 partes
1176 730 1325 783 posset
1363 728 1407 769 in
1439 730 1658 783 quattuor.

64 812 228 843 CVNEIS
262 813 455 844 COACTIS
488 801 593 843 satis
627 801 797 857 signate
831 799 1035 843 ‘coactis'
1068 800 1189 842 dixit.
1251 799 1455 855 exprimit
1480 802 1632 842 ‘autem
1665 799 1777 842 anti-

65 888 195 927 quum
222 887 405 928 morem,
436 875 485 914 ut
509 872 597 914 sed
628 872 783 927 primi
815 872 991 914 cuneis
1023 871 1332 914 scindebant
1363 871 1537 913 fissile
1569 871 1776 927 lignum.

182 944 280 987 512.
330 956 393 986 DE
427 954 633 987 OVLMINE
667 955 826 987 SVMMO
859 944 967 986 bene
1002 941 1247 998 ‘culmine’‚
1283 942 1385 998 quia
1417 942 1468 985 de
1499 943 1624 985 tectis
1658 957 1778 999 agre-

64 1017 197 1058 stium
229 1016 432 1071 loquitur.
1805 1023 1849 1054 10

183 1088 281 1131 514.
320 1099 604 1130 TARTAREAM
625 1089 700 1130 aut
719 1088 972 1149 terribilem,
993 1089 1067 1130 aut
1087 1087 1246 1130 fortem
1267 1085 1499 1129 seeundum
1521 1100 1645 1127 usum
1659 1085 1778 1128 dixit.

183 1158 282 1201 515.
333 1171 488 1202 NEMVS
521 1160 640 1202 loeus
672 1159 787 1202 haud
819 1160 950 1215 longe
978 1159 1031 1201 ab
1060 1158 1224 1214 Aricia,
1255 1158 1300 1200 in
1327 1172 1412 1213 quo
1445 1158 1563 1199 lacus
1590 1159 1673 1212 est,
1706 1156 1779 1212 qui

66 1231 285 1284 speculum
319 1229 483 1272 Dianae
521 1230 687 1274 dieitur.
751 1233 794 1273 et
831 1231 1071 1273 notandum
1112 1231 1212 1285 quia
1248 1244 1399 1272 vocem
1437 1229 1529 1270 eius
1568 1228 1777 1283 paulatim

66 1301 173 1343 facit
203 1302 451 1358 procedere⁷
483 1302 598 1358 quod
629 1302 823 1344 locorum
857 1301 1020 1344 indicat
1053 1300 1421 1344 commemoratio.

184 1372 283 1417 516.
335 1385 524 1416 TRIVIAE
557 1385 705 1417 LACVS
737 1373 808 1415 hie
840 1376 907 1416 est
938 1373 1012 1428 qui
1042 1372 1210 1415 Dianae
1242 1372 1463 1427 speculum
1497 1371 1665 1413 dicitur.
1808 1380 1850 1412 15

183 1445 284 1487 517.
334 1456 609 1487 SVLPHVREA
634 1456 729 1486 NAR
754 1456 902 1487 Anssvs
928 1456 1056 1495 AQVA
1082 1444 1129 1486 in
1154 1456 1225 1486 Lx.
1266 1442 1507 1485 Flaminiae
1533 1444 1600 1484 est
1626 1442 1778 1484 civitas

65 1514 232 1558 Narnia
263 1516 309 1557 in
335 1516 555 1558 montibus
586 1516 752 1571 posita,
783 1516 939 1572 quibus
967 1515 1116 1558 subest
1142 1514 1235 1557 Nar
1266 1514 1443 1569 fluvius,
1475 1513 1547 1569 qui
1574 1512 1779 1555 Tiberino

65 1581 353 1643 coniungitur.
408 1588 496 1629 ideo
526 1590 663 1629 autem
694 1588 794 1630 dicit
824 1587 1068 1642 ‘sulphurea
1099 1586 1196 1629 Nar
1226 1586 1345 1628 albus
1375 1583 1520 1640 aqua',
1551 1585 1650 1638 quia
1681 1586 1780 1627 dum

68 1659 215 1714 currit,
246 1661 304 1701 est
331 1657 544 1712 sulphurei
573 1658 736 1714 coloris,
768 1659 867 1701 dum
898 1657 1110 1713 hauritur,
1142 1658 1238 1700 albi.
1288 1659 1327 1699 et
1349 1655 1500 1700 Sabini
1528 1656 1672 1711 linqua
1702 1670 1781 1698 sua

65 1744 148 1772 mir
183 1730 325 1772 dicunt
359 1729 543 1783 sulphur.
605 1744 697 1785 erqo
734 1729 842 1773 huuc
877 1729 1053 1784 fluvium
1090 1730 1178 1772 ideo
1215 1729 1358 1771 dicunt
1396 1742 1479 1771 esse
1510 1729 1607 1770 Nar
1642 1728 1776 1782 appel·
1805 1738 1851 1770 20

67 1802 215 1856 latum,
245 1802 355 1854 quod
383 1801 502 1844 odore
532 1801 750 1856 sulphureo
781 1815 904 1844 nares
934 1802 1160 1856 eontinyat,
1191 1801 1274 1843 sive
1302 1801 1412 1854 quod
1434 1800 1480 1842 iu
1505 1801 1672 1843 modum
1702 1814 1778 1842 ua-

66 1873 177 1914 rium
204 1872 387 1927 ⁸(semiuos
416 1872 564 1915 habeat
592 1874 737 1916 exitus.
846 1884 1124 1923 FONTESQVE
1151 1884 1310 1914 VEIANI
1342 1871 1459 1913 ultra
1484 1870 1779 1914 Interamnam

68 1947 179 1986 sunt.
240 1958 343 1986 nam
374 1946 423 1985 ut
455 1943 658 1999 diximus,
690 1957 773 1986 vox
805 1943 942 1985 furiae
973 1943 1184 1998 paulatim
1217 1941 1445 1998 processit.

165 2077 184 2108 7
211 2072 301 2108 satis
329 2101 336 2108 .
358 2100 365 2108 .
389 2101 396 2108 .
423 2072 534 2119 dixit]
563 2072 607 2108 ef.
630 2072 723 2107 Non.
751 2084 786 2117 p.
808 2074 888 2116 265,
911 2075 955 2106 10
976 2070 1023 2106 M.
1045 2072 1056 2118 ΙΙ
1076 2074 1096 2106 8
1124 2070 1206 2117 sed]
1233 2080 1360 2116 georg.
1387 2070 1403 2104 I
1427 2073 1493 2104 144

163 2195 185 2227 4
211 2192 328 2228 furiae
356 2191 396 2226 F
411 2194 422 2239 ΙΙ
455 2195 475 2227 6
502 2203 597 2236 quae
624 2191 661 2226 in
688 2192 864 2236 quattuor
890 2191 1017 2236 partes
1043 2190 1192 2244 poterat
1218 2188 1307 2224 findi
1333 2189 1449 2224 ASR
1487 2200 1582 2234 quae
1608 2188 1646 2224 in
1673 2191 1779 2234 quat-

68 2242 153 2275 tuor
177 2242 302 2285 parter
328 2240 378 2284 F,
414 2239 565 2285 poterat
596 2238 686 2274 findi
718 2240 883 2274 omittens
919 2239 930 2284 ΙΙ
975 2243 994 2273 7
1022 2237 1113 2273 satis
1139 2238 1279 2273 coactis
1305 2237 1451 2283 signate
1477 2237 1550 2271 AS
1586 2238 1597 2283 ΙΙ
1641 2238 1780 2272 coactis

68 2299 133 2323 om.
154 2287 191 2322 R
210 2289 221 2334 ΙΙ
250 2286 342 2322 dicit
366 2267 409 2322 F
424 2289 435 2333 ΙΙ
455 2286 647 2331 antiquam
675 2286 742 2332 Fl
731 2288 742 2333 ΙΙ
770 2290 791 2321 8
818 2286 898 2332 sed]
926 2297 1013 2320 nam
1038 2284 1123 2320 RF
1138 2287 1149 2331 ΙΙ
1180 2290 1201 2320 9
1228 2285 1321 2320 bene
1348 2283 1510 2319 eulmine
1536 2287 1659 2330 vulyo:
1686 2285 1779 2320 bene

68 2336 190 2370 culmo
216 2335 357 2370 LHM
392 2334 539 2380 proprie
566 2334 730 2369 ASRF
764 2335 776 2380 ΙΙ
814 2334 859 2369 (10
891 2334 1001 2368 tectis
1033 2332 1237 2378 agrestium
1264 2331 1463 2367 ASzRFl
1496 2331 1542 2366 de
1569 2333 1780 2377 agrestibus

68 2382 101 2417 L
110 2383 207 2417 ΗΜ
224 2384 236 2429 ΙΙ
258 2386 300 2417 10
326 2381 507 2427 loquitur]
534 2393 628 2426 quae
655 2392 675 2417 e
701 2382 735 2426 (e
762 2393 828 2416 om.
849 2381 898 2424 R,
924 2392 968 2416 ex
988 2382 1013 2423 l)
1039 2380 1170 2416 culmis
1197 2379 1385 2424 (culminis
1404 2380 1444 2422 S,
1470 2390 1563 2415 corr.
1583 2381 1613 2425 s)
1640 2379 1780 2415 fiebant

68 2431 152 2465 add.
179 2429 347 2466 ASRL.
380 2430 426 2473 cf.
454 2430 552 2464 Serv.
579 2430 629 2464 ad
655 2429 902 2464 Aen.11410
939 2430 951 2473 ΙΙ
997 2432 1036 2463 11
1066 2427 1160 2463 forte
1189 2428 1237 2462 M
1272 2429 1284 2473 ΙΙ
1321 2427 1524 2462 secundum
1550 2439 1658 2462 usum
1685 2426 1781 2462 dixit

68 2489 133 2513 om.
162 2477 202 2512 F
218 2479 229 2524 ΙΙ
258 2477 353 2512 dixit
378 2486 444 2512 om.
471 2476 611 2511 LHM
631 2478 642 2523 ΙΙ
676 2480 718 2511 12
746 2489 860 2511 nenvs
886 2476 1006 2521 locus]
1036 2487 1178 2529 amvi-Ae
1204 2487 1319 2510 mnae
1346 2487 1453 2510 LAcvs
1479 2481 1527 2512 »ζ-
1552 2486 1682 2510 nemin·
1707 2475 1747 2509 F
1770 2475 1781 2521 ΙΙ

69 2525 133 2560 aut
158 2525 228 2560 SL
255 2524 371 2565 (haud
396 2525 422 2568 l)
453 2525 546 2559 haut
571 2524 607 2558 Α
646 2524 719 2558 aud
744 2524 785 2558 F
819 2525 830 2569 ΙΙ
866 2523 972 2558 arida
999 2523 1038 2558 F
1072 2524 1083 2569 ΙΙ
1120 2522 1159 2557 in
1186 2550 1193 2557 .
1215 2551 1222 2558 .
1245 2550 1252 2558 .
1281 2523 1338 2557 est
1363 2533 1429 2557 om.
1455 2522 1492 2557 R
1530 2524 1542 2568 ΙΙ
1578 2522 1682 2557 loeus
1709 2523 1780 2557 AS

68 2574 173 2616 (emur
194 2573 231 2618 α)
252 2573 263 2618 ΙΙ
285 2576 328 2606 14
354 2571 512 2625 indicat]
540 2572 632 2606 facit
655 2571 692 2606 R
711 2573 722 2617 ΙΙ
745 2575 787 2606 15
812 2572 918 2607 schol.
939 2572 988 2606 ad
1012 2582 1101 2605 vera
1123 2574 1191 2605 516
1211 2581 1276 2605 om.
1298 2569 1339 2604 F
1354 2571 1366 2616 ΙΙ
1385 2569 1455 2604 1100
1475 2569 1553 2604 ΕΙ,
1560 2569 1605 2604 H
1626 2570 1702 2615 (hic
1722 2571 1749 2615 l)
1770 2571 1779 2616 ΙΙ

72 2624 114 2655 16
139 2619 178 2654 in
203 2633 248 2654 Lx
272 2618 462 2654 flaminiae
488 2619 534 2654 H
566 2619 604 2654 in
631 2632 675 2654 rx
702 2619 875 2654 flaminae
902 2618 937 2652 L
969 2617 1144 2672 (miliario
1169 2629 1269 2671 supr.
1296 2628 1385 2652 vers.
1412 2618 1497 2653 add.
1525 2618 1552 2659 l)
1591 2616 1630 2651 in
1656 2631 1700 2652 Lx
1725 2618 1779 2652 fa-

70 2667 170 2702 mine
196 2667 250 2702 F
277 2666 315 2701 in
342 2666 403 2701 uia
428 2666 581 2702 flamina
606 2668 640 2700 A
678 2666 718 2701 in
743 2667 806 2701 uia
830 2664 996 2700 flaminia
1021 2665 1093 2700 RS
1129 2665 1167 2700 in
1192 2666 1255 2700 uia
1280 2663 1468 2700 flaminiae
1496 2664 1571 2719 ΜΙΙ
1592 2668 1634 2700 17
1661 2664 1780 2700 omni-

71 2714 138 2749 bus
165 2715 200 2749 L
226 2714 429 2757 (montibus
456 2715 481 2759 Z)
502 2715 513 2759 ΙΙ
540 2718 583 2749 18
610 2713 864 2759 coniungitur]
892 2713 1093 2758 sulphurea
1117 2723 1206 2747 uero
1232 2711 1423 2757 sulphurei
1449 2713 1592 2757 saporis
1618 2713 1684 2747 aut
1709 2713 1780 2747 sul-

75 2762 213 2806 phurea
237 2762 277 2796 id
304 2763 359 2796 est
382 2760 565 2796 subnitidi
589 2762 674 2796 add.
694 2761 744 2796 D.
777 2762 822 2805 cf.
848 2771 940 2806 quae
960 2760 1060 2795 Lion
1084 2772 1101 2795 e
1127 2759 1353 2803 (ruelferb.1
1378 2760 1570 2804 eoescripsit
1594 2760 1779 2804 quomodo

73 2809 199 2852 albus,
232 2810 262 2844 si
289 2809 491 2854 sulphurea
516 2813 637 2852 aqua?
669 2808 845 2853 soluitur,
878 2807 967 2852 quia
997 2807 1058 2842 hic
1084 2807 1218 2842 fluuius
1244 2818 1288 2842 ex
1314 2807 1499 2857 apennino
1525 2807 1718 2842 deseendit
1743 2810 1782 2842 et

74 2857 278 2892 uerticosus
304 2868 454 2901 spumas
479 2855 587 2900 ficit,
614 2855 698 2890 ideo
724 2855 843 2891 albus.
893 2855 1094 2900 sulphurea
1120 2865 1207 2890 uero
1233 2842 1425 2900 sulphurei
1451 2854 1606 2899 saporis,
1631 2866 1680 2890 an
1705 2854 1780 2889 sul-

73 2903 215 2948 phurea
240 2903 431 2940 subuiridi.
461 2904 474 2948 ΙΙ
504 2902 590 2938 ideo
617 2930 624 2937 .
647 2932 654 2939 .
676 2930 683 2938 .
712 2901 833 2938 exitus
859 2914 902 2938 ex
927 2913 1001 2938 uno
1033 2902 1063 2936 Γ
1062 2914 1109 2937 ui
1111 2913 1236 2938 ortensi
1261 2902 1375 2937 edidit
1399 2902 1549 2937 Daniel.
1599 2901 1684 2937 ideo
1712 2929 1719 2936 .
1742 2929 1749 2936 .
1771 2930 1778 2937 .

75 2950 153 2984 albi
176 2963 194 2986 e
222 2951 363 2986 Tiberii
387 2950 531 2986 Donati
562 2951 816 2985 commentario
847 2951 967 2994 petita
997 2953 1084 2985 sunt
1119 2951 1131 2995 ΙΙ
1168 2953 1211 2984 21
1239 2948 1406 2984 imodum
1435 2949 1476 2984 T.
1522 2953 1676 2984 ceterum
1701 2949 1780 2983 sive

75 2998 203 3042 quod.
254 3025 262 3032 .
290 2999 411 3033 exitus
436 2998 493 3033 his
517 2998 657 3033 similia
679 3001 766 3033 suut
790 3009 882 3043 quae
906 2997 938 3032 is
963 2998 1027 3042 qui
1049 2997 1266 3032 Tironiauis
1290 2998 1388 3031 uotis
1412 3007 1501 3031 usus
1526 3001 1576 3032 est
1600 2997 1642 3031 iri
1664 2996 1779 3042 Tur05

74 3046 178 3080 nemi
203 3039 398 3090 adscripsit
424 3057 490 3080 nar
514 3045 648 3080 fluuius
674 3048 732 3080 est
756 3044 897 3081 italiae.
947 3056 1015 3080 nar
1045 3044 1130 3079 ideo
1165 3043 1380 3079 nominatur
1411 3043 1501 3087 quia
1532 3044 1580 3079 ad
1607 3043 1779 3078 similitu-

76 3091 198 3127 dinem
224 3092 323 3128 naris
349 3093 397 3127 ab
422 3104 496 3128 uno
523 3094 648 3128 meatu
675 3092 791 3127 oritur
817 3094 854 3128 et
878 3092 917 3127 in
943 3092 1017 3127 duo
1044 3091 1197 3126 flumina
1222 3090 1414 3126 diuiditur.
1433 3093 1510 3136 1122
1530 3091 1779 3126 interamnam

76 3139 163 3172 ΑΗ
195 3139 233 3174 in
259 3142 393 3175 terram
421 3151 507 3175 nam
533 3140 561 3175 S
595 3140 647 3184 (in
673 3143 705 3175 ec
729 3151 817 3175 nam
841 3140 907 3176 del.
933 3141 965 3184 s)
1002 3137 1262 3174 interamniam
1289 3138 1337 3172 R-
1362 3138 1572 3174 interamna
1596 3138 1630 3171 L
1666 3137 1779 3171 inter-

77 3195 222 3220 amnem
251 3187 348 3221 Mal
385 3198 534 3222 amnam
560 3187 599 3222 F
627 3189 639 3233 ΙΙ
675 3191 719 3222 23
747 3188 846 3232 sunt]
871 3186 912 3221 in
939 3186 1084 3222 Sabinis
1109 3187 1193 3221 add.
1222 3184 1424 3221 Fabricius
1453 3187 1465 3230 ΙΙ
1502 3196 1588 3220 nam
1614 3195 1679 3218 om.
1707 3183 1748 3217 F
1769 3183 1780 3229 Ι

79 3242 150 3266 vox
174 3231 292 3267 furiae
317 3244 384 3268 om.
410 3234 443 3267 L
451 3233 494 3268 Η
517 3235 614 3276 (add.
641 3235 667 3278 l)
699 3235 711 3278 ΙΙ
741 3235 930 3278 processet
953 3234 988 3268 L
1023 3233 1193 3277 procedit
1218 3232 1381 3268 ASRF

1427 3290 1496 3326 11*
