2092 3614
525 250 675 287 COMM.
700 249 755 286 IN
779 249 924 286 VERG.
950 249 1061 286 AEN.
1090 250 1177 286 VIII
1201 254 1402 287 311—321.
1719 249 1806 292 245

97 360 224 417 (³quis
252 357 397 417 neque)
436 373 523 402 mos
561 357 706 417 (neque
736 360 867 402 cultus
897 358 1027 416 erat')
1049 359 1142 401 Jioo
1181 363 1241 402 est
1274 360 1347 413 qui
1381 373 1508 414 neque
1545 360 1696 414 leyibus
1732 363 1808 402 aut

95 433 267 487 imperio
297 432 540 485 cuiusquam
564 431 824 486 reyebantur,
853 431 953 485 quia
977 444 1066 473 mos
1090 434 1148 473 est
1178 431 1241 473 lea
1270 431 1472 484 quaedam
1502 432 1663 474 vivendi
1691 432 1806 474 nullo

94 504 256 546 vinculo
286 504 503 555 adstricta,
534 503 607 545 hoc
631 506 691 545 est
714 503 777 545 lex
800 516 885 544 non
908 503 1075 556 scripta.
1118 502 1189 545 sed
1210 501 1275 543 hic
1302 500 1485 543 ecultum'
1512 503 1652 557 leyem,
1684 503 1806 556 impe-

94 575 207 618 rium
243 576 396 618 dictum
432 575 584 617 volunt.
645 574 723 616 alii
759 587 891 616 mores
919 588 1001 627 pro
1038 574 1207 628 legibus,
1245 577 1293 615 ut
1322 573 1371 627 <I
1402 574 1518 627 264>
1557 588 1806 628 moresque

94 648 220 690 viris
261 650 305 689 et
346 647 537 689 moenia
571 649 724 700 ponet
764 649 803 688 et
845 645 959 700 <VII
996 646 1110 703 204>
1153 646 1426 698 veterisque
1468 646 1547 687 clei
1589 659 1636 687 se
1678 659 1806 688 more
1831 654 1851 683 5

95 722 341 762 tenentem.

213 791 312 833 317.
362 801 645 833 COMPONERE
673 800 789 831 OPES
821 802 1060 843 reservare,
1093 788 1306 830 ordinare.
1410 799 1624 831 PAROERE
1650 800 1805 832 PARTO

95 863 146 904 de
178 862 264 917 die,
294 861 454 917 inquit,
484 861 691 903 vivebant
722 874 800 903 nee
831 861 1007 902 inventa
1039 860 1284 903 servabant.

214 934 312 976 318.
361 944 479 974 RAMI
504 944 658 983 ATQVE
685 943 834 974 ASPER
860 942 1003 974 vlc'rv
1028 943 1244 974 VENA'rvs
1270 943 1458 974 ALEBAT
1491 934 1675 987 cognato
1702 947 1805 987 quo-

94 1005 322 1047 dammodo
354 1005 472 1046 victu
505 1004 751 1059 alebantur,
783 1006 859 1045 aut
890 1005 1049 1045 venatu
1080 1002 1292 1045 montium
1322 1006 1398 1046 aut
1423 1004 1628 1046 arborum
1653 1004 1805 1046 ramis:
1834 1010 1876 1040 10

91 1076 188 1119 hinc
217 1077 328 1119 enim
358 1076 419 1118 ali
449 1076 644 1118 debebant
673 1089 722 1117 ex
751 1074 966 1131 arboribus
995 1076 1098 1117 nati.
1684 1119 1689 1121 ,

211 1148 311 1190 319.
360 1164 507 1190 PRIMVS
535 1148 658 1200 quasi
687 1150 726 1189 et
754 1147 866 1189 alius
894 1147 1050 1188 venerit
1073 1161 1093 1188 e
1117 1147 1246 1197 caelo;
1278 1148 1350 1189 secl
1374 1147 1537 1200 primus
1561 1147 1609 1188 in
1629 1146 1806 1189 Italiam

91 1220 210 1263 venit.
307 1230 366 1269 ΑΒ
392 1229 631 1261 AETHERIO
657 1230 800 1261 vnm'r
828 1229 1069 1260 SATVRNVS
1097 1229 1285 1261 OLYMPo
1318 1218 1400 1260 hoc
1433 1217 1538 1260 dicit
1570 1218 1804 1261 secundum

92 1290 308 1346 poeticum
334 1304 515 1344 morem3
547 1305 649 1332 nam
676 1289 887 1332 Saturnus
914 1304 989 1331 rex
1014 1290 1099 1332 fuit
1118 1288 1286 1344 Cretae,
1313 1304 1438 1344 quem
1465 1289 1662 1345 Iuppiter
1687 1289 1803 1332 filius

91 1363 208 1404 bello
239 1361 420 1417 pepulit.
470 1361 541 1403 hic
572 1361 743 1416 fugiens
776 1361 830 1402 ab
857 1360 963 1402 Iano
995 1375 1102 1415 reye,
1133 1362 1205 1415 qui
1225 1347 1375 1403 ‘urbem
1404 1346 1563 1419 habuit,
1595 1361 1665 1403 ubi
1694 1375 1804 1404 nunc
1831 1367 1875 1398 15

91 1434 348 1488 Ianiculum,
382 1435 447 1476 est
478 1435 720 1488 susceptus,
753 1432 826 1487 qui
856 1433 1068 1487 regnabat
1099 1433 1144 1474 in
1170 1432 1311 1475 Italia.
1356 1427 1482 1487 quein
1514 1447 1611 1474 eum
1642 1433 1804 1475 docuis-

92 1509 158 1548 set
197 1521 321 1548 usum
359 1505 579 1548 vinearum
619 1506 662 1545 et
698 1503 822 1545 falcis
854 1506 892 1545 et
920 1503 1206 1546 humaniorem
1242 1505 1410 1559 victum,
1447 1504 1491 1545 in
1529 1506 1698 1558 partem
1737 1508 1804 1546 est

92 1578 305 1620 admissus
335 1575 506 1632 imperii
540 1578 583 1618 et
614 1575 699 1618 sibi
731 1575 938 1630 oppidum
963 1575 1067 1617 feeit
1096 1575 1170 1618 sub
1195 1576 1297 1618 clivo
1318 1574 1568 1630 Capitolino,
1598 1575 1670 1617 ubi
1694 1590 1804 1618 nunc

89 1650 176 1692 eius
206 1650 322 1692 aeoles
351 1649 521 1691 videtur.
582 1648 655 1701 qui
689 1649 842 1702 postea
879 1662 1005 1689 suum
1044 1646 1247 1702 repetivit
1284 1647 1524 1702 imperium.
1585 1661 1635 1689 ex
1664 1646 1738 1690 hoc
1766 1651 1806 1689 et

90 1721 356 1772 Saturnalia,
392 1723 440 1762 ut
475 1722 604 1762 essent
638 1718 899 1760 memorialia
934 1719 1041 1760 vitae
1071 1732 1197 1771 quam
1227 1718 1438 1762 Saturnus
1468 1719 1679 1761 domierat:
1719 1733 1803 1773 qua
1828 1725 1873 1755 20

90 1793 156 1834 die
192 1792 323 1834 simili
358 1795 397 1833 et
423 1791 659 1845 promiscuo
695 1790 803 1832 victu
840 1793 1015 1832 utuntur
1050 1791 1157 1832 servi
1192 1793 1231 1831 et
1267 1790 1394 1832 liberi.
1455 1791 1544 1832 ideo
1583 1794 1720 1833 autem
1756 1793 1803 1833 in

90 1865 186 1906 aede
215 1865 348 1918 ipsius
378 1863 567 1906 Saturni
587 1863 815 1913 aerarium,
846 1863 955 1916 quod
982 1862 1041 1904 ibi
1063 1862 1328 1917 potissimum
1350 1862 1532 1917 pecunia
1560 1865 1801 1916 servaretur,

88 1949 132 1978 eo
163 1936 272 1990 quod
299 1935 365 1977 illi
395 1935 575 1977 maxime
605 1934 805 1976 credatur.
1217 1923 1225 1932 ⁵

142 2002 144 2005 ⁴
209 2007 307 2049 321.
357 2018 398 2049 IS
437 2018 589 2049 ‹313st
629 2016 856 2048 INDOCILE
895 2019 973 2059 pro
1012 2003 1298 2046 eindoetum’:
1339 2020 1439 2047 nam
1472 2003 1698 2047 ‘indocile'
1736 2007 1802 2047 est

90 2079 203 2134 quod
239 2078 414 2133 penitus
446 2093 535 2120 non
572 2079 716 2133 potest
753 2076 934 2129 discere,
976 2074 1238 2118 ‘indoctum’
1272 2075 1386 2130 quod
1417 2075 1607 2131 nondum
1639 2075 1800 2118 didicit.
1826 2083 1871 2113 25

88 2151 169 2193 hos
201 2153 345 2192 autem
377 2149 481 2192 dicit
512 2165 605 2192 esse
637 2148 906 2204 conpositos,
944 2142 1054 2189 unde
1086 2149 1267 2202 apparet
1300 2147 1402 2202 quia
1433 2145 1661 2188 ‘indocile'
1695 2147 1803 2189 dixit

88 2237 166 2277 pro
199 2220 477 2264 ‘indoctumz
538 2221 621 2263 hoc
652 2222 796 2262 autem
836 2221 902 2261 est
940 2218 1053 2274 quod
1092 2218 1195 2260 dicit
1226 2217 1376 2261 Cicero
1408 2218 1453 2259 in
1484 2218 1625 2273 primo
1658 2218 1800 2260 rheto-

88 2293 295 2348 ricorum,
335 2292 448 2334 feros
487 2291 626 2333 adhue
663 2290 861 2347 homines
900 2289 1050 2346 magni
1088 2289 1311 2332 cuiusdam
1350 2289 1433 2332 viri
1469 2288 1663 2332 oratione
1703 2304 1801 2332 con-

88 2365 269 2419 positos.

183 2473 204 2504 2
231 2469 321 2514 quia
345 2443 424 2503 mos
452 2496 459 2503 .
481 2496 488 2502 .
511 2496 518 2503 .
546 2467 700 2512 scripta]
727 2466 772 2501 ef.
799 2466 886 2502 Isid.
913 2465 989 2501 diff.
1018 2466 1118 2503 verb.
1140 2471 1208 2502 339
1228 2468 1240 2511 ΙΙ
1261 2470 1305 2501 14
1330 2477 1418 2502 nam
1438 2466 1618 2502 Saturnus
1645 2477 1674 2501 e.
1696 2477 1731 2510 q.
1754 2466 1796 2511 s.]

89 2530 204 2553 exser.
230 2517 415 2562 mythogr.
441 2515 493 2550 III
515 2519 546 2560 1,
567 2519 587 2550 2
607 2516 620 2562 ΙΙ
638 2518 685 2549 24
711 2526 798 2550 nam
822 2513 985 2549 indocile
1012 2543 1018 2549 .
1044 2542 1051 2550 .
1074 2543 1082 2550 .
1108 2514 1256 2561 didicit]
1286 2513 1333 2549 ef.
1358 2513 1446 2550 Isid.
1473 2512 1549 2549 diff.
1576 2514 1676 2549 verb.
1698 2517 1765 2549 292
1786 2514 1798 2560 Η

89 2569 133 2599 27
161 2564 305 2610 Cicero]
333 2564 379 2599 ef.
406 2563 452 2599 de
477 2563 551 2599 inv.
577 2563 594 2598 I
619 2567 652 2606 2,
678 2567 699 2597 2

187 2664 203 2694 1
231 2670 311 2694 mos
330 2658 371 2693 F
394 2660 512 2702 (mons
532 2657 599 2703 G)=
626 2658 673 2692 ad
691 2668 834 2693 morem
853 2657 1000 2691 Daniel.
1039 2657 1101 2692 sed
1119 2660 1274 2702 apparet
1291 2657 1392 2704 plen.
1413 2660 1594 2692 comment.
1615 2660 1797 2692 auctorem

88 2707 217 2743 scholii
241 2707 337 2751 quod
362 2705 613 2750 exscripturus
637 2709 716 2740 erat
740 2705 867 2740 lemma
891 2704 1085 2739 mutilasse.
1105 2705 1118 2749 ΙΙ
1136 2703 1297 2750 legimus
1318 2703 1352 2739 G
1370 2705 1382 2750 ΙΙ
1411 2708 1431 2738 3
1458 2703 1523 2739 sed
1549 2703 1628 2750 hio]
1652 2706 1736 2748 fort.
1758 2704 1797 2738 et

91 2754 129 2790 hi
147 2757 159 2801 11
178 2758 200 2790 4
224 2756 268 2790 ut
292 2754 439 2789 addidi:
466 2752 585 2788 veluti
609 2752 747 2787 Daniel
765 2753 777 2798 ΙΙ
797 2755 817 2787 5
844 2751 994 2786 moenia
1018 2752 1148 2805 ponet]
1174 2762 1321 2795 moenp.
1343 2751 1383 2785 F
1398 2752 1410 2798 ΙΙ
1439 2754 1460 2786 8
1486 2751 1639 2786 iuuenta
1664 2752 1707 2786 H
1741 2752 1795 2786 in-

88 2804 179 2838 uent
199 2801 239 2836 F
273 2801 442 2836 iumenta
467 2800 674 2844 Stephanus
691 2801 703 2845 ΙΙ
723 2803 744 2834 9
770 2800 931 2845 cognato
958 2827 966 2834 .
988 2827 996 2834 .
1017 2826 1025 2833 .
1052 2811 1166 2837 ramls
1192 2798 1316 2835 om.H
1332 2799 1345 2843 ΙΙ
1365 2799 1516 2844 cognati
1540 2799 1581 2833 F
1596 2800 1608 2843 ΙΙ
1629 2803 1670 2833 11
1699 2799 1796 2833 hunc

90 2849 123 2885 G
154 2851 167 2894 ΙΙ
203 2849 392 2884 debebant
415 2848 564 2892 scripsi:
591 2846 731 2882 debant
756 2846 797 2881 F
831 2845 970 2882 debent
993 2845 1132 2882 Daniel
1161 2847 1174 2891 ΙΙ
1212 2850 1255 2881 12
1280 2857 1324 2881 ae
1350 2847 1430 2881 celo
1457 2846 1498 2881 F
1521 2847 1555 2891 (e
1582 2846 1684 2881 caelo
1711 2846 1758 2891 G)
1785 2845 1797 2892 Η

92 2901 135 2932 18
163 2897 231 2931 sub
256 2896 344 2931 diuo
371 2893 576 2941 capitulino
597 2893 646 2937 F,
673 2905 764 2929 corr.
780 2891 921 2929 Daniel
938 2894 949 2939 ΙΙ
968 2897 1013 2929 20
1040 2895 1139 2929 esset
1157 2893 1211 2937 F‚·
1232 2905 1322 2929 corr.
1338 2893 1487 2929 Daniel.
1517 2894 1603 2937 fort.
1630 2894 1673 2928 ut
1698 2896 1797 2928 esset

91 2944 270 2979 memoria
282 2943 396 2985 ‚illius
420 2942 522 2978 vitae
541 2944 554 2988 ΙΙ
572 2946 616 2977 21
637 2940 751 2976 simili
770 2941 1027 2977 Commelinus:
1054 2940 1175 2976 simile
1194 2941 1235 2976 F
1264 2940 1376 2976 simul
1397 2942 1604 2976 Masvicius
1622 2941 1635 2986 ΙΙ
1654 2945 1699 2975 22
1723 2951 1795 2988 ἐρο-

88 2990 273 3026 tissimum
301 2990 348 3028 F.
392 2994 546 3026 ceterum
575 2989 660 3024 ideo
694 2989 819 3024 autem
850 2989 889 3023 in
914 2989 1006 3024 aede
1030 2989 1149 3034 ipsius
1175 2988 1327 3024 Saturni
1352 2989 1434 3024 erat
1458 2987 1660 3031 aerarium,
1696 2987 1796 3032 quod

89 3037 144 3074 ibi
167 3050 233 3084 pro
258 3038 447 3074 tutissimo
479 3036 609 3083 populi
641 3036 800 3082 pecunia
831 3038 1057 3080 servaretur,
1090 3047 1133 3071 eo
1166 3037 1265 3081 quod
1295 3035 1355 3070 illi
1386 3036 1545 3071 maxime
1577 3035 1796 3070 credebatur

92 3085 308 3129 Schoellius,
337 3085 423 3121 ideo
450 3114 456 3120 .
480 3113 487 3120 .
509 3111 517 3119 .
543 3083 728 3120 aerarium
760 3094 832 3128 quo
856 3084 911 3119 vel
934 3084 975 3119 in
1000 3095 1074 3128 quo
1099 3083 1251 3128 publica
1276 3083 1511 3129 potissimum
1536 3082 1694 3128 pecunia
1720 3093 1794 3115 ser—
1815 3126 1821 3130 Ι

92 3133 267 3177 vabatur,
295 3133 393 3178 quod
419 3132 477 3168 illi
500 3132 662 3167 maxime
688 3131 890 3167 credebant
912 3132 967 3167 vel
992 3131 1214 3166 credebatur
1238 3135 1299 3177 eqo
1317 3133 1330 3175 ΙΙ
1355 3134 1401 3166 24
1418 3141 1504 3166 nam
1526 3157 1534 3165 .
1550 3158 1557 3165 .
1575 3159 1582 3166 .
1603 3130 1794 3164 indoctum

94 3189 160 3214 om.
183 3179 218 3213 L
242 3180 342 3225 (add.
369 3181 395 3225 l)
415 3181 427 3226 u
451 3191 537 3215 nam
563 3190 629 3215 om.
655 3178 693 3214 R
716 3179 730 3224 ΙΙ
753 3182 799 3214 25
825 3178 982 3225 discere]
1010 3179 1143 3214 docere
1162 3177 1209 3212 «F
1243 3177 1367 3213 doceri
1392 3178 1531 3213 Domiel
1548 3178 1560 3223 ΙΙ
1586 3180 1630 3211 26
1656 3176 1794 3210 incom-

93 3225 235 3270 positos
260 3226 352 3261 LM
370 3228 383 3272 ΙΙ
413 3231 457 3263 27
485 3229 543 3262 est
568 3226 669 3272 quod
693 3237 759 3263 om.
780 3226 845 3271 Lu
876 3230 920 3262 28
946 3226 1068 3261 adhuc
1092 3236 1158 3261 om.
1178 3225 1216 3261 R
1233 3225 1246 3270 ΙΙ
1264 3225 1359 3261 iurio
1384 3224 1539 3260 rationis
1559 3224 1604 3258 H
