2092 3614
265 677 285 707 5

315 273 404 315 374
1096 274 1256 311 SERVH

435 383 532 425 706.
583 395 643 424 ET
666 395 869 426 GLIPEVM
897 395 1044 426 SVPER
1070 396 1277 427 INTONAT
1303 396 1473 427 inerms
1501 388 1576 427 aut
1599 386 1691 442 ipse
1718 386 1868 442 ingens
1896 402 2023 442 super

313 454 499 508 elipeum
527 454 718 496 intonat:
751 457 826 496 aut
853 455 1005 511 ingens
1033 456 1219 511 elipeum
1247 471 1377 511 supra
1403 457 1544 511 ipsum
1569 459 1711 499 tonat:
1737 472 1838 499 nam
1864 457 2023 499 lectum

315 527 381 566 est
407 525 538 566 etiam
566 525 661 568 ‘hoe
689 525 902 582 efipeum',
933 530 982 569 ut
1008 527 1166 581 probat
1186 525 1345 582 Caper:
1379 528 1491 582 quod
1518 528 1657 583 magis
1684 528 1888 570 debemus
1915 529 2024 571 aeci—

313 612 433 651 pere:
461 612 559 639 nam
581 596 816 640 Homerum
843 599 1038 640 imitatus
1060 601 1138 653 est,
1164 599 1238 653 qui
1259 598 1321 640 ait
1340 595 1537 654 ἀράβησε
1564 597 1613 641 d}
1634 597 1776 654 τεύχε’
1801 597 1867 642 ἐπ’
1891 596 2023 659 αὐτῷ.

435 670 531 711 707.
581 681 783 712 Evssomo
829 682 1040 713 BAIARVM
1085 681 1257 712 hirom:
1300 670 1408 711 bene
1451 669 1700 712 ‘Baiarum'
1747 671 1926 726 addidit,
1970 686 2023 713 ne

313 739 537 782 Euboeam
569 740 756 783 insulam
788 741 1158 796 intellegeremus,
1200 741 1309 782 unde
1342 740 1649 783 Chalcidenses
1688 745 1913 797 venerunt,
1951 743 2023 798 qui

312 811 596 854 condiderunt
628 810 802 867 Cumas,
842 827 950 867 quae
991 815 1093 854 sunt
1125 812 1227 853 Bais
1258 812 1437 854 vicinae.
1500 812 1741 855 Postumius
1772 814 1819 856 de
1849 815 2024 856 adventu

312 883 475 925 Aeneae
516 886 554 925 et
590 883 786 925 Lutatius
827 884 1102 926 communium
1144 883 1415 925 historiarum
1452 883 1609 926 Boiam
1646 883 1825 926 Eusciini
1867 886 2024 927 comitis

311 954 475 996 Aeneae
498 955 716 1010 nutricem,
747 958 786 997 et
809 955 860 997 ab
886 956 973 997 eius
997 956 1162 1009 nomine
1180 954 1315 997 Boias
1339 958 1501 996 vocatas
1523 956 1685 997 dieunt:
1717 960 1863 999 veteres
1888 960 2023 999 tamen

243 1033 285 1064 10
304 1029 473 1078 portum
504 1025 643 1068 Baias
674 1027 837 1069 dixisse.
894 1026 1028 1070 Varro
1059 1041 1087 1069 a
1118 1026 1231 1068 Baio
1271 1026 1409 1068 Vlixis
1439 1027 1595 1079 comite,
1627 1027 1699 1080 qui
1728 1028 1815 1069 illie
1844 1028 2023 1081 sepultus

242 1390 286 1421 15

240 1747 285 1778 20

310 1100 385 1147 est,
417 1097 558 1139 Baias
582 1098 714 1139 dietas
740 1098 878 1140 tradit.
971 1114 1160 1144 QVONDAM
1187 1097 1252 1139 hie
1278 1097 1516 1150 ‘quondam’
1545 1112 1622 1151 pro
1648 1099 1847 1151 expletiva
1870 1100 2022 1152 posuit.

311 1168 389 1209 alii
420 1167 656 1221 ‘quondam'
689 1169 814 1211 medii
845 1170 1037 1223 temporis
1067 1169 1227 1211 volunt:
1268 1170 1439 1223 quidam
1471 1169 1707 1223 ‘quondam’
1739 1170 1796 1211 ad
1817 1171 2021 1223 perpetui-

312 1242 435 1280 tatem
467 1241 659 1293 temporis
689 1241 890 1295 referunt,
921 1240 994 1282 hoe
1024 1244 1084 1283 est
1114 1240 1182 1283 ‘ut
1210 1241 1310 1282 solet
1337 1240 1463 1294 fteri'.

433 1311 529 1352 709.
579 1328 698 1354 pomo
717 1329 879 1355 IACIVNT
905 1311 978 1354 hoc
1009 1315 1067 1354 est
1097 1311 1255 1354 ‘eontra
1279 1310 1481 1367 pontuni'.
1610 1329 1671 1354 sm
1694 1330 1784 1355 ILLA
1811 1312 1898 1355 ‘sic'
1923 1327 2021 1366 pro-

313 1381 577 1424 trahendum:
620 1397 722 1425 nani
744 1384 850 1425 ‘cum
887 1384 1056 1425 dixisset
1092 1382 1244 1435 ‘talis'‚
1287 1384 1449 1426 addidit
1485 1382 1564 1425 ‘sie
1599 1383 1676 1425 illa
1685 1382 1710 1426 ⁹.
1839 1395 2022 1426 RVINAM

311 1464 468 1495 PRONA
500 1465 672 1496 TRAHIT
703 1454 767 1496 ita
798 1454 912 1496 enim
946 1453 1263 1497 exaedificatur.

433 1525 530 1566 712.
570 1523 830 1567 ῬΒοοΗΥΤΑ
858 1537 980 1567 ALTA
1008 1537 1185 1567 TREMIT
1219 1527 1338 1581 atqui
1369 1526 1476 1568 haee
1501 1526 1642 1568 insula
1673 1527 1805 1582 plana
1830 1529 1913 1582 est3
1946 1526 2021 1569 sed

312 1595 538 1650 epitheton
581 1596 632 1639 de
674 1596 909 1651 praeterito
954 1597 1107 1655 tranit:
1153 1611 1274 1652 nam,
1318 1599 1365 1638 ut
1405 1597 1509 1639 dicit
1547 1597 1711 1639 Plinius
1750 1597 1794 1639 in
1832 1598 2019 1639 naturali

313 1667 497 1709 historia
535 1666 606 1722 <II
638 1669 664 1721 ἓ
696 1668 831 1723 203>,
873 1667 1084 1710 Inarimes
1125 1682 1250 1710 mons
1293 1668 1377 1710 fuit
1421 1669 1494 1723 qui
1535 1672 1674 1711 terrae
1721 1671 1842 1711 motu
1882 1669 1932 1710 de
1972 1684 2022 1711 ea

311 1738 433 1781 fusus
473 1739 654 1781 alteram
692 1740 879 1781 insulam
918 1739 1038 1795 fecit,
1075 1754 1184 1794 quae
1217 1739 1433 1794 Prochyta
1467 1740 1520 1781 ab
1554 1740 1759 1782 effusione
1792 1740 1906 1782 dieta
1937 1743 2020 1782 est:

310 1810 491 1853 fundere
523 1811 635 1853 enim
669 1813 735 1854 est
767 1810 945 1867 ἐκχέειν.
1009 1810 1266 1866 ‘Prochyta'
1300 1826 1402 1867 ergo
1436 1809 1567 1852 ‘alta'
1600 1811 1813 1866 quondam
1847 1812 2020 1854 scilieet.

309 1882 417 1924 hane
441 1882 626 1925 Naevius
655 1883 703 1924 in
724 1883 866 1937 primo
897 1883 991 1925 belli
1016 1882 1169 1924 Punici
1193 1883 1242 1924 de
1266 1886 1436 1937 eoynata
1459 1882 1620 1924 Aeneae
1649 1896 1795 1924 nomen
1826 1884 2020 1937 accepisse

406 2003 427 2034 2
453 2011 540 2035 nam
567 2027 574 2034 .
602 2028 610 2034 .
639 2027 646 2034 .
673 1998 722 2034 cli
725 2000 851 2046 peum]
887 2000 931 2035 cf.
959 2000 1055 2036 Non.
1082 2011 1120 2044 p.
1148 2003 1231 2043 196,
1258 2003 1303 2034 23
1329 1999 1377 2034 M.
1416 2001 1428 2046 Η
1471 2003 1493 2034 4
1518 1989 1739 2046 Homerum]
1764 2000 1805 2034 Il.
1832 2000 1881 2034 IV
1909 2004 1977 2035 504
2007 2002 2019 2047 Η

312 2051 331 2082 7
358 2047 584 2093 Postumius]
612 2058 670 2092 ap.
698 2046 871 2082 Peterum
898 2048 981 2082 hist.
1008 2048 1112 2082 Rom.
1140 2047 1220 2082 rell.
1247 2059 1282 2091 p.
1303 2050 1349 2082 50
1367 2049 1380 2092 Η
1400 2051 1420 2082 8
1446 2047 1635 2093 Lutatius]
1664 2058 1722 2092 ap.
1744 2046 1916 2082 Peterum
1942 2047 1966 2083 l.
1992 2047 2016 2082 l.

310 2106 346 2140 p.
370 2099 437 2130 193
456 2096 469 2139 Η
499 2099 541 2129 11
569 2095 629 2129 hic
655 2095 843 2139 quondam
869 2105 899 2129 e.
921 2108 954 2140 q.
977 2095 1022 2141 8.]
1051 2094 1095 2130 cf.
1116 2094 1220 2130 Luet.
1240 2093 1338 2130 Plae.
1366 2094 1414 2129 ad
1440 2095 1533 2131 Stat.
1556 2094 1670 2129 Theb.
1693 2095 1725 2130 V
1745 2098 1789 2130 59
1809 2096 1821 2141 Η
1850 2099 1895 2130 22
1921 2097 2019 2130 hanc

341 2171 348 2178 .
371 2171 379 2178 .
407 2142 513 2188 dicit]
542 2141 588 2178 ef.
615 2142 722 2178 Dion.
750 2143 870 2178 Halic.
898 2142 914 2176 Ι
941 2146 1004 2187 533
1031 2142 1154 2177 Aurel.
1181 2141 1278 2178 Vict.
1306 2154 1356 2177 or.
1381 2155 1416 2188 g.
1443 2142 1549 2178 Rom.
1576 2142 1609 2176 X

407 2253 425 2284 1
454 2251 521 2285 aut
544 2250 625 2294 ipse
650 2249 781 2295 ingens
808 2278 815 2285 .
838 2278 845 2285 .
867 2277 875 2285 .
903 2251 968 2284 aut
992 2250 1123 2295 ingens
1149 2260 1216 2285 om.
1243 2248 1283 2283 F
1310 2250 1323 2294 Η
1360 2260 1471 2294 super
1496 2277 1503 2284 .
1527 2277 1534 2285 .
1555 2273 1564 2283 .
1590 2250 1656 2284 aut
1679 2249 1810 2293 iugens
1836 2260 1902 2284 om.
1930 2250 1978 2284 M
2005 2250 2016 2297 Η

310 2301 330 2332 2
359 2308 469 2342 super
494 2297 617 2342 ipsum
644 2297 684 2331 F
700 2299 711 2343 Η
730 2296 878 2332 intonat
903 2298 945 2343 ΖΗ
964 2301 985 2332 3
1011 2297 1145 2342 probet
1169 2296 1242 2331 AS
1267 2296 1374 2340 (corr.
1396 2298 1433 2341 a)
1453 2297 1464 2343 Η
1484 2296 1600 2342 quod]
1629 2307 1672 2331 eo
1697 2296 1738 2330 F
1753 2298 1766 2341 Η
1793 2300 1815 2331 4
1840 2308 1955 2334 nam

310 2344 374 2389 qui
399 2343 454 2379 ait
478 2355 545 2380 om.
572 2344 674 2391 ΑΒΗ
700 2356 854 2380 apannce
880 2356 1028 2380 aeweyxe
1054 2356 1185 2380 enam-w
1211 2344 1246 2378 A
1284 2355 1444 2378 Ammon
1470 2354 1632 2378 ΤεγΧεεΤι
1659 2356 1756 2378 lucrm
1782 2344 1818 2378 R
1856 2327 2016 2380 stannci}

310 2404 423 2427 ’1111116
449 2403 488 2426 ετ
514 2405 611 2426 ΑΥΤω
638 2392 672 2426 L
710 2404 867 2427 APABHCE
893 2406 1006 2427 'rmxu
1031 2405 1079 2427 ΕΠ
1108 2404 1201 2426 ΛΥΤω
1227 2391 1272 2425 H
1304 2402 1461 2426 aPaBHCE
1488 2402 1593 2425 Tere
1620 2402 1674 2425 εΤΙ
1700 2401 1797 2425 aYTw
1826 2392 1875 2426 M
1909 2403 2015 2427 aaa·

310 2450 483 2473 ΒΝΔεΔεεε
510 2450 709 2474 vceeuarra
734 2439 774 2474 F
788 2441 801 2484 Η
832 2444 852 2474 6
878 2440 1139 2484 intellegamus
1166 2439 1194 2473 S
1212 2439 1224 2484 Η
1248 2437 1503 2472 calchidenses
1530 2438 1703 2472 ARLH
1736 2439 2015 2474 chalchidenses

311 2486 361 2520 M
396 2486 639 2521 adohidenses
666 2486 706 2520 F
721 2488 733 2531 Η
753 2487 816 2531 qni
843 2498 971 2521 cumas
997 2486 1195 2522 condidere
1221 2485 1294 2520 AS
1312 2486 1323 2531 Η
1344 2488 1362 2519 7
1390 2484 1598 2520 Postumius
1624 2486 1847 2522 Masvieius:
1873 2487 2015 2531 postui-

308 2545 378 2568 nus
404 2533 444 2567 F
478 2534 672 2577 postunius
699 2534 733 2568 G
769 2535 781 2580 Η
817 2534 863 2568 de
894 2534 1056 2569 adventu
1089 2533 1253 2579 Aeneae]
1290 2534 1334 2576 ef.
1363 2532 1466 2567 Peter
1491 2537 1556 2568 vet.
1582 2534 1663 2569 hist.
1691 2533 1794 2568 Rom.
1820 2535 1896 2569 rell.
1921 2536 2013 2579 prol.

303 2592 344 2626 p.
365 2578 497 2615 CXXV
515 2581 527 2626 Η
546 2582 567 2616 8
593 2580 790 2616 historiam
817 2580 866 2625 F,
892 2592 981 2616 corr.
997 2581 1147 2616 Daniel.
1185 2581 1230 2624 ef.
1251 2580 1358 2614 Riese
1382 2591 1470 2616 mus.
1492 2580 1606 2615 Rhen.
1627 2580 1749 2615 XVIII
1768 2593 1807 2627 p.
1829 2585 1897 2616 448
1910 2593 1982 2627 sqq.
2011 2582 2014 2628 Ι

309 2628 444 2662 Euxini
470 2629 564 2665 Aur.
598 2628 689 2663 Vict.
717 2639 769 2663 or.
795 2631 888 2673 yent.
915 2628 1019 2663 Rom.
1049 2632 1103 2669 10,
1130 2627 1273 2662 Euxeni
1298 2627 1556 2671 Reifferscheid
1580 2639 1668 2663 mus.
1690 2628 1805 2664 Rhen.
1826 2628 1894 2663 XV
1915 2633 1982 2664 609

310 2680 330 2710 9
357 2674 524 2710 nutlicae
549 2675 590 2710 F
622 2675 766 2710 nutrice
793 2675 826 2710 G
851 2677 862 2722 Η
894 2675 1003 2711 Boias
1032 2657 1287 2710 Conamelinus:
1317 2675 1419 2709 baias
1447 2675 1487 2709 F
1508 2677 1520 2721 Η
1549 2677 1654 2710 uetes
1681 2675 1722 2710 F
1744 2677 1903 2720 (ueteres
1929 2677 1977 2721 G)
2011 2632 2015 2723 1

312 2727 355 2758 10
380 2724 531 2768 portum
556 2734 621 2758 om.
649 2723 683 2759 G-
713 2723 726 2767 Η
758 2733 848 2758 uaro
875 2723 908 2758 G
935 2724 948 2768 Η
979 2724 1017 2758 et
1042 2734 1065 2757 a
1088 2722 1181 2758 Baio
1209 2723 1417 2758 Masvieius
1444 2723 1456 2768 Η
1486 2722 1544 2758 1111
1569 2723 1609 2757 F
1637 2724 1649 2769 Η
1688 2726 1730 2758 11
1757 2725 1814 2759 est
1839 2725 1878 2758 et
1901 2723 2013 2759 Baias

309 2770 428 2805 dietas
460 2770 599 2806 Daniel
635 2771 647 2817 Η
689 2771 738 2805 acl
768 2782 936 2810 QvonnAM
966 2781 993 2805 s.
1023 2781 1055 2805 v.
1090 2770 1157 2805 alii
1189 2781 1255 2815 pro
1288 2769 1478 2815 expletiua
1508 2770 1698 2815 accipiunt
1728 2771 1913 2814 quondam
1946 2770 2013 2806 alii
2051 2815 2054 2818 ἦ

309 2817 423 2852 medii
446 2818 627 2862 temporis
657 2817 723 2852 alii
748 2818 795 2853 ad
820 2817 1111 2863 perpetuitatem
1136 2817 1303 2853 referunt
1327 2819 1369 2851 ut
1393 2818 1488 2852 solet
1513 2817 1591 2852 fieri
1620 2818 1653 2852 T
1681 2819 1693 2863 Η
1725 2830 1867 2852 comum
1891 2817 1946 2860 F,
1971 2821 2013 2853 ut

308 2865 414 2908 infra
437 2875 573 2910 semper
599 2865 756 2900 condam
776 2866 788 2911 Η
809 2869 852 2900 13
878 2864 955 2899 8016
976 2865 1015 2899 F
1031 2866 1043 2910 Η
1065 2869 1108 2899 14
1134 2867 1183 2900 ad
1205 2876 1316 2900 PONTO
1341 2875 1368 2901 8.
1390 2875 1421 2899 v.
1448 2875 1515 2909 pro
1541 2865 1578 2899 in
1605 2868 1775 2909 pontum;
1802 2866 1852 2899 ad
1869 2876 2011 2900 1Ac1vwr

308 2923 335 2947 8.
360 2923 391 2946 v.
419 2912 460 2946 ut
484 2923 577 2957 pons
602 2913 761 2958 desuper
786 2912 995 2948 efficeretur
1024 2912 1057 2946 T
1070 2914 1082 2957 Η
1102 2914 1232 2947 contra
1256 2914 1411 2957 pontum
1434 2911 1689 2947 Commelinus:
1717 2915 1847 2946 eontra
1871 2913 2011 2948 fontem

310 2958 351 2993 F
386 2961 517 2994 contra
542 2961 695 3004 pontem
720 2960 859 2995 Daniel
876 2961 888 3006 Η
907 2959 1207 3004 protkahendum
1226 2960 1267 2994 F
1282 2962 1294 3004 Η
1316 2962 1358 2994 15
1384 2958 1471 2994 talis
1496 2970 1574 3005 eyo:
1601 2958 1686 2994 aliis
1713 2958 1753 2993 F
1786 2958 1908 3011 qualis
1931 2960 2010 2995 Da-

307 3007 381 3041 niel
399 3007 411 3052 ΙΙ
429 3008 579 3059 nvn-mn]
606 3019 715 3043 RVINA
741 3007 789 3050 F,
814 3018 880 3043 om.
900 3007 1033 3052 reliqui
1051 3008 1063 3053 Η
1094 3011 1136 3041 19
1163 3007 1343 3042 Inarimes
1370 3033 1377 3040 .
1399 3034 1407 3041 .
1464 3006 1568 3052 fecit]
1594 3006 1768 3041 inarimes
1794 3004 1915 3042 insula
1939 3007 2012 3043 fuit

309 3054 388 3088 alta
421 3052 486 3098 qui
517 3055 639 3090 terrae
664 3056 769 3090 motu
795 3054 841 3090 de
867 3065 911 3090 ea
933 3053 1037 3088 fusus
1064 3056 1172 3099 (quae
1197 3057 1318 3089 terrae
1343 3055 1448 3088 motu
1473 3053 1608 3088 diffusa
1634 3053 1783 3098 Daniel)
1816 3053 1930 3089 aliam
1955 3055 2010 3089 in-

308 3100 426 3135 sulam
451 3100 541 3136 feeit
565 3102 605 3136 F
620 3103 633 3147 Η
652 3102 697 3138 de
724 3112 769 3137 ea
793 3102 909 3148 fusus]
936 3101 1090 3136 diffusus
1118 3102 1168 3136 M
1202 3102 1363 3136 difussus
1389 3101 1431 3147 ῐΗ
1450 3103 1495 3135 20
1521 3099 1665 3145 procita
1691 3100 1731 3134 F
1747 3101 1758 3146 Η
1787 3105 1829 3135 21
1856 3101 2010 3137 fundere

308 3159 339 3184 e.
366 3158 397 3184 e.
425 3144 587 3195 ἔκχέειν]
620 3160 737 3184 acmo
770 3162 840 3184 eor
870 3160 1059 3184 rn’oxynar
1083 3149 1123 3183 F
1156 3150 1168 3195 Η
1205 3160 1347 3183 εκχεειΝ
1377 3148 1466 3182 RH
1471 3148 1534 3182 M
1569 3147 1711 3192 erxeein
1739 3148 1773 3182 A
1813 3160 1955 3194 61χ66111
1983 3149 2012 3183 S

308 3207 459 3230 eximam
484 3195 519 3229 L
542 3197 554 3243 Η
577 3195 855 3241 Prochyta..
882 3196 1026 3231 scilicet
1050 3207 1116 3231 om.
1144 3196 1185 3230 F
1207 3197 1218 3242 Η
1247 3200 1291 3231 22
1317 3196 1414 3230 hanc
1438 3193 1602 3230 Naevius
1630 3195 1885 3231 Gommelinus:
1911 3196 2009 3231 hunc

307 3243 439 3278 nauius
465 3242 506 3277 F
539 3244 638 3279 1111110
662 3243 802 3280 Nevius
830 3244 969 3280 Daniel
