2092 3614
534 265 686 302 COMM.
712 265 766 302 1N
791 264 935 301 VERG.
962 265 1075 303 AEN.
1102 265 1154 301 XI
1180 269 1380 303 868—896.
1725 264 1811 307 571

100 375 390 418 masculinum
428 376 597 431 retulit,
637 377 681 417 et
717 374 779 418 ‘hi
811 374 1104 417 defendentes'
1137 375 1261 430 facit,
1300 376 1413 431 quod
1445 377 1489 417 et
1521 374 1573 417 de
1604 374 1814 417 feminino

101 447 305 490 dicimus:
338 447 375 489 si
408 450 552 489 autem
586 448 637 489 de
669 449 824 489 neutro
856 447 1099 502 loquamur,
1133 445 1485 490 ‘defendentium’
1518 446 1711 490 dicamus
1742 461 1813 488 ne-

101 534 218 562 cesse
245 521 323 575 est,
356 519 457 574 quia
483 518 606 561 ‘haec
633 517 924 561 defendentia'
950 518 1055 561 facit
1081 521 1135 573 et,
1165 520 1210 560 ut
1236 533 1366 573 supra
1386 518 1532 573 <590>
1560 518 1661 574 dixi,
1687 533 1813 574 gene-

101 590 218 633 tivus
249 591 428 646 pluralis
461 605 486 633 a
518 590 787 633 nominativo
819 590 978 645 plurali
1011 589 1153 632 minor
1185 604 1278 632 esse
1312 605 1398 632 non
1430 590 1568 632 debet.
1625 589 1741 645 quod
1774 589 1811 631 si

100 663 213 705 forte
246 663 455 704 minorem
490 677 586 704 eum
619 661 851 717 aliquando
884 661 1188 717 invenerimus,
1220 662 1347 704 metri
1378 662 1638 704 necessitate
1670 662 1737 717 fit,
1770 663 1813 704 et

100 734 254 790 incipit
291 734 379 776 iam
417 733 575 788 pathos
617 748 729 789 esse,
766 748 853 776 non
892 732 1136 776 declinatio.
1197 747 1280 776 uou
1311 734 1420 776 nulli
1451 748 1543 788 erqo
1574 735 1621 776 iu
1651 733 1716 776 his
1745 747 1815 775 no-

100 806 282 848 minibus
308 805 537 860 yeuetivum
567 808 805 859 corruptum
828 819 910 859 pro
941 805 1098 859 inteyro
1129 805 1346 858 accipiunt.

221 877 318 920 887.
369 893 654 920 LAGRJMANTVM
680 877 850 930 quidam
878 875 1202 919 ‘lacrimantum'
1225 877 1455 931 yeuetivum
1480 880 1717 931 corruptum
1733 891 1815 931 pro

102 950 257 1004 iuteyro
289 949 507 1003 accipiunt,
537 948 637 1002 quia
665 948 770 1001 facit
800 947 1156 990 ‘lacrimantium’.

221 1021 319 1063 888.
369 1030 672 1062 PRAECIPITES
704 1030 872 1062 FOSSAS
906 1020 951 1061 in
984 1034 1091 1075 quas
1125 1019 1226 1075 quid
1257 1021 1404 1075 potest
1436 1020 1724 1075 praecipitari.

223 1092 321 1135 889.
372 1102 525 1134 CAECA
557 1090 898 1146 inrationabilis,
937 1105 1046 1146 quae
1079 1091 1123 1133 in
1156 1091 1298 1133 clusas
1331 1094 1479 1145 portas
1512 1106 1632 1134 more
1665 1091 1816 1134 arietis

102 1164 266 1219 ruebat,
298 1163 340 1206 id
373 1166 440 1205 est
470 1162 615 1205 bellici
648 1161 1000 1205 machinamenti.

223 1235 321 1278 891.
372 1246 531 1278 SVMMO
565 1245 835 1277 CERTAMINE
861 1234 906 1275 in
934 1236 1125 1276 extremo
1152 1233 1410 1287 discrimine,
1443 1237 1490 1277 ut
1516 1250 1647 1290 supra
1670 1236 1816 1290 <476>

103 1309 255 1350 vocat
285 1307 433 1349 labor
465 1306 679 1349 ultimus
713 1320 898 1349 omnes.

224 1378 321 1421 892.
370 1395 576 1421 uoivsrfflr
601 1396 709 1422 Amore
745 1396 816 1421 VER
827 1395 869 1420 Vs
900 1378 973 1432 qui
1003 1381 1178 1432 apparet
1207 1378 1253 1420 in
1283 1378 1477 1421 adversis.
1591 1395 1732 1421 VIDERE
1759 1396 1818 1421 GA-

104 1468 259 1493 MILLAM
294 1450 444 1508 seilicet
473 1463 577 1504 quae
599 1463 680 1504 pro
711 1449 851 1491 aliena
874 1450 1024 1503 patria
1054 1450 1241 1492 cecidisse
1270 1450 1493 1492 videbatur.
1537 1463 1639 1493 saue
1671 1449 1733 1491 ‘ut
1761 1451 1820 1492 vi-

105 1521 211 1564 dere'
250 1535 334 1564 nou
369 1522 545 1564 relatam
583 1535 632 1564 ea:
662 1534 826 1576 puyua,
863 1521 934 1563 sed
969 1523 1016 1562 ut
1045 1521 1274 1575 exemplum
1305 1522 1470 1564 virtutis
1500 1522 1588 1564 eius
1618 1522 1818 1564 viderunt.

105 1597 143 1636 et
172 1594 342 1647 quidam
375 1592 438 1635 ‘ut
466 1591 615 1635 videre'
646 1593 768 1647 quasi
798 1593 1139 1646 quemadmodum
1164 1593 1318 1643 videre;
1352 1591 1428 1635 ‘ut'
1455 1593 1562 1635 euim
1590 1594 1820 1636 coniunctio

106 1666 238 1721 modo,
266 1678 351 1707 uou
381 1665 619 1707 adverbium
651 1665 842 1719 temporis
866 1667 934 1707 est.
977 1667 1052 1706 aut
1078 1663 1139 1706 ‘ut
1161 1663 1308 1707 videre’
1333 1665 1676 1718 quemadmodum
1702 1665 1822 1707 illam

106 1738 303 1780 dimicare
336 1734 564 1794 (videram
596 1750 679 1778 nou
711 1736 821 1778 euim
852 1734 961 1791 eam)
994 1736 1183 1778 videraut
1213 1736 1378 1790 quaudo
1410 1736 1578 1778 interiit.

227 1809 326 1851 893.
376 1820 613 1850 TREPIDAE
644 1807 747 1850 licet
777 1807 982 1863 trepidae,
1013 1810 1160 1849 tamen
1193 1807 1356 1850 oblitae
1390 1822 1516 1850 sexus
1546 1807 1636 1850 tela
1661 1808 1822 1850 iacula-

107 1881 278 1924 bantur.

227 1953 325 1996 895.
376 1963 682 1995 PRAEOIPITES
716 1954 790 1994 aut
821 1951 1018 2004 festinae,
1051 1952 1126 1992 aut
1158 1951 1202 1992 in
1235 1953 1418 1993 mortem
1450 1954 1635 1993 ruentes.
1727 1963 1822 1993 PRI-

108 2036 300 2077 MAEQVE
333 2036 450 2068 Mom
475 2035 567 2067 PRO
594 2034 830 2066 MOENIBVS
858 2035 1046 2065 AVDENT
1078 2022 1204 2064 nimii
1231 2022 1390 2064 doloris
1419 2025 1496 2078 est,
1528 2025 1576 2065 ut
1596 2022 1685 2076 <IX
1705 2022 1821 2077 492>

110 2111 183 2138 me
217 2096 431 2151 primam
464 2095 720 2138 absumite
752 2094 905 2137 ferro.

231 2168 328 2210 896.
380 2178 678 2210 SAEv1ssles
718 2178 892 2208 IMPLET
926 2176 1129 2208 NVNT1vs
1167 2167 1217 2207 ut
1254 2165 1383 2207 etiam
1425 2180 1554 2220 supra
1586 2164 1675 2218 <VI
1706 2165 1822 2219 456>

110 2238 307 2291 diximus,
341 2237 552 2281 ‘nuntius'
586 2241 652 2280 est
684 2238 757 2294 qui
788 2237 973 2292 nuntiat,
1006 2235 1235 2279 ‘nuntium'
1262 2237 1378 2292 quod
1403 2236 1644 2291 nuntiatur,
1676 2251 1823 2279 secun-

112 2310 213 2352 dum
247 2310 360 2365 quod
392 2325 505 2352 nunc
536 2325 615 2352 nec
648 2310 698 2352 de
730 2310 913 2364 femina,
943 2323 1020 2350 nec
1052 2308 1102 2350 de
1134 2323 1180 2350 re
1214 2323 1322 2364 quae
1356 2309 1600 2363 nuntiatur,
1631 2308 1824 2363 procedit

111 2380 338 2423 ‘nuntius'z
378 2382 488 2423 unde
529 2381 654 2423 multi
693 2381 844 2424 volunt
876 2381 1009 2423 alium
1042 2380 1243 2422 nuntium
1276 2379 1490 2436 intellegi,
1530 2380 1690 2422 Accam
1723 2395 1823 2421 vero

111 2456 264 2508 postea
296 2452 476 2495 venisse.
540 2453 615 2495 sed
648 2453 803 2495 melius
838 2455 916 2507 est,
948 2455 997 2493 ut
1031 2451 1240 2493 ‘nuntius’
1273 2451 1324 2493 de
1356 2451 1472 2494 Acca
1504 2450 1666 2493 dictum
1698 2451 1823 2493 intel-

207 2597 251 2629 27
278 2593 430 2629 nuntius
456 2596 514 2630 est
539 2605 569 2630 e.
597 2606 631 2639 q.
661 2594 706 2641 3.]
733 2595 778 2630 ef.
805 2593 891 2629 Isid.
918 2604 968 2630 or.
995 2592 1029 2627 X
1057 2557 1138 2629 189·

212 2728 229 2759 1
258 2724 302 2759 de
330 2736 394 2760 om.
417 2725 568 2770 ASHn
587 2729 608 2760 3
635 2723 711 2759 dixi
737 2725 869 2760 ASR:
896 2723 951 2759 ait
977 2724 1021 2759 H
1056 2724 1216 2760 diximus
1244 2724 1367 2770 MFu
1386 2728 1408 2758 4
1434 2735 1457 2759 a
1481 2735 1547 2759 om.
1568 2722 1603 2757 R
1622 2723 1674 2768 115
1700 2733 1824 2758 neces-

116 2772 208 2808 sitas
234 2772 325 2808 facit
349 2772 443 2807 RM
478 2771 681 2808 necessitas
706 2771 750 2808 fit
775 2773 845 2818 Hfl
878 2776 899 2807 6
925 2772 1016 2817 iam]
1045 2772 1158 2808 etiam
1185 2772 1307 2819 ΗΜΙΙ
1334 2771 1484 2817 pathos]
1512 2769 1669 2806 emfatos
1695 2770 1731 2805 R
1750 2771 1762 2816 ΙΙ
1786 2770 1825 2804 in

114 2819 172 2855 his
200 2848 206 2854 .
231 2848 237 2855 .
262 2848 268 2854 .
294 2830 362 2865 pro
387 2820 534 2865 integro
561 2831 626 2855 om.
643 2819 675 2855 G
695 2820 707 2866 ss
726 2820 938 2854 numinibus
959 2819 998 2854 F
1014 2821 1026 2864 ΙΙ
1045 2825 1066 2855 8
1092 2820 1244 2864 quidam
1271 2832 1294 2854 a
1318 2818 1580 2854 lacrimantum
1605 2817 1644 2852 F
1660 2819 1671 2863 ΙΙ
1691 2821 1711 2852 9
1738 2818 1826 2862 quia

115 2868 207 2902 facit
232 2866 506 2902 lacrimantium
533 2871 615 2911 post
640 2867 830 2911 accipiunt
857 2867 935 2911 (lin.
959 2870 994 2911 7)
1019 2868 1099 2902 hab.
1123 2867 1163 2902 F
1179 2869 1190 2913 ΙΙ
1213 2872 1254 2902 10
1281 2867 1423 2912 FOSSAS]
1451 2866 1616 2901 declines
1641 2866 1726 2900 add.
1751 2865 1789 2899 D
1814 2865 1824 2909 l}

115 2913 199 2959 quis
226 2915 354 2950 ASM
371 2917 383 2958 ΙΙ
414 2914 535 2960 possit
560 2915 595 2949 A
614 2916 626 2959 ΙΙ
660 2917 703 2949 15
727 2915 864 2949 scholia
891 2915 940 2950 ad
965 2926 996 2948 v.
1023 2918 1092 2950 892
1118 2915 1198 2950 hab.
1231 2915 1289 2960 ΤΙΙ
1329 2919 1371 2949 16
1398 2914 1597 2949 uidebatur
1626 2914 1672 2948 T:
1699 2912 1823 2947 uidea—

115 2966 177 2997 tur
203 2962 243 2996 F
277 2962 424 2998 videtur
450 2962 590 2997 Daniel
607 2963 619 3007 ΙΙ
647 2972 734 2996 sane
760 2973 826 2997 om.
851 2962 910 3006 ΤΙΙ
938 2961 1083 2998 uideret
1108 2961 1148 2996 F
1182 2962 1356 2997 uiderunt
1385 2962 1417 2995 Τ
1433 2962 1446 3007 ΙΙ
1479 2965 1520 2996 17
1548 2971 1621 2996 non
1647 2961 1822 3005 relatam]

116 3009 260 3045 scilicet
286 3011 370 3045 add.
394 3009 426 3044 T
443 3012 454 3055 ΙΙ
476 3012 518 3044 18
545 3010 583 3044 et
602 3009 750 3054 quidam
774 3037 781 3044 .
804 3038 811 3045 .
835 3036 842 3043 .
863 3009 1011 3053 quando
1037 3009 1195 3056 interiit]
1222 3012 1265 3044 ut
1289 3011 1415 3044 autem
1443 3007 1655 3044 coniunctio
1682 3007 1742 3042 hic
1769 3011 1826 3042 est

115 3068 190 3092 non
221 3056 440 3092 aduerbium
473 3057 663 3102 temporis.
703 3056 782 3091 siue
807 3060 850 3091 ut
875 3056 1050 3092 uiderunt
1075 3056 1389 3102 quemadmodum
1416 3055 1483 3091 illa
1508 3055 1711 3090 dimicauit.
1753 3066 1825 3090 non

118 3104 215 3139 enim
242 3116 324 3140 eam
351 3105 472 3150 prino
498 3105 672 3140 uiderunt
698 3104 846 3148 quando
872 3103 1017 3139 interiit
1038 3104 1071 3139 T
1088 3106 1099 3151 ΙΙ
1119 3103 1449 3149 quemadmodum]
1477 3105 1519 3138 ut
1540 3103 1625 3138 add.
1640 3102 1679 3136 F
1695 3104 1707 3146 ΙΙ
1726 3102 1824 3136 enim

116 3153 264 3196 scripsi:
292 3163 374 3187 eum
402 3152 442 3187 F
478 3163 561 3187 cum
587 3151 727 3187 Daniel
757 3152 768 3197 ΙΙ
803 3156 844 3187 19
872 3150 1106 3197 aduerbiumj
1134 3152 1244 3187 modo
1271 3151 1353 3186 add.
1376 3150 1416 3184 F
1444 3152 1455 3196 ΙΙ
1487 3154 1532 3185 20
1557 3150 1730 3185 viderunt
1757 3176 1763 3183 .
1787 3175 1793 3182 .
1817 3176 1824 3183 .

117 3211 199 3233 eam
226 3199 358 3236 addidi
374 3200 387 3245 ΙΙ
406 3203 451 3234 28
471 3211 540 3235 nec
567 3199 612 3235 dc
634 3203 718 3234 aute
736 3199 893 3245 femina]
920 3201 1046 3244 potest
1064 3199 1147 3242 AS,
1173 3210 1240 3234 nec
1266 3209 1332 3233 om.
1348 3197 1384 3232 R
1421 3198 1465 3232 de
1487 3209 1552 3234 om.
1569 3197 1612 3232 H
1628 3198 1638 3242 ΙΙ
1658 3200 1702 3231 29
1724 3195 1823 3230 aliud

118 3245 159 3281 F
175 3247 185 3292 ΙΙ
218 3250 263 3282 30
288 3247 436 3294 postea]
464 3259 532 3292 pro
559 3258 604 3282 ea
629 3246 669 3282 F
685 3248 696 3293 ΙΙ
722 3246 887 3287 uenisset
911 3246 951 3281 F
967 3248 979 3292 ΙΙ
1004 3249 1062 3283 est
1086 3257 1152 3283 om.
1173 3245 1288 3281 ASR
1307 3247 1318 3291 ΙΙ
1344 3248 1386 3280 ut
1411 3256 1477 3280 om.
1504 3245 1545 3280 F

1843 1027 1886 1058 10

1847 1384 1890 1417 15

1847 1743 1893 1774 20

1847 2100 1893 2132 25

1850 2458 1895 2490 30
