<?xml version="1.0" encoding="UTF-8"?>
<!DOCTYPE html PUBLIC "-//W3C//DTD XHTML 1.0 Transitional//EN"
    "http://www.w3.org/TR/xhtml1/DTD/xhtml1-transitional.dtd">
<html xmlns="http://www.w3.org/1999/xhtml" xml:lang="en" lang="en">
 <head>
  <title>
</title>
<meta http-equiv="Content-Type" content="text/html;charset=utf-8" />
  <meta name='ocr-system' content='tesseract 3.04.00' />
  <meta name='ocr-capabilities' content='ocr_page ocr_carea ocr_par ocr_line ocrx_word'/>
</head>
<body>
  <div class='ocr_page' id='page_1' title='image "./invergiliicarmin02servuoft_0629.png"; bbox 0 0 2092 3614; ppageno 0'>
   <div class='ocr_carea' id='block_1_1' title="bbox 550 259 1828 318">
    <p class='ocr_par' dir='ltr' id='par_1_1' title="bbox 550 259 1828 318">
     <span class='ocr_line' id='line_1_1' title="bbox 550 259 1828 318; baseline 0.001 -17"><span class='ocrx_word' id='word_1_1' title='bbox 550 264 701 302; x_wconf 83' lang='lat' dir='ltr'><strong>COMM.</strong></span> <span class='ocrx_word' id='word_1_2' title='bbox 728 265 782 300; x_wconf 88' lang='lat' dir='ltr'><strong>IN</strong></span> <span class='ocrx_word' id='word_1_3' title='bbox 805 262 950 300; x_wconf 79' lang='lat' dir='ltr'><strong>VERG.</strong></span> <span class='ocrx_word' id='word_1_4' title='bbox 978 259 1089 300; x_wconf 81' lang='lat' dir='ltr'><strong>AEN.</strong></span> <span class='ocrx_word' id='word_1_5' title='bbox 1116 262 1185 298; x_wconf 82' lang='lat' dir='ltr'><strong>XII</strong></span> <span class='ocrx_word' id='word_1_6' title='bbox 1209 265 1408 298; x_wconf 88' lang='grc'><strong>423-452.</strong></span> <span class='ocrx_word' id='word_1_7' title='bbox 1742 261 1828 318; x_wconf 79' lang='grc'><strong>615</strong></span> 
     </span>
    </p>
   </div>
   <div class='ocr_carea' id='block_1_2' title="bbox 110 369 1828 2368">
    <p class='ocr_par' dir='ltr' id='par_1_2' title="bbox 242 369 1827 426">
     <span class='ocr_line' id='line_1_2' title="bbox 242 369 1827 426; baseline -0.005 -6"><span class='ocrx_word' id='word_1_8' title='bbox 242 377 341 420; x_wconf 84' lang='grc'><strong>438.</strong></span> <span class='ocrx_word' id='word_1_9' title='bbox 367 387 559 419; x_wconf 78' lang='lat' dir='ltr'>MATVRA</span> <span class='ocrx_word' id='word_1_10' title='bbox 573 386 877 418; x_wconf 80' lang='lat' dir='ltr'><strong>ADOLEVERIT</strong></span> <span class='ocrx_word' id='word_1_11' title='bbox 890 390 1016 418; x_wconf 74' lang='lat' dir='ltr'><strong><em>AETAS</em></strong></span> <span class='ocrx_word' id='word_1_12' title='bbox 1034 372 1317 416; x_wconf 86' lang='lat' dir='ltr'><strong>adulescendo</strong></span> <span class='ocrx_word' id='word_1_13' title='bbox 1337 374 1508 415; x_wconf 90' lang='lat' dir='ltr'><strong>matura</strong></span> <span class='ocrx_word' id='word_1_14' title='bbox 1521 385 1613 414; x_wconf 83' lang='lat' dir='ltr'><strong>esse</strong></span> <span class='ocrx_word' id='word_1_15' title='bbox 1627 369 1827 426; x_wconf 86' lang='lat' dir='ltr'><strong>coeperit.</strong></span> 
     </span>
    </p>

    <p class='ocr_par' dir='ltr' id='par_1_3' title="bbox 241 443 1454 498">
     <span class='ocr_line' id='line_1_3' title="bbox 241 443 1454 498; baseline -0.004 -6"><span class='ocrx_word' id='word_1_16' title='bbox 241 449 341 491; x_wconf 84' lang='lat'>439.</span> <span class='ocrx_word' id='word_1_17' title='bbox 385 465 446 492; x_wconf 75' lang='lat' dir='ltr'><strong>szs</strong></span> <span class='ocrx_word' id='word_1_18' title='bbox 474 465 609 491; x_wconf 59' lang='lat' dir='ltr'><strong>amnon</strong></span> <span class='ocrx_word' id='word_1_19' title='bbox 638 447 964 490; x_wconf 79' lang='lat' dir='ltr'><strong>subaudiendmn</strong></span> <span class='ocrx_word' id='word_1_20' title='bbox 995 445 1194 488; x_wconf 75' lang='lat' dir='ltr'><strong>‘meorum</strong></span> <span class='ocrx_word' id='word_1_21' title='bbox 1222 443 1454 498; x_wconf 81' lang='lat' dir='ltr'><strong>factorum&#39;.</strong></span> 
     </span>
    </p>

    <p class='ocr_par' dir='ltr' id='par_1_4' title="bbox 123 512 1828 647">
     <span class='ocr_line' id='line_1_4' title="bbox 240 512 1828 572; baseline -0.005 -9"><span class='ocrx_word' id='word_1_22' title='bbox 240 520 340 563; x_wconf 86' lang='lat'>443.</span> <span class='ocrx_word' id='word_1_23' title='bbox 389 530 706 570; x_wconf 79' lang='lat' dir='ltr'><strong>ANTHEVSQVE</strong></span> <span class='ocrx_word' id='word_1_24' title='bbox 732 528 1108 568; x_wconf 79' lang='lat' dir='ltr'><strong>MNESTHEVSQVE</strong></span> <span class='ocrx_word' id='word_1_25' title='bbox 1143 517 1332 559; x_wconf 80' lang='lat' dir='ltr'><strong>servavit</strong></span> <span class='ocrx_word' id='word_1_26' title='bbox 1357 512 1407 559; x_wconf 82' lang='grc' dir='ltr'><strong>τὸ</strong></span> <span class='ocrx_word' id='word_1_27' title='bbox 1433 515 1622 572; x_wconf 69' lang='grc' dir='ltr'><strong>πρέπονς</strong></span> <span class='ocrx_word' id='word_1_28' title='bbox 1653 527 1828 556; x_wconf 81' lang='lat' dir='ltr'><strong>necesse</strong></span> 
     </span>
     <span class='ocr_line' id='line_1_5' title="bbox 123 587 1769 647; baseline -0.004 -13"><span class='ocrx_word' id='word_1_29' title='bbox 123 591 238 634; x_wconf 92' lang='lat' dir='ltr'><strong>enim</strong></span> <span class='ocrx_word' id='word_1_30' title='bbox 271 596 363 634; x_wconf 78' lang='lat' dir='ltr'><strong>erat</strong></span> <span class='ocrx_word' id='word_1_31' title='bbox 394 593 454 647; x_wconf 85' lang='lat' dir='ltr'><strong>ut,</strong></span> <span class='ocrx_word' id='word_1_32' title='bbox 486 591 710 633; x_wconf 89' lang='lat' dir='ltr'><strong>vulnerato</strong></span> <span class='ocrx_word' id='word_1_33' title='bbox 744 590 862 642; x_wconf 87' lang='lat' dir='ltr'><strong>duce,</strong></span> <span class='ocrx_word' id='word_1_34' title='bbox 893 589 1020 632; x_wconf 88' lang='lat' dir='ltr'><strong>multi</strong></span> <span class='ocrx_word' id='word_1_35' title='bbox 1053 603 1148 631; x_wconf 90' lang='lat' dir='ltr'><strong>cum</strong></span> <span class='ocrx_word' id='word_1_36' title='bbox 1183 603 1232 630; x_wconf 94' lang='lat' dir='ltr'><strong>eo</strong></span> <span class='ocrx_word' id='word_1_37' title='bbox 1266 588 1309 630; x_wconf 88' lang='lat' dir='ltr'><strong>in</strong></span> <span class='ocrx_word' id='word_1_38' title='bbox 1341 590 1484 630; x_wconf 85' lang='lat' dir='ltr'><strong>castra</strong></span> <span class='ocrx_word' id='word_1_39' title='bbox 1514 587 1769 629; x_wconf 74' lang='lat' dir='ltr'><strong>remearent.</strong></span> 
     </span>
    </p>

    <p class='ocr_par' dir='ltr' id='par_1_5' title="bbox 121 656 1827 791">
     <span class='ocr_line' id='line_1_6' title="bbox 240 656 1827 716; baseline -0.004 -11"><span class='ocrx_word' id='word_1_40' title='bbox 240 662 338 708; x_wconf 84' lang='lat'>445.</span> <span class='ocrx_word' id='word_1_41' title='bbox 376 674 610 706; x_wconf 81' lang='lat' dir='ltr'>MISGETVR</span> <span class='ocrx_word' id='word_1_42' title='bbox 630 662 756 705; x_wconf 88' lang='lat' dir='ltr'><strong>modo</strong></span> <span class='ocrx_word' id='word_1_43' title='bbox 777 659 1101 705; x_wconf 72' lang='lat' dir='ltr'><strong>‘confunditur&#39;:</strong></span> <span class='ocrx_word' id='word_1_44' title='bbox 1127 659 1232 702; x_wconf 86' lang='lat' dir='ltr'><strong>alibi</strong></span> <span class='ocrx_word' id='word_1_45' title='bbox 1245 658 1567 716; x_wconf 73' lang='lat' dir='ltr'><strong>‘perturbatur&#39;,</strong></span> <span class='ocrx_word' id='word_1_46' title='bbox 1587 660 1634 700; x_wconf 92' lang='lat' dir='ltr'><strong>ut</strong></span> <span class='ocrx_word' id='word_1_47' title='bbox 1654 656 1827 713; x_wconf 87' lang='lat'>&lt;1191&gt;</span> 
     </span>
     <span class='ocr_line' id='line_1_7' title="bbox 121 728 1540 791; baseline -0.004 -14"><span class='ocrx_word' id='word_1_48' title='bbox 121 735 300 777; x_wconf 80' lang='lat' dir='ltr'><strong>miscet</strong></span> <span class='ocrx_word' id='word_1_49' title='bbox 331 748 487 791; x_wconf 83' lang='lat' dir='ltr'><strong>agens</strong></span> <span class='ocrx_word' id='word_1_50' title='bbox 519 733 643 777; x_wconf 79' lang='lat' dir='ltr'><strong>telis</strong></span> <span class='ocrx_word' id='word_1_51' title='bbox 670 728 882 776; x_wconf 74' lang='lat' dir='ltr'><strong>vnemora</strong></span> <span class='ocrx_word' id='word_1_52' title='bbox 913 733 1050 775; x_wconf 87' lang='lat' dir='ltr'><strong>inter</strong></span> <span class='ocrx_word' id='word_1_53' title='bbox 1081 731 1295 775; x_wconf 87' lang='lat' dir='ltr'><strong>frondea</strong></span> <span class='ocrx_word' id='word_1_54' title='bbox 1325 731 1540 773; x_wconf 88' lang='lat' dir='ltr'><strong>turbam.</strong></span> 
     </span>
    </p>

    <p class='ocr_par' dir='ltr' id='par_1_6' title="bbox 118 801 1827 1220">
     <span class='ocr_line' id='line_1_8' title="bbox 240 801 1827 859; baseline -0.004 -10"><span class='ocrx_word' id='word_1_55' title='bbox 240 807 338 849; x_wconf 87' lang='grc'>446.</span> <span class='ocrx_word' id='word_1_56' title='bbox 387 817 574 849; x_wconf 67' lang='lat' dir='ltr'><strong>Accam:</strong></span> <span class='ocrx_word' id='word_1_57' title='bbox 600 816 783 848; x_wconf 83' lang='lat' dir='ltr'>TVRNVS</span> <span class='ocrx_word' id='word_1_58' title='bbox 815 804 880 848; x_wconf 75' lang='lat' dir='ltr'><strong>hic</strong></span> <span class='ocrx_word' id='word_1_59' title='bbox 912 802 1082 859; x_wconf 73' lang='lat' dir='ltr'><strong>‘ayyere&#39;</strong></span> <span class='ocrx_word' id='word_1_60' title='bbox 1107 817 1189 858; x_wconf 74' lang='lat' dir='ltr'><strong>pro</strong></span> <span class='ocrx_word' id='word_1_61' title='bbox 1221 802 1456 845; x_wconf 74' lang='lat' dir='ltr'><strong>eminentia</strong></span> <span class='ocrx_word' id='word_1_62' title='bbox 1479 803 1642 857; x_wconf 71' lang='lat' dir='ltr'><strong>posuit,-</strong></span> <span class='ocrx_word' id='word_1_63' title='bbox 1675 801 1726 843; x_wconf 89' lang='lat' dir='ltr'><strong>de</strong></span> <span class='ocrx_word' id='word_1_64' title='bbox 1757 801 1827 844; x_wconf 84' lang='lat' dir='ltr'><strong>via</strong></span> 
     </span>
     <span class='ocr_line' id='line_1_9' title="bbox 120 873 1826 935; baseline -0.004 -15"><span class='ocrx_word' id='word_1_65' title='bbox 120 881 264 920; x_wconf 88' lang='lat' dir='ltr'><strong>autem</strong></span> <span class='ocrx_word' id='word_1_66' title='bbox 304 892 506 935; x_wconf 86' lang='lat' dir='ltr'><strong>aggerem</strong></span> <span class='ocrx_word' id='word_1_67' title='bbox 543 892 632 920; x_wconf 90' lang='lat' dir='ltr'><strong>non</strong></span> <span class='ocrx_word' id='word_1_68' title='bbox 670 891 899 932; x_wconf 81' lang='lat' dir='ltr'><strong>possumus</strong></span> <span class='ocrx_word' id='word_1_69' title='bbox 939 876 1098 929; x_wconf 87' lang='lat' dir='ltr'><strong>dicere,</strong></span> <span class='ocrx_word' id='word_1_70' title='bbox 1134 875 1220 917; x_wconf 85' lang='lat' dir='ltr'><strong>nisi</strong></span> <span class='ocrx_word' id='word_1_71' title='bbox 1258 874 1294 916; x_wconf 84' lang='lat' dir='ltr'><strong>si</strong></span> <span class='ocrx_word' id='word_1_72' title='bbox 1327 874 1421 916; x_wconf 87' lang='lat' dir='ltr'><strong>viae</strong></span> <span class='ocrx_word' id='word_1_73' title='bbox 1454 887 1656 930; x_wconf 82' lang='lat' dir='ltr'><strong>aggerem</strong></span> <span class='ocrx_word' id='word_1_74' title='bbox 1689 873 1826 915; x_wconf 85' lang='lat' dir='ltr'><strong>dicere</strong></span> 
     </span>
     <span class='ocr_line' id='line_1_10' title="bbox 121 944 1827 1004; baseline -0.004 -12"><span class='ocrx_word' id='word_1_75' title='bbox 121 950 399 1004; x_wconf 83' lang='lat' dir='ltr'><strong>voluerimus,</strong></span> <span class='ocrx_word' id='word_1_76' title='bbox 438 950 480 991; x_wconf 90' lang='lat' dir='ltr'><strong>id</strong></span> <span class='ocrx_word' id='word_1_77' title='bbox 519 952 585 991; x_wconf 87' lang='lat' dir='ltr'><strong>est</strong></span> <span class='ocrx_word' id='word_1_78' title='bbox 622 949 718 991; x_wconf 88' lang='lat' dir='ltr'><strong>viae</strong></span> <span class='ocrx_word' id='word_1_79' title='bbox 755 947 1144 1002; x_wconf 74' lang='lat' dir='ltr'><strong>coacervationem,</strong></span> <span class='ocrx_word' id='word_1_80' title='bbox 1182 961 1311 1002; x_wconf 89' lang='lat' dir='ltr'><strong>quam</strong></span> <span class='ocrx_word' id='word_1_81' title='bbox 1343 945 1540 988; x_wconf 72' lang='lat' dir='ltr'><strong>historici</strong></span> <span class='ocrx_word' id='word_1_82' title='bbox 1572 945 1687 987; x_wconf 86' lang='lat' dir='ltr'><strong>viam</strong></span> <span class='ocrx_word' id='word_1_83' title='bbox 1720 944 1827 986; x_wconf 90' lang='lat' dir='ltr'><strong>mili-</strong></span> 
     </span>
     <span class='ocr_line' id='line_1_11' title="bbox 119 1016 1826 1077; baseline -0.004 -14"><span class='ocrx_word' id='word_1_84' title='bbox 119 1023 258 1063; x_wconf 86' lang='lat' dir='ltr'><strong>tarem</strong></span> <span class='ocrx_word' id='word_1_85' title='bbox 289 1021 456 1077; x_wconf 84' lang='lat' dir='ltr'><strong>dicunt,</strong></span> <span class='ocrx_word' id='word_1_86' title='bbox 488 1024 535 1063; x_wconf 84' lang='lat' dir='ltr'><strong>ut</strong></span> <span class='ocrx_word' id='word_1_87' title='bbox 568 1020 636 1076; x_wconf 87' lang='lat' dir='ltr'><strong>&lt;V</strong></span> <span class='ocrx_word' id='word_1_88' title='bbox 668 1019 784 1075; x_wconf 81' lang='lat'>273&gt;</span> <span class='ocrx_word' id='word_1_89' title='bbox 818 1019 986 1075; x_wconf 84' lang='lat' dir='ltr'><strong>qualis</strong></span> <span class='ocrx_word' id='word_1_90' title='bbox 1020 1033 1169 1073; x_wconf 83' lang='lat' dir='ltr'><strong>saepe</strong></span> <span class='ocrx_word' id='word_1_91' title='bbox 1200 1017 1313 1060; x_wconf 88' lang='lat' dir='ltr'><strong>viae</strong></span> <span class='ocrx_word' id='word_1_92' title='bbox 1346 1017 1626 1073; x_wconf 82' lang='lat' dir='ltr'><strong>deprensus</strong></span> <span class='ocrx_word' id='word_1_93' title='bbox 1659 1016 1711 1058; x_wconf 93' lang='lat' dir='ltr'><strong>in</strong></span> <span class='ocrx_word' id='word_1_94' title='bbox 1742 1030 1826 1072; x_wconf 88' lang='lat' dir='ltr'><strong>ag-</strong></span> 
     </span>
     <span class='ocr_line' id='line_1_12' title="bbox 120 1088 1826 1149; baseline -0.004 -13"><span class='ocrx_word' id='word_1_95' title='bbox 120 1107 239 1148; x_wconf 86' lang='lat' dir='ltr'><strong>gere</strong></span> <span class='ocrx_word' id='word_1_96' title='bbox 272 1108 387 1149; x_wconf 82' lang='lat' dir='ltr'><strong>serp</strong></span> <span class='ocrx_word' id='word_1_97' title='bbox 398 1108 497 1136; x_wconf 83' lang='lat' dir='ltr'><strong>ens.</strong></span> <span class='ocrx_word' id='word_1_98' title='bbox 558 1093 727 1147; x_wconf 84' lang='lat' dir='ltr'><strong>quidam</strong></span> <span class='ocrx_word' id='word_1_99' title='bbox 764 1092 1070 1146; x_wconf 75' lang='lat' dir='ltr'><strong>ambiyuitatem</strong></span> <span class='ocrx_word' id='word_1_100' title='bbox 1100 1090 1256 1141; x_wconf 82' lang='lat' dir='ltr'><strong>volunt,</strong></span> <span class='ocrx_word' id='word_1_101' title='bbox 1292 1092 1434 1132; x_wconf 82' lang='lat' dir='ltr'><strong>utrum</strong></span> <span class='ocrx_word' id='word_1_102' title='bbox 1464 1090 1550 1143; x_wconf 76' lang='lat' dir='ltr'><strong>ipse</strong></span> <span class='ocrx_word' id='word_1_103' title='bbox 1583 1088 1751 1131; x_wconf 83' lang='lat' dir='ltr'><strong>Turnus</strong></span> <span class='ocrx_word' id='word_1_104' title='bbox 1781 1089 1826 1130; x_wconf 90' lang='lat' dir='ltr'><strong>in</strong></span> 
     </span>
     <span class='ocr_line' id='line_1_13' title="bbox 118 1163 1371 1220; baseline -0.003 -14"><span class='ocrx_word' id='word_1_105' title='bbox 118 1178 271 1220; x_wconf 72' lang='lat' dir='ltr'><strong>ayyere,</strong></span> <span class='ocrx_word' id='word_1_106' title='bbox 302 1180 360 1208; x_wconf 90' lang='lat' dir='ltr'><strong>an</strong></span> <span class='ocrx_word' id='word_1_107' title='bbox 390 1166 590 1208; x_wconf 79' lang='lat' dir='ltr'><strong>venientes</strong></span> <span class='ocrx_word' id='word_1_108' title='bbox 620 1178 669 1207; x_wconf 75' lang='lat' dir='ltr'><strong>ex</strong></span> <span class='ocrx_word' id='word_1_109' title='bbox 700 1163 872 1219; x_wconf 72' lang='lat' dir='ltr'><strong>ayyere?</strong></span> <span class='ocrx_word' id='word_1_110' title='bbox 1366 1195 1371 1202; x_wconf 81' lang='grc'>.</span> 
     </span>
    </p>

    <p class='ocr_par' dir='ltr' id='par_1_7' title="bbox 118 1233 1827 1351">
     <span class='ocr_line' id='line_1_14' title="bbox 237 1233 1827 1290; baseline -0.005 -9"><span class='ocrx_word' id='word_1_111' title='bbox 237 1238 336 1280; x_wconf 90' lang='grc'><strong>448.</strong></span> <span class='ocrx_word' id='word_1_112' title='bbox 386 1255 507 1280; x_wconf 80' lang='lat' dir='ltr'><strong><em>PRIMA</em></strong></span> <span class='ocrx_word' id='word_1_113' title='bbox 538 1254 643 1280; x_wconf 82' lang='lat' dir='ltr'><em>ANTE</em></span> <span class='ocrx_word' id='word_1_114' title='bbox 675 1253 800 1280; x_wconf 80' lang='lat' dir='ltr'><em>OMNES</em></span> <span class='ocrx_word' id='word_1_115' title='bbox 828 1239 875 1278; x_wconf 73' lang='lat' dir='ltr'><strong>ut</strong></span> <span class='ocrx_word' id='word_1_116' title='bbox 900 1234 971 1290; x_wconf 88' lang='lat' dir='ltr'><strong>&lt;II</strong></span> <span class='ocrx_word' id='word_1_117' title='bbox 990 1235 1076 1289; x_wconf 88' lang='lat'><strong>40&gt;</strong></span> <span class='ocrx_word' id='word_1_118' title='bbox 1101 1233 1298 1288; x_wconf 74' lang='lat' dir='ltr'><strong>primus</strong></span> <span class='ocrx_word' id='word_1_119' title='bbox 1328 1233 1399 1275; x_wconf 79' lang='lat' dir='ltr'><strong>ibi</strong></span> <span class='ocrx_word' id='word_1_120' title='bbox 1428 1235 1542 1275; x_wconf 82' lang='lat' dir='ltr'><strong>ante</strong></span> <span class='ocrx_word' id='word_1_121' title='bbox 1572 1245 1742 1274; x_wconf 82' lang='lat' dir='ltr'><strong>omnes.</strong></span> <span class='ocrx_word' id='word_1_122' title='bbox 1789 1234 1827 1273; x_wconf 78' lang='lat' dir='ltr'><strong>et</strong></span> 
     </span>
     <span class='ocr_line' id='line_1_15' title="bbox 118 1307 920 1351; baseline -0.004 0"><span class='ocrx_word' id='word_1_123' title='bbox 118 1311 213 1351; x_wconf 83' lang='lat' dir='ltr'><strong>ante</strong></span> <span class='ocrx_word' id='word_1_124' title='bbox 244 1322 379 1351; x_wconf 82' lang='lat' dir='ltr'><strong>omnes</strong></span> <span class='ocrx_word' id='word_1_125' title='bbox 410 1309 584 1351; x_wconf 81' lang='lat' dir='ltr'><strong>Latinos</strong></span> <span class='ocrx_word' id='word_1_126' title='bbox 614 1322 760 1350; x_wconf 81' lang='lat' dir='ltr'><strong>sonum</strong></span> <span class='ocrx_word' id='word_1_127' title='bbox 791 1307 920 1349; x_wconf 84' lang='lat' dir='ltr'><strong>audit.</strong></span> 
     </span>
    </p>

    <p class='ocr_par' dir='ltr' id='par_1_8' title="bbox 117 1375 1825 1506">
     <span class='ocr_line' id='line_1_16' title="bbox 236 1375 1825 1433; baseline -0.004 -10"><span class='ocrx_word' id='word_1_128' title='bbox 236 1380 335 1422; x_wconf 87' lang='lat'>449.</span> <span class='ocrx_word' id='word_1_129' title='bbox 387 1397 635 1423; x_wconf 76' lang='lat' dir='ltr'><em>TREMEFACTA</em></span> <span class='ocrx_word' id='word_1_130' title='bbox 668 1396 843 1423; x_wconf 76' lang='lat' dir='ltr'><em>REFVGIT</em></span> <span class='ocrx_word' id='word_1_131' title='bbox 869 1378 1093 1433; x_wconf 78' lang='lat' dir='ltr'><strong>quaeritur,</strong></span> <span class='ocrx_word' id='word_1_132' title='bbox 1124 1391 1197 1419; x_wconf 79' lang='lat' dir='ltr'><strong>our</strong></span> <span class='ocrx_word' id='word_1_133' title='bbox 1219 1376 1414 1432; x_wconf 75' lang='lat' dir='ltr'><strong>Iuturna,</strong></span> <span class='ocrx_word' id='word_1_134' title='bbox 1445 1389 1537 1419; x_wconf 84' lang='lat' dir='ltr'><strong>eum</strong></span> <span class='ocrx_word' id='word_1_135' title='bbox 1561 1375 1627 1418; x_wconf 79' lang='lat' dir='ltr'><strong>hic</strong></span> <span class='ocrx_word' id='word_1_136' title='bbox 1650 1376 1737 1418; x_wconf 82' lang='lat' dir='ltr'><strong>acie</strong></span> <span class='ocrx_word' id='word_1_137' title='bbox 1760 1388 1825 1418; x_wconf 75' lang='lat' dir='ltr'><strong>ex-</strong></span> 
     </span>
     <span class='ocr_line' id='line_1_17' title="bbox 117 1451 1277 1506; baseline -0.003 -12"><span class='ocrx_word' id='word_1_138' title='bbox 117 1453 230 1494; x_wconf 80' lang='lat' dir='ltr'><strong>cedat</strong></span> <span class='ocrx_word' id='word_1_139' title='bbox 260 1453 505 1506; x_wconf 80' lang='lat' dir='ltr'><strong>tremefacta,</strong></span> <span class='ocrx_word' id='word_1_140' title='bbox 535 1466 631 1494; x_wconf 77' lang='lat' dir='ltr'><strong>mox</strong></span> <span class='ocrx_word' id='word_1_141' title='bbox 662 1454 798 1494; x_wconf 89' lang='lat' dir='ltr'><strong>tamen</strong></span> <span class='ocrx_word' id='word_1_142' title='bbox 828 1451 1038 1493; x_wconf 73' lang='lat' dir='ltr'><strong>inducitur</strong></span> <span class='ocrx_word' id='word_1_143' title='bbox 1068 1452 1277 1492; x_wconf 81' lang='lat' dir='ltr'><strong>revertens.</strong></span> 
     </span>
    </p>

    <p class='ocr_par' dir='ltr' id='par_1_9' title="bbox 110 1519 1826 1865">
     <span class='ocr_line' id='line_1_18' title="bbox 234 1519 1826 1577; baseline -0.004 -10"><span class='ocrx_word' id='word_1_144' title='bbox 234 1523 332 1567; x_wconf 88' lang='lat'>450.</span> <span class='ocrx_word' id='word_1_145' title='bbox 383 1535 544 1567; x_wconf 83' lang='lat' dir='ltr'>ATRVM</span> <span class='ocrx_word' id='word_1_146' title='bbox 582 1535 720 1566; x_wconf 84' lang='lat' dir='ltr'>RAPIT</span> <span class='ocrx_word' id='word_1_147' title='bbox 751 1533 916 1565; x_wconf 84' lang='lat' dir='ltr'><strong>AGMEN</strong></span> <span class='ocrx_word' id='word_1_148' title='bbox 954 1521 1143 1577; x_wconf 84' lang='lat' dir='ltr'><strong>pulveris</strong></span> <span class='ocrx_word' id='word_1_149' title='bbox 1180 1521 1293 1563; x_wconf 89' lang='lat' dir='ltr'><strong>nube</strong></span> <span class='ocrx_word' id='word_1_150' title='bbox 1332 1521 1595 1575; x_wconf 87' lang='lat' dir='ltr'><strong>coopertum.</strong></span> <span class='ocrx_word' id='word_1_151' title='bbox 1655 1519 1826 1573; x_wconf 78' lang='lat' dir='ltr'><strong>quidam</strong></span> 
     </span>
     <span class='ocr_line' id='line_1_19' title="bbox 116 1591 1825 1651; baseline -0.004 -13"><span class='ocrx_word' id='word_1_152' title='bbox 116 1599 251 1638; x_wconf 90' lang='lat' dir='ltr'><strong>autem</strong></span> <span class='ocrx_word' id='word_1_153' title='bbox 283 1595 458 1651; x_wconf 63' lang='lat' dir='ltr'><strong>‘agmen&#39;</strong></span> <span class='ocrx_word' id='word_1_154' title='bbox 490 1596 566 1638; x_wconf 80' lang='lat' dir='ltr'><strong>iter</strong></span> <span class='ocrx_word' id='word_1_155' title='bbox 597 1596 817 1650; x_wconf 79' lang='lat' dir='ltr'><strong>accipiunt,</strong></span> <span class='ocrx_word' id='word_1_156' title='bbox 850 1592 994 1648; x_wconf 73' lang='lat' dir='ltr'><strong>‘rapu&#39;</strong></span> <span class='ocrx_word' id='word_1_157' title='bbox 1027 1597 1164 1636; x_wconf 82' lang='lat' dir='ltr'><strong>autem</strong></span> <span class='ocrx_word' id='word_1_158' title='bbox 1192 1593 1374 1646; x_wconf 80' lang='lat' dir='ltr'><strong>festinat,</strong></span> <span class='ocrx_word' id='word_1_159' title='bbox 1404 1595 1452 1634; x_wconf 88' lang='lat' dir='ltr'><strong>ut</strong></span> <span class='ocrx_word' id='word_1_160' title='bbox 1479 1592 1553 1634; x_wconf 85' lang='lat' dir='ltr'><strong>sit:</strong></span> <span class='ocrx_word' id='word_1_161' title='bbox 1584 1591 1653 1633; x_wconf 90' lang='lat' dir='ltr'><strong>ille</strong></span> <span class='ocrx_word' id='word_1_162' title='bbox 1683 1604 1825 1644; x_wconf 82' lang='lat' dir='ltr'><strong>campo</strong></span> 
     </span>
     <span class='ocr_line' id='line_1_20' title="bbox 116 1663 1826 1722; baseline -0.004 -12"><span class='ocrx_word' id='word_1_163' title='bbox 116 1671 255 1722; x_wconf 76' lang='lat' dir='ltr'><strong>aperto</strong></span> <span class='ocrx_word' id='word_1_164' title='bbox 293 1669 370 1710; x_wconf 79' lang='lat' dir='ltr'><strong>iter</strong></span> <span class='ocrx_word' id='word_1_165' title='bbox 397 1667 570 1720; x_wconf 84' lang='lat' dir='ltr'><strong>festinat</strong></span> <span class='ocrx_word' id='word_1_166' title='bbox 593 1668 776 1721; x_wconf 75' lang='lat' dir='ltr'><strong>pulveris</strong></span> <span class='ocrx_word' id='word_1_167' title='bbox 800 1667 972 1721; x_wconf 76' lang='lat' dir='ltr'><strong>plenum</strong></span> <span class='ocrx_word' id='word_1_168' title='bbox 1003 1669 1041 1708; x_wconf 94' lang='lat' dir='ltr'><strong>et</strong></span> <span class='ocrx_word' id='word_1_169' title='bbox 1070 1666 1163 1719; x_wconf 77' lang='lat' dir='ltr'><strong>ipsa</strong></span> <span class='ocrx_word' id='word_1_170' title='bbox 1192 1664 1455 1715; x_wconf 79' lang='lat' dir='ltr'><strong>festinatione</strong></span> <span class='ocrx_word' id='word_1_171' title='bbox 1485 1663 1644 1706; x_wconf 75' lang='lat' dir='ltr'><strong>excitat.</strong></span> <span class='ocrx_word' id='word_1_172' title='bbox 1698 1666 1736 1704; x_wconf 88' lang='lat' dir='ltr'><strong>et</strong></span> <span class='ocrx_word' id='word_1_173' title='bbox 1764 1663 1826 1704; x_wconf 89' lang='lat' dir='ltr'><strong>ita</strong></span> 
     </span>
     <span class='ocr_line' id='line_1_21' title="bbox 116 1737 1824 1795; baseline -0.004 -13"><span class='ocrx_word' id='word_1_174' title='bbox 116 1740 275 1795; x_wconf 84' lang='lat' dir='ltr'><strong>dieunt,</strong></span> <span class='ocrx_word' id='word_1_175' title='bbox 313 1740 526 1794; x_wconf 82' lang='lat' dir='ltr'><strong>quoniam,</strong></span> <span class='ocrx_word' id='word_1_176' title='bbox 563 1740 601 1781; x_wconf 84' lang='lat' dir='ltr'><strong>si</strong></span> <span class='ocrx_word' id='word_1_177' title='bbox 632 1737 806 1793; x_wconf 72' lang='lat' dir='ltr'><strong>eaymen&#39;</strong></span> <span class='ocrx_word' id='word_1_178' title='bbox 838 1738 1058 1780; x_wconf 80' lang='lat' dir='ltr'><strong>exereitum</strong></span> <span class='ocrx_word' id='word_1_179' title='bbox 1088 1737 1204 1792; x_wconf 81' lang='lat' dir='ltr'><strong>dicit,</strong></span> <span class='ocrx_word' id='word_1_180' title='bbox 1235 1739 1401 1790; x_wconf 76' lang='lat' dir='ltr'><strong>apertus</strong></span> <span class='ocrx_word' id='word_1_181' title='bbox 1431 1748 1599 1789; x_wconf 73' lang='lat' dir='ltr'><strong>campus</strong></span> <span class='ocrx_word' id='word_1_182' title='bbox 1629 1748 1711 1777; x_wconf 85' lang='lat' dir='ltr'><strong>esse</strong></span> <span class='ocrx_word' id='word_1_183' title='bbox 1740 1748 1824 1777; x_wconf 90' lang='lat' dir='ltr'><strong>non</strong></span> 
     </span>
     <span class='ocr_line' id='line_1_22' title="bbox 110 1810 993 1865; baseline -0.002 -11"><span class='ocrx_word' id='word_1_184' title='bbox 110 1812 247 1865; x_wconf 74' lang='lat' dir='ltr'><strong>potuit</strong></span> <span class='ocrx_word' id='word_1_185' title='bbox 276 1812 517 1854; x_wconf 73' lang='lat' dir='ltr'><strong>bellatorum</strong></span> <span class='ocrx_word' id='word_1_186' title='bbox 548 1811 747 1853; x_wconf 81' lang='lat' dir='ltr'><strong>densitate</strong></span> <span class='ocrx_word' id='word_1_187' title='bbox 778 1810 993 1864; x_wconf 74' lang='lat' dir='ltr'><strong>conpletus.</strong></span> 
     </span>
    </p>

    <p class='ocr_par' dir='ltr' id='par_1_10' title="bbox 114 1879 1824 2223">
     <span class='ocr_line' id='line_1_23' title="bbox 233 1879 1824 1934; baseline -0.003 -9"><span class='ocrx_word' id='word_1_188' title='bbox 233 1882 333 1925; x_wconf 83' lang='lat'>451.</span> <span class='ocrx_word' id='word_1_189' title='bbox 382 1893 597 1925; x_wconf 82' lang='lat' dir='ltr'>ABRVPTO</span> <span class='ocrx_word' id='word_1_190' title='bbox 628 1893 792 1924; x_wconf 77' lang='lat' dir='ltr'>SIDERE</span> <span class='ocrx_word' id='word_1_191' title='bbox 824 1881 885 1923; x_wconf 83' lang='lat' dir='ltr'><strong>vel</strong></span> <span class='ocrx_word' id='word_1_192' title='bbox 915 1881 1115 1931; x_wconf 85' lang='lat' dir='ltr'><strong>inmensa,</strong></span> <span class='ocrx_word' id='word_1_193' title='bbox 1151 1879 1212 1921; x_wconf 82' lang='lat' dir='ltr'><strong>vel</strong></span> <span class='ocrx_word' id='word_1_194' title='bbox 1243 1892 1404 1934; x_wconf 91' lang='lat' dir='ltr'><strong>magna</strong></span> <span class='ocrx_word' id='word_1_195' title='bbox 1434 1880 1714 1934; x_wconf 73' lang='lat' dir='ltr'><strong>tempestate:</strong></span> <span class='ocrx_word' id='word_1_196' title='bbox 1748 1891 1824 1933; x_wconf 72' lang='lat' dir='ltr'><strong>per</strong></span> 
     </span>
     <span class='ocr_line' id='line_1_24' title="bbox 114 1950 1821 2008; baseline -0.004 -11"><span class='ocrx_word' id='word_1_197' title='bbox 114 1955 229 1997; x_wconf 73' lang='lat' dir='ltr'><strong>sidus</strong></span> <span class='ocrx_word' id='word_1_198' title='bbox 254 1955 362 1997; x_wconf 91' lang='lat' dir='ltr'><strong>enim</strong></span> <span class='ocrx_word' id='word_1_199' title='bbox 389 1957 601 2008; x_wconf 79' lang='lat' dir='ltr'><strong>tempestas</strong></span> <span class='ocrx_word' id='word_1_200' title='bbox 624 1954 905 2008; x_wconf 70' lang='lat' dir='ltr'><strong>siqnifieatur:</strong></span> <span class='ocrx_word' id='word_1_201' title='bbox 938 1955 986 1994; x_wconf 90' lang='lat' dir='ltr'><strong>ut</strong></span> <span class='ocrx_word' id='word_1_202' title='bbox 1012 1950 1244 2006; x_wconf 77' lang='lat'>&lt;111422&gt;</span> <span class='ocrx_word' id='word_1_203' title='bbox 1271 1951 1448 1993; x_wconf 83' lang='lat' dir='ltr'><strong>sorbet</strong></span> <span class='ocrx_word' id='word_1_204' title='bbox 1472 1950 1523 1992; x_wconf 92' lang='lat' dir='ltr'><strong>in</strong></span> <span class='ocrx_word' id='word_1_205' title='bbox 1550 1950 1821 2004; x_wconf 87' lang='lat' dir='ltr'><strong>abruptum</strong></span> 
     </span>
     <span class='ocr_line' id='line_1_25' title="bbox 114 2021 1822 2082; baseline -0.003 -14"><span class='ocrx_word' id='word_1_206' title='bbox 114 2026 326 2082; x_wconf 86' lang='lat' dir='ltr'><strong>fluctus,</strong></span> <span class='ocrx_word' id='word_1_207' title='bbox 365 2026 468 2067; x_wconf 90' lang='lat' dir='ltr'><strong>item</strong></span> <span class='ocrx_word' id='word_1_208' title='bbox 501 2024 593 2081; x_wconf 85' lang='lat' dir='ltr'><strong>&lt;XI</strong></span> <span class='ocrx_word' id='word_1_209' title='bbox 625 2025 741 2081; x_wconf 84' lang='lat'><strong>259&gt;</strong></span> <span class='ocrx_word' id='word_1_210' title='bbox 781 2025 880 2067; x_wconf 83' lang='lat' dir='ltr'><strong>scit</strong></span> <span class='ocrx_word' id='word_1_211' title='bbox 917 2023 1074 2066; x_wconf 83' lang='lat' dir='ltr'><strong>triste</strong></span> <span class='ocrx_word' id='word_1_212' title='bbox 1105 2022 1370 2065; x_wconf 88' lang='lat' dir='ltr'><strong>Minervae</strong></span> <span class='ocrx_word' id='word_1_213' title='bbox 1403 2021 1556 2064; x_wconf 83' lang='lat' dir='ltr'><strong>sidus.</strong></span> <span class='ocrx_word' id='word_1_214' title='bbox 1616 2022 1822 2064; x_wconf 78' lang='lat' dir='ltr'><strong>interdum</strong></span> 
     </span>
     <span class='ocr_line' id='line_1_26' title="bbox 114 2093 1822 2152; baseline -0.004 -11"><span class='ocrx_word' id='word_1_215' title='bbox 114 2098 252 2151; x_wconf 76' lang='lat' dir='ltr'><strong>ipsum</strong></span> <span class='ocrx_word' id='word_1_216' title='bbox 282 2098 410 2152; x_wconf 84' lang='lat' dir='ltr'><strong>sidus,</strong></span> <span class='ocrx_word' id='word_1_217' title='bbox 441 2098 513 2140; x_wconf 79' lang='lat' dir='ltr'><strong>hoe</strong></span> <span class='ocrx_word' id='word_1_218' title='bbox 543 2101 601 2141; x_wconf 81' lang='lat' dir='ltr'><strong>est</strong></span> <span class='ocrx_word' id='word_1_219' title='bbox 630 2100 802 2140; x_wconf 79' lang='lat' dir='ltr'><strong>astrum.</strong></span> <span class='ocrx_word' id='word_1_220' title='bbox 858 2094 1109 2150; x_wconf 68' lang='lat' dir='ltr'><strong>‘abruptum&#39;</strong></span> <span class='ocrx_word' id='word_1_221' title='bbox 1140 2108 1231 2137; x_wconf 80' lang='lat' dir='ltr'><strong>vero</strong></span> <span class='ocrx_word' id='word_1_222' title='bbox 1262 2095 1319 2136; x_wconf 85' lang='lat' dir='ltr'><strong>ad</strong></span> <span class='ocrx_word' id='word_1_223' title='bbox 1347 2093 1559 2136; x_wconf 77' lang='lat' dir='ltr'><strong>hominum</strong></span> <span class='ocrx_word' id='word_1_224' title='bbox 1591 2093 1822 2148; x_wconf 73' lang='lat' dir='ltr'><strong>opinionem</strong></span> 
     </span>
     <span class='ocr_line' id='line_1_27' title="bbox 114 2168 913 2223; baseline -0.003 -12"><span class='ocrx_word' id='word_1_225' title='bbox 114 2169 275 2220; x_wconf 81' lang='lat' dir='ltr'><strong>retulit;</strong></span> <span class='ocrx_word' id='word_1_226' title='bbox 307 2170 466 2212; x_wconf 73' lang='lat' dir='ltr'><strong>videtur</strong></span> <span class='ocrx_word' id='word_1_227' title='bbox 496 2170 604 2211; x_wconf 83' lang='lat' dir='ltr'><strong>enim</strong></span> <span class='ocrx_word' id='word_1_228' title='bbox 631 2168 913 2223; x_wconf 74' lang='lat' dir='ltr'><strong>praecipitari.</strong></span> 
     </span>
    </p>

    <p class='ocr_par' dir='ltr' id='par_1_11' title="bbox 113 2235 1819 2368">
     <span class='ocr_line' id='line_1_28' title="bbox 232 2235 1819 2283; baseline -0.003 0"><span class='ocrx_word' id='word_1_229' title='bbox 232 2239 330 2283; x_wconf 82' lang='lat'>452.</span> <span class='ocrx_word' id='word_1_230' title='bbox 381 2253 426 2282; x_wconf 78' lang='lat' dir='ltr'><strong>1&#39;r</strong></span> <span class='ocrx_word' id='word_1_231' title='bbox 463 2252 589 2283; x_wconf 83' lang='lat' dir='ltr'>MARE</span> <span class='ocrx_word' id='word_1_232' title='bbox 628 2252 720 2283; x_wconf 82' lang='lat' dir='ltr'><strong>PER</strong></span> <span class='ocrx_word' id='word_1_233' title='bbox 757 2250 944 2282; x_wconf 81' lang='lat' dir='ltr'>MEDIVM</span> <span class='ocrx_word' id='word_1_234' title='bbox 980 2249 1165 2281; x_wconf 68' lang='lat' dir='ltr'><strong>msnms</strong></span> <span class='ocrx_word' id='word_1_235' title='bbox 1202 2249 1248 2280; x_wconf 86' lang='lat' dir='ltr'><strong>H.</strong></span> <span class='ocrx_word' id='word_1_236' title='bbox 1282 2249 1321 2280; x_wconf 88' lang='lat' dir='ltr'><strong>P.</strong></span> <span class='ocrx_word' id='word_1_237' title='bbox 1353 2248 1394 2279; x_wconf 83' lang='lat' dir='ltr'><strong>L.</strong></span> <span class='ocrx_word' id='word_1_238' title='bbox 1426 2249 1471 2280; x_wconf 90' lang='lat' dir='ltr'><strong>H.</strong></span> <span class='ocrx_word' id='word_1_239' title='bbox 1503 2249 1541 2280; x_wconf 88' lang='lat' dir='ltr'><strong>c.</strong></span> <span class='ocrx_word' id='word_1_240' title='bbox 1573 2249 1614 2279; x_wconf 90' lang='lat' dir='ltr'><strong>A.</strong></span> <span class='ocrx_word' id='word_1_241' title='bbox 1654 2235 1819 2279; x_wconf 81' lang='lat' dir='ltr'><strong>Statius</strong></span> 
     </span>
     <span class='ocr_line' id='line_1_29' title="bbox 113 2308 1818 2368; baseline -0.002 -14"><span class='ocrx_word' id='word_1_242' title='bbox 113 2311 285 2368; x_wconf 82' lang='lat' dir='ltr'><strong>planius</strong></span> <span class='ocrx_word' id='word_1_243' title='bbox 333 2312 383 2355; x_wconf 89' lang='lat' dir='ltr'><strong>de</strong></span> <span class='ocrx_word' id='word_1_244' title='bbox 427 2312 509 2355; x_wconf 91' lang='lat' dir='ltr'><strong>hoc</strong></span> <span class='ocrx_word' id='word_1_245' title='bbox 555 2327 683 2354; x_wconf 83' lang='lat' dir='ltr'><strong>sensu</strong></span> <span class='ocrx_word' id='word_1_246' title='bbox 727 2312 926 2354; x_wconf 87' lang='lat' dir='ltr'><strong>deflent</strong></span> <span class='ocrx_word' id='word_1_247' title='bbox 977 2325 1067 2352; x_wconf 82' lang='lat' dir='ltr'><strong>sua</strong></span> <span class='ocrx_word' id='word_1_248' title='bbox 1118 2310 1299 2352; x_wconf 88' lang='lat' dir='ltr'><strong>damna</strong></span> <span class='ocrx_word' id='word_1_249' title='bbox 1342 2308 1514 2351; x_wconf 89' lang='lat' dir='ltr'><strong>coloni</strong></span> <span class='ocrx_word' id='word_1_250' title='bbox 1558 2311 1608 2351; x_wconf 90' lang='lat' dir='ltr'><strong>et</strong></span> <span class='ocrx_word' id='word_1_251' title='bbox 1649 2310 1818 2350; x_wconf 88' lang='lat' dir='ltr'><strong>tamen</strong></span> 
     </span>
    </p>
   </div>
   <div class='ocr_carea' id='block_1_3' title="bbox 115 2420 396 2426">
    <p class='ocr_par' dir='ltr' id='par_1_12' title="bbox 115 2420 396 2426">
     <span class='ocr_line' id='line_1_30' title="bbox 115 2420 396 2426; baseline 0 0"><span class='ocrx_word' id='word_1_252' title='bbox 115 2420 396 2426; x_wconf 95' lang='lat' dir='ltr'><strong> </strong></span> 
     </span>
    </p>
   </div>
   <div class='ocr_carea' id='block_1_4' title="bbox 210 2477 753 2525">
    <p class='ocr_par' dir='ltr' id='par_1_13' title="bbox 210 2477 753 2525">
     <span class='ocr_line' id='line_1_31' title="bbox 210 2477 753 2525; baseline 0.004 -13"><span class='ocrx_word' id='word_1_253' title='bbox 210 2481 254 2513; x_wconf 82' lang='grc'><strong>27</strong></span> <span class='ocrx_word' id='word_1_254' title='bbox 281 2477 438 2525; x_wconf 73' lang='lat' dir='ltr'><strong>Statius]</strong></span> <span class='ocrx_word' id='word_1_255' title='bbox 467 2478 582 2514; x_wconf 89' lang='lat' dir='ltr'><strong>Theb.</strong></span> <span class='ocrx_word' id='word_1_256' title='bbox 608 2477 659 2513; x_wconf 86' lang='lat' dir='ltr'><strong>XI</strong></span> <span class='ocrx_word' id='word_1_257' title='bbox 686 2481 753 2514; x_wconf 80' lang='lat'><strong>117</strong></span> 
     </span>
    </p>
   </div>
   <div class='ocr_carea' id='block_1_5' title="bbox 114 2574 397 2581">
    <p class='ocr_par' dir='ltr' id='par_1_14' title="bbox 114 2574 397 2581">
     <span class='ocr_line' id='line_1_32' title="bbox 114 2574 397 2581; baseline 0 0"><span class='ocrx_word' id='word_1_258' title='bbox 114 2574 397 2581; x_wconf 95' lang='lat' dir='ltr'><strong> </strong></span> 
     </span>
    </p>
   </div>
   <div class='ocr_carea' id='block_1_6' title="bbox 113 2630 1819 2915">
    <p class='ocr_par' dir='ltr' id='par_1_15' title="bbox 113 2630 1819 2915">
     <span class='ocr_line' id='line_1_33' title="bbox 211 2630 1819 2677; baseline -0.003 -9"><span class='ocrx_word' id='word_1_259' title='bbox 211 2637 231 2668; x_wconf 85' lang='lat'>2</span> <span class='ocrx_word' id='word_1_260' title='bbox 257 2634 307 2669; x_wconf 84' lang='lat' dir='ltr'><strong>ad</strong></span> <span class='ocrx_word' id='word_1_261' title='bbox 332 2646 382 2669; x_wconf 81' lang='lat' dir='ltr'><strong>s1s</strong></span> <span class='ocrx_word' id='word_1_262' title='bbox 408 2647 443 2669; x_wconf 74' lang='grc' dir='ltr'><strong>Μ.</strong></span> <span class='ocrx_word' id='word_1_263' title='bbox 468 2644 495 2670; x_wconf 79' lang='grc' dir='ltr'><strong>ε.</strong></span> <span class='ocrx_word' id='word_1_264' title='bbox 515 2645 547 2669; x_wconf 82' lang='lat' dir='ltr'><strong>v.</strong></span> <span class='ocrx_word' id='word_1_265' title='bbox 574 2633 718 2669; x_wconf 81' lang='lat' dir='ltr'><strong>scilicet</strong></span> <span class='ocrx_word' id='word_1_266' title='bbox 742 2643 909 2668; x_wconf 88' lang='lat' dir='ltr'><strong>meorum</strong></span> <span class='ocrx_word' id='word_1_267' title='bbox 932 2633 1117 2668; x_wconf 83' lang='lat' dir='ltr'><strong>factorum</strong></span> <span class='ocrx_word' id='word_1_268' title='bbox 1146 2631 1179 2667; x_wconf 82' lang='lat' dir='ltr'><strong><em>T</em></strong></span> <span class='ocrx_word' id='word_1_269' title='bbox 1193 2633 1205 2677; x_wconf 84' lang='grc' dir='ltr'><strong>ΙΙ</strong></span> <span class='ocrx_word' id='word_1_270' title='bbox 1224 2635 1244 2666; x_wconf 91' lang='grc'><strong>3</strong></span> <span class='ocrx_word' id='word_1_271' title='bbox 1270 2631 1375 2666; x_wconf 83' lang='lat' dir='ltr'><strong>schol.</strong></span> <span class='ocrx_word' id='word_1_272' title='bbox 1403 2631 1452 2665; x_wconf 84' lang='lat' dir='ltr'><strong>ad</strong></span> <span class='ocrx_word' id='word_1_273' title='bbox 1476 2641 1508 2665; x_wconf 84' lang='grc' dir='ltr'><strong>υ.</strong></span> <span class='ocrx_word' id='word_1_274' title='bbox 1529 2633 1598 2664; x_wconf 88' lang='grc'><strong>443</strong></span> <span class='ocrx_word' id='word_1_275' title='bbox 1624 2640 1690 2664; x_wconf 90' lang='lat' dir='ltr'><strong>om.</strong></span> <span class='ocrx_word' id='word_1_276' title='bbox 1712 2630 1784 2664; x_wconf 78' lang='lat' dir='ltr'><strong>AS</strong></span> <span class='ocrx_word' id='word_1_277' title='bbox 1808 2630 1819 2676; x_wconf 75' lang='grc' dir='ltr'>Η</span> 
     </span>
     <span class='ocr_line' id='line_1_34' title="bbox 114 2676 1819 2725; baseline -0.002 -9"><span class='ocrx_word' id='word_1_278' title='bbox 114 2694 179 2716; x_wconf 70' lang='lat' dir='ltr'><strong>ron</strong></span> <span class='ocrx_word' id='word_1_279' title='bbox 206 2693 350 2716; x_wconf 66' lang='lat' dir='ltr'><strong>morton</strong></span> <span class='ocrx_word' id='word_1_280' title='bbox 374 2680 411 2716; x_wconf 82' lang='lat' dir='ltr'><em>R</em></span> <span class='ocrx_word' id='word_1_281' title='bbox 447 2680 630 2725; x_wconf 86' lang='lat' dir='ltr'><strong>tropepon</strong></span> <span class='ocrx_word' id='word_1_282' title='bbox 655 2681 694 2716; x_wconf 88' lang='lat' dir='ltr'><strong>id</strong></span> <span class='ocrx_word' id='word_1_283' title='bbox 719 2682 777 2716; x_wconf 79' lang='lat' dir='ltr'><strong>est</strong></span> <span class='ocrx_word' id='word_1_284' title='bbox 802 2680 902 2725; x_wconf 89' lang='lat' dir='ltr'><strong>quod</strong></span> <span class='ocrx_word' id='word_1_285' title='bbox 928 2680 1037 2716; x_wconf 88' lang='lat' dir='ltr'><strong>decet</strong></span> <span class='ocrx_word' id='word_1_286' title='bbox 1062 2679 1102 2714; x_wconf 90' lang='lat' dir='ltr'><em>F</em></span> <span class='ocrx_word' id='word_1_287' title='bbox 1129 2681 1141 2725; x_wconf 82' lang='grc' dir='ltr'><strong>ΙΙ</strong></span> <span class='ocrx_word' id='word_1_288' title='bbox 1178 2685 1198 2714; x_wconf 86' lang='grc'><strong>6</strong></span> <span class='ocrx_word' id='word_1_289' title='bbox 1226 2679 1399 2714; x_wconf 82' lang='lat' dir='ltr'><strong>misceret</strong></span> <span class='ocrx_word' id='word_1_290' title='bbox 1424 2677 1469 2711; x_wconf 90' lang='lat' dir='ltr'><em>M</em></span> <span class='ocrx_word' id='word_1_291' title='bbox 1495 2678 1507 2723; x_wconf 75' lang='grc' dir='ltr'><strong>ΙΙ</strong></span> <span class='ocrx_word' id='word_1_292' title='bbox 1545 2681 1563 2712; x_wconf 82' lang='grc'><strong>7</strong></span> <span class='ocrx_word' id='word_1_293' title='bbox 1591 2676 1667 2722; x_wconf 90' lang='lat' dir='ltr'><strong>via]</strong></span> <span class='ocrx_word' id='word_1_294' title='bbox 1701 2678 1766 2711; x_wconf 84' lang='lat' dir='ltr'><strong>tua</strong></span> <span class='ocrx_word' id='word_1_295' title='bbox 1790 2678 1819 2713; x_wconf 81' lang='lat' dir='ltr'><strong><em>S</em></strong></span> 
     </span>
     <span class='ocr_line' id='line_1_35' title="bbox 115 2723 1815 2774; baseline -0.004 -11"><span class='ocrx_word' id='word_1_296' title='bbox 115 2739 160 2763; x_wconf 88' lang='lat' dir='ltr'><strong>ea</strong></span> <span class='ocrx_word' id='word_1_297' title='bbox 186 2729 223 2763; x_wconf 83' lang='lat' dir='ltr'><em>F</em></span> <span class='ocrx_word' id='word_1_298' title='bbox 246 2729 259 2774; x_wconf 77' lang='lat' dir='ltr'>u</span> <span class='ocrx_word' id='word_1_299' title='bbox 290 2732 311 2763; x_wconf 89' lang='lat'>8</span> <span class='ocrx_word' id='word_1_300' title='bbox 338 2728 367 2763; x_wconf 85' lang='lat' dir='ltr'><strong>si</strong></span> <span class='ocrx_word' id='word_1_301' title='bbox 393 2739 459 2763; x_wconf 89' lang='lat' dir='ltr'><strong>om.</strong></span> <span class='ocrx_word' id='word_1_302' title='bbox 486 2728 575 2762; x_wconf 86' lang='grc' dir='ltr'><strong>ΑΗ</strong></span> <span class='ocrx_word' id='word_1_303' title='bbox 595 2730 607 2773; x_wconf 88' lang='grc' dir='ltr'><strong>ΙΙ</strong></span> <span class='ocrx_word' id='word_1_304' title='bbox 638 2732 659 2763; x_wconf 89' lang='grc'>9</span> <span class='ocrx_word' id='word_1_305' title='bbox 685 2728 768 2764; x_wconf 88' lang='lat' dir='ltr'><strong>viae</strong></span> <span class='ocrx_word' id='word_1_306' title='bbox 795 2739 861 2765; x_wconf 88' lang='lat' dir='ltr'><strong>om.</strong></span> <span class='ocrx_word' id='word_1_307' title='bbox 887 2727 974 2763; x_wconf 83' lang='lat' dir='ltr'><strong>RF</strong></span> <span class='ocrx_word' id='word_1_308' title='bbox 993 2728 1006 2773; x_wconf 81' lang='grc' dir='ltr'><strong>ΙΙ</strong></span> <span class='ocrx_word' id='word_1_309' title='bbox 1037 2727 1165 2762; x_wconf 80' lang='lat' dir='ltr'><strong>stroici</strong></span> <span class='ocrx_word' id='word_1_310' title='bbox 1190 2727 1230 2761; x_wconf 98' lang='lat' dir='ltr'><em>F</em></span> <span class='ocrx_word' id='word_1_311' title='bbox 1251 2728 1263 2773; x_wconf 83' lang='lat'><strong>1}</strong></span> <span class='ocrx_word' id='word_1_312' title='bbox 1296 2730 1339 2760; x_wconf 94' lang='lat'><strong>10</strong></span> <span class='ocrx_word' id='word_1_313' title='bbox 1366 2725 1559 2770; x_wconf 81' lang='lat' dir='ltr'><strong>depressus</strong></span> <span class='ocrx_word' id='word_1_314' title='bbox 1583 2723 1698 2759; x_wconf 80' lang='lat' dir='ltr'><strong>ASR</strong></span> <span class='ocrx_word' id='word_1_315' title='bbox 1723 2725 1735 2770; x_wconf 77' lang='lat'><strong>1}</strong></span> <span class='ocrx_word' id='word_1_316' title='bbox 1762 2724 1815 2770; x_wconf 90' lang='lat' dir='ltr'><strong>in]</strong></span> 
     </span>
     <span class='ocr_line' id='line_1_36' title="bbox 115 2771 1817 2821; baseline -0.003 -10"><span class='ocrx_word' id='word_1_317' title='bbox 115 2777 161 2812; x_wconf 80' lang='lat' dir='ltr'><strong>ab</strong></span> <span class='ocrx_word' id='word_1_318' title='bbox 182 2775 222 2811; x_wconf 88' lang='lat' dir='ltr'><em>F</em></span> <span class='ocrx_word' id='word_1_319' title='bbox 237 2777 249 2821; x_wconf 85' lang='grc' dir='ltr'><strong>ΙΙ</strong></span> <span class='ocrx_word' id='word_1_320' title='bbox 268 2777 317 2812; x_wconf 82' lang='lat' dir='ltr'><strong>ad</strong></span> <span class='ocrx_word' id='word_1_321' title='bbox 342 2788 372 2811; x_wconf 85' lang='lat' dir='ltr'><strong>v.</strong></span> <span class='ocrx_word' id='word_1_322' title='bbox 394 2779 462 2811; x_wconf 87' lang='grc'><strong>446</strong></span> <span class='ocrx_word' id='word_1_323' title='bbox 487 2776 614 2821; x_wconf 82' lang='lat' dir='ltr'><strong>potest</strong></span> <span class='ocrx_word' id='word_1_324' title='bbox 638 2787 714 2812; x_wconf 80' lang='lat' dir='ltr'><strong>esse</strong></span> <span class='ocrx_word' id='word_1_325' title='bbox 740 2776 955 2820; x_wconf 85' lang='lat' dir='ltr'><strong>ambiguum</strong></span> <span class='ocrx_word' id='word_1_326' title='bbox 980 2776 1105 2810; x_wconf 80' lang='lat' dir='ltr'><strong>utrum</strong></span> <span class='ocrx_word' id='word_1_327' title='bbox 1130 2773 1272 2810; x_wconf 78' lang='lat' dir='ltr'><strong>scilicet</strong></span> <span class='ocrx_word' id='word_1_328' title='bbox 1295 2774 1425 2808; x_wconf 82' lang='lat' dir='ltr'><strong>turnus</strong></span> <span class='ocrx_word' id='word_1_329' title='bbox 1449 2771 1488 2806; x_wconf 89' lang='lat' dir='ltr'><strong>in</strong></span> <span class='ocrx_word' id='word_1_330' title='bbox 1514 2782 1650 2817; x_wconf 84' lang='lat' dir='ltr'><strong>aggere</strong></span> <span class='ocrx_word' id='word_1_331' title='bbox 1675 2771 1817 2817; x_wconf 79' lang='lat' dir='ltr'><strong>positus</strong></span> 
     </span>
     <span class='ocr_line' id='line_1_37' title="bbox 114 2819 1817 2869; baseline -0.003 -10"><span class='ocrx_word' id='word_1_332' title='bbox 114 2823 306 2859; x_wconf 83' lang='lat' dir='ltr'><strong>uenientes</strong></span> <span class='ocrx_word' id='word_1_333' title='bbox 332 2822 470 2859; x_wconf 80' lang='lat' dir='ltr'><strong>uiderit</strong></span> <span class='ocrx_word' id='word_1_334' title='bbox 495 2835 542 2858; x_wconf 86' lang='lat' dir='ltr'><strong>an</strong></span> <span class='ocrx_word' id='word_1_335' title='bbox 568 2834 613 2858; x_wconf 85' lang='lat' dir='ltr'><strong>ex</strong></span> <span class='ocrx_word' id='word_1_336' title='bbox 637 2823 718 2869; x_wconf 83' lang='lat' dir='ltr'><strong>ipso</strong></span> <span class='ocrx_word' id='word_1_337' title='bbox 744 2834 880 2869; x_wconf 86' lang='lat' dir='ltr'><strong>aggere</strong></span> <span class='ocrx_word' id='word_1_338' title='bbox 906 2823 1097 2858; x_wconf 82' lang='lat' dir='ltr'><strong>uenientes</strong></span> <span class='ocrx_word' id='word_1_339' title='bbox 1120 2822 1153 2856; x_wconf 82' lang='lat' dir='ltr'><em>T</em></span> <span class='ocrx_word' id='word_1_340' title='bbox 1169 2824 1180 2869; x_wconf 78' lang='grc' dir='ltr'><strong>ΙΙ</strong></span> <span class='ocrx_word' id='word_1_341' title='bbox 1202 2826 1244 2857; x_wconf 91' lang='grc'><strong>11</strong></span> <span class='ocrx_word' id='word_1_342' title='bbox 1270 2820 1342 2866; x_wconf 85' lang='lat' dir='ltr'><strong>ipsi</strong></span> <span class='ocrx_word' id='word_1_343' title='bbox 1364 2819 1404 2855; x_wconf 87' lang='lat' dir='ltr'><em>F</em></span> <span class='ocrx_word' id='word_1_344' title='bbox 1420 2821 1431 2866; x_wconf 87' lang='grc' dir='ltr'><strong>ΙΙ</strong></span> <span class='ocrx_word' id='word_1_345' title='bbox 1453 2822 1495 2853; x_wconf 89' lang='grc'><strong>12</strong></span> <span class='ocrx_word' id='word_1_346' title='bbox 1522 2820 1571 2854; x_wconf 75' lang='lat' dir='ltr'><strong>ad</strong></span> <span class='ocrx_word' id='word_1_347' title='bbox 1596 2831 1817 2859; x_wconf 69' lang='lat' dir='ltr'><strong>cmmnvsovn</strong></span> 
     </span>
     <span class='ocr_line' id='line_1_38' title="bbox 113 2866 1816 2915; baseline -0.004 -8"><span class='ocrx_word' id='word_1_348' title='bbox 113 2886 143 2907; x_wconf 77' lang='lat' dir='ltr'><strong>P.</strong></span> <span class='ocrx_word' id='word_1_349' title='bbox 161 2886 184 2907; x_wconf 90' lang='lat'><strong>1.</strong></span> <span class='ocrx_word' id='word_1_350' title='bbox 200 2884 231 2907; x_wconf 83' lang='lat' dir='ltr'><strong>e.</strong></span> <span class='ocrx_word' id='word_1_351' title='bbox 252 2874 296 2915; x_wconf 84' lang='lat' dir='ltr'><strong>(v.</strong></span> <span class='ocrx_word' id='word_1_352' title='bbox 312 2872 396 2915; x_wconf 80' lang='lat'>447)</span> <span class='ocrx_word' id='word_1_353' title='bbox 416 2881 491 2906; x_wconf 91' lang='lat' dir='ltr'><strong>non</strong></span> <span class='ocrx_word' id='word_1_354' title='bbox 510 2871 604 2906; x_wconf 87' lang='lat' dir='ltr'><strong>nulli</strong></span> <span class='ocrx_word' id='word_1_355' title='bbox 622 2870 849 2915; x_wconf 85' lang='lat' dir='ltr'><strong>intellegunt</strong></span> <span class='ocrx_word' id='word_1_356' title='bbox 873 2869 1046 2906; x_wconf 83' lang='lat' dir='ltr'><strong>similiter</strong></span> <span class='ocrx_word' id='word_1_357' title='bbox 1063 2872 1106 2906; x_wconf 86' lang='lat' dir='ltr'><strong>ut</strong></span> <span class='ocrx_word' id='word_1_358' title='bbox 1125 2869 1299 2905; x_wconf 77' lang='lat' dir='ltr'><strong>ausonios</strong></span> <span class='ocrx_word' id='word_1_359' title='bbox 1325 2866 1566 2903; x_wconf 82' lang='lat' dir='ltr'><strong>conterritum</strong></span> <span class='ocrx_word' id='word_1_360' title='bbox 1592 2866 1715 2911; x_wconf 86' lang='lat' dir='ltr'><strong>ipsum</strong></span> <span class='ocrx_word' id='word_1_361' title='bbox 1741 2870 1816 2902; x_wconf 85' lang='lat' dir='ltr'><strong>tur-</strong></span> 
     </span>
    </p>
   </div>
   <div class='ocr_carea' id='block_1_7' title="bbox 50 2914 1816 2964">
    <p class='ocr_par' dir='ltr' id='par_1_16' title="bbox 50 2914 1816 2964">
     <span class='ocr_line' id='line_1_39' title="bbox 50 2914 1816 2964; baseline -0.003 -10"><span class='ocrx_word' id='word_1_362' title='bbox 50 2944 52 2947; x_wconf 81' lang='lat'>·</span> <span class='ocrx_word' id='word_1_363' title='bbox 114 2930 203 2954; x_wconf 89' lang='lat' dir='ltr'><strong>num</strong></span> <span class='ocrx_word' id='word_1_364' title='bbox 233 2919 266 2954; x_wconf 87' lang='grc' dir='ltr'><em>Τ</em></span> <span class='ocrx_word' id='word_1_365' title='bbox 280 2921 292 2964; x_wconf 73' lang='grc' dir='ltr'><strong>ΙΙ</strong></span> <span class='ocrx_word' id='word_1_366' title='bbox 323 2922 367 2954; x_wconf 89' lang='grc'><strong>14</strong></span> <span class='ocrx_word' id='word_1_367' title='bbox 393 2930 524 2954; x_wconf 87' lang='lat' dir='ltr'><strong>sonum</strong></span> <span class='ocrx_word' id='word_1_368' title='bbox 552 2918 605 2953; x_wconf 90' lang='lat' dir='ltr'><strong>F:</strong></span> <span class='ocrx_word' id='word_1_369' title='bbox 632 2918 751 2953; x_wconf 85' lang='lat' dir='ltr'><strong>solum</strong></span> <span class='ocrx_word' id='word_1_370' title='bbox 777 2918 916 2954; x_wconf 83' lang='lat' dir='ltr'><strong>Daniel</strong></span> <span class='ocrx_word' id='word_1_371' title='bbox 933 2918 945 2963; x_wconf 82' lang='grc' dir='ltr'><strong>ΙΙ</strong></span> <span class='ocrx_word' id='word_1_372' title='bbox 979 2922 1021 2953; x_wconf 87' lang='grc'><strong>16</strong></span> <span class='ocrx_word' id='word_1_373' title='bbox 1046 2918 1266 2954; x_wconf 85' lang='lat' dir='ltr'><strong>tremefacta</strong></span> <span class='ocrx_word' id='word_1_374' title='bbox 1291 2916 1510 2951; x_wconf 82' lang='lat' dir='ltr'><strong>Masvicius:</strong></span> <span class='ocrx_word' id='word_1_375' title='bbox 1536 2915 1741 2960; x_wconf 76' lang='lat' dir='ltr'><strong>tempestas</strong></span> <span class='ocrx_word' id='word_1_376' title='bbox 1767 2914 1816 2958; x_wconf 87' lang='lat' dir='ltr'><strong>F,</strong></span> 
     </span>
    </p>
   </div>
   <div class='ocr_carea' id='block_1_8' title="bbox 114 2962 1817 3297">
    <p class='ocr_par' dir='ltr' id='par_1_17' title="bbox 114 2962 1817 3297">
     <span class='ocr_line' id='line_1_40' title="bbox 114 2962 1816 3011; baseline -0.004 -9"><span class='ocrx_word' id='word_1_377' title='bbox 114 2978 179 3003; x_wconf 93' lang='lat' dir='ltr'><strong>om.</strong></span> <span class='ocrx_word' id='word_1_378' title='bbox 200 2966 457 3009; x_wconf 82' lang='lat' dir='ltr'><strong>Commelinus,</strong></span> <span class='ocrx_word' id='word_1_379' title='bbox 481 2967 634 3010; x_wconf 82' lang='lat' dir='ltr'><strong>fortasse</strong></span> <span class='ocrx_word' id='word_1_380' title='bbox 658 2969 750 3001; x_wconf 72' lang='lat' dir='ltr'><strong>recte</strong></span> <span class='ocrx_word' id='word_1_381' title='bbox 768 2966 779 3011; x_wconf 92' lang='grc' dir='ltr'><strong>ΙΙ</strong></span> <span class='ocrx_word' id='word_1_382' title='bbox 801 2969 843 3001; x_wconf 81' lang='grc'><strong>17</strong></span> <span class='ocrx_word' id='word_1_383' title='bbox 870 2966 919 3001; x_wconf 79' lang='lat' dir='ltr'><strong>ad</strong></span> <span class='ocrx_word' id='word_1_384' title='bbox 937 2977 969 3001; x_wconf 85' lang='lat' dir='ltr'><strong>v.</strong></span> <span class='ocrx_word' id='word_1_385' title='bbox 989 2968 1059 3001; x_wconf 91' lang='lat'><strong>450</strong></span> <span class='ocrx_word' id='word_1_386' title='bbox 1085 2965 1236 3010; x_wconf 89' lang='lat' dir='ltr'><strong>quidam</strong></span> <span class='ocrx_word' id='word_1_387' title='bbox 1261 2964 1333 2999; x_wconf 87' lang='lat' dir='ltr'><strong>hoc</strong></span> <span class='ocrx_word' id='word_1_388' title='bbox 1358 2963 1440 2998; x_wconf 89' lang='lat' dir='ltr'><strong>loco</strong></span> <span class='ocrx_word' id='word_1_389' title='bbox 1466 2972 1600 3007; x_wconf 85' lang='lat' dir='ltr'><strong>agmen</strong></span> <span class='ocrx_word' id='word_1_390' title='bbox 1625 2962 1696 2996; x_wconf 85' lang='lat' dir='ltr'><strong>iter</strong></span> <span class='ocrx_word' id='word_1_391' title='bbox 1721 2962 1816 2997; x_wconf 85' lang='lat' dir='ltr'><strong>acci-</strong></span> 
     </span>
     <span class='ocr_line' id='line_1_41' title="bbox 114 3010 1816 3059; baseline -0.003 -10"><span class='ocrx_word' id='word_1_392' title='bbox 114 3014 224 3059; x_wconf 88' lang='lat' dir='ltr'><strong>piunt</strong></span> <span class='ocrx_word' id='word_1_393' title='bbox 249 3017 287 3050; x_wconf 88' lang='lat' dir='ltr'><strong>et</strong></span> <span class='ocrx_word' id='word_1_394' title='bbox 311 3014 412 3059; x_wconf 85' lang='lat' dir='ltr'><strong>rapit</strong></span> <span class='ocrx_word' id='word_1_395' title='bbox 436 3014 588 3049; x_wconf 82' lang='lat' dir='ltr'><strong>festinat</strong></span> <span class='ocrx_word' id='word_1_396' title='bbox 614 3014 656 3048; x_wconf 82' lang='lat' dir='ltr'><strong>ut</strong></span> <span class='ocrx_word' id='word_1_397' title='bbox 681 3013 730 3048; x_wconf 76' lang='lat' dir='ltr'><strong>sit</strong></span> <span class='ocrx_word' id='word_1_398' title='bbox 754 3013 956 3048; x_wconf 82' lang='lat' dir='ltr'><strong>secundum</strong></span> <span class='ocrx_word' id='word_1_399' title='bbox 980 3012 1130 3048; x_wconf 90' lang='lat' dir='ltr'><strong>illorum</strong></span> <span class='ocrx_word' id='word_1_400' title='bbox 1150 3024 1296 3048; x_wconf 80' lang='lat' dir='ltr'><strong>sensum</strong></span> <span class='ocrx_word' id='word_1_401' title='bbox 1316 3010 1380 3045; x_wconf 88' lang='lat' dir='ltr'><strong>ille</strong></span> <span class='ocrx_word' id='word_1_402' title='bbox 1401 3021 1532 3055; x_wconf 90' lang='lat' dir='ltr'><strong>campo</strong></span> <span class='ocrx_word' id='word_1_403' title='bbox 1559 3012 1688 3054; x_wconf 85' lang='lat' dir='ltr'><strong>aperto</strong></span> <span class='ocrx_word' id='word_1_404' title='bbox 1715 3010 1816 3045; x_wconf 84' lang='lat' dir='ltr'><strong>festi-</strong></span> 
     </span>
     <span class='ocr_line' id='line_1_42' title="bbox 115 3057 1816 3108; baseline -0.003 -12"><span class='ocrx_word' id='word_1_405' title='bbox 115 3063 181 3097; x_wconf 80' lang='lat' dir='ltr'><strong>nat</strong></span> <span class='ocrx_word' id='word_1_406' title='bbox 204 3061 277 3097; x_wconf 86' lang='lat' dir='ltr'><strong>iter</strong></span> <span class='ocrx_word' id='word_1_407' title='bbox 302 3061 466 3108; x_wconf 81' lang='lat' dir='ltr'><strong>pulueris</strong></span> <span class='ocrx_word' id='word_1_408' title='bbox 492 3061 644 3106; x_wconf 84' lang='lat' dir='ltr'><strong>plenum</strong></span> <span class='ocrx_word' id='word_1_409' title='bbox 670 3063 708 3096; x_wconf 83' lang='lat' dir='ltr'><strong>et</strong></span> <span class='ocrx_word' id='word_1_410' title='bbox 732 3061 816 3106; x_wconf 85' lang='lat' dir='ltr'><strong>ipsa</strong></span> <span class='ocrx_word' id='word_1_411' title='bbox 839 3059 1081 3096; x_wconf 80' lang='lat' dir='ltr'><strong>festinatione</strong></span> <span class='ocrx_word' id='word_1_412' title='bbox 1108 3061 1261 3103; x_wconf 85' lang='lat' dir='ltr'><strong>excitat,</strong></span> <span class='ocrx_word' id='word_1_413' title='bbox 1297 3058 1472 3103; x_wconf 85' lang='lat' dir='ltr'><strong>quoniam</strong></span> <span class='ocrx_word' id='word_1_414' title='bbox 1499 3057 1530 3092; x_wconf 81' lang='lat' dir='ltr'><strong>si</strong></span> <span class='ocrx_word' id='word_1_415' title='bbox 1556 3068 1691 3103; x_wconf 85' lang='lat' dir='ltr'><strong>agmen</strong></span> <span class='ocrx_word' id='word_1_416' title='bbox 1716 3067 1816 3092; x_wconf 82' lang='lat' dir='ltr'><strong>exer-</strong></span> 
     </span>
     <span class='ocr_line' id='line_1_43' title="bbox 116 3104 1817 3154; baseline -0.002 -11"><span class='ocrx_word' id='word_1_417' title='bbox 116 3109 230 3144; x_wconf 84' lang='lat' dir='ltr'><strong>citum</strong></span> <span class='ocrx_word' id='word_1_418' title='bbox 257 3109 351 3144; x_wconf 86' lang='lat' dir='ltr'><strong>dixit</strong></span> <span class='ocrx_word' id='word_1_419' title='bbox 376 3120 528 3154; x_wconf 84' lang='lat' dir='ltr'><strong>campus</strong></span> <span class='ocrx_word' id='word_1_420' title='bbox 561 3109 783 3143; x_wconf 85' lang='lat' dir='ltr'><strong>bellatorum</strong></span> <span class='ocrx_word' id='word_1_421' title='bbox 817 3107 1001 3144; x_wconf 82' lang='lat' dir='ltr'><strong>densitate</strong></span> <span class='ocrx_word' id='word_1_422' title='bbox 1031 3108 1196 3154; x_wconf 77' lang='lat' dir='ltr'><strong>repletus</strong></span> <span class='ocrx_word' id='word_1_423' title='bbox 1223 3107 1372 3152; x_wconf 83' lang='lat' dir='ltr'><strong>apertus</strong></span> <span class='ocrx_word' id='word_1_424' title='bbox 1399 3116 1477 3141; x_wconf 85' lang='lat' dir='ltr'><strong>esse</strong></span> <span class='ocrx_word' id='word_1_425' title='bbox 1501 3116 1576 3140; x_wconf 92' lang='lat' dir='ltr'><strong>non</strong></span> <span class='ocrx_word' id='word_1_426' title='bbox 1600 3104 1724 3149; x_wconf 82' lang='lat' dir='ltr'><strong>potuit</strong></span> <span class='ocrx_word' id='word_1_427' title='bbox 1753 3104 1786 3139; x_wconf 88' lang='grc' dir='ltr'><em>Τ</em></span> <span class='ocrx_word' id='word_1_428' title='bbox 1805 3104 1817 3150; x_wconf 75' lang='grc' dir='ltr'>Η</span> 
     </span>
     <span class='ocr_line' id='line_1_44' title="bbox 115 3151 1816 3203; baseline -0.004 -12"><span class='ocrx_word' id='word_1_429' title='bbox 115 3161 160 3192; x_wconf 88' lang='grc'><strong>23</strong></span> <span class='ocrx_word' id='word_1_430' title='bbox 187 3156 242 3202; x_wconf 76' lang='lat' dir='ltr'><strong>ut]</strong></span> <span class='ocrx_word' id='word_1_431' title='bbox 269 3156 360 3192; x_wconf 88' lang='lat' dir='ltr'><strong>alibi</strong></span> <span class='ocrx_word' id='word_1_432' title='bbox 385 3156 502 3192; x_wconf 83' lang='lat' dir='ltr'><strong>ASR</strong></span> <span class='ocrx_word' id='word_1_433' title='bbox 521 3158 533 3203; x_wconf 84' lang='grc' dir='ltr'><strong>ΙΙ</strong></span> <span class='ocrx_word' id='word_1_434' title='bbox 564 3159 609 3191; x_wconf 89' lang='grc'><strong>24</strong></span> <span class='ocrx_word' id='word_1_435' title='bbox 634 3155 821 3191; x_wconf 81' lang='lat' dir='ltr'><strong>interdum</strong></span> <span class='ocrx_word' id='word_1_436' title='bbox 847 3183 854 3190; x_wconf 96' lang='lat'><strong>.</strong></span> <span class='ocrx_word' id='word_1_437' title='bbox 876 3184 883 3192; x_wconf 93' lang='lat'><strong>.</strong></span> <span class='ocrx_word' id='word_1_438' title='bbox 906 3184 913 3191; x_wconf 92' lang='lat'><strong>.</strong></span> <span class='ocrx_word' id='word_1_439' title='bbox 941 3155 1179 3201; x_wconf 81' lang='lat' dir='ltr'><strong>praecipitari</strong></span> <span class='ocrx_word' id='word_1_440' title='bbox 1204 3165 1280 3190; x_wconf 86' lang='lat' dir='ltr'><strong>non</strong></span> <span class='ocrx_word' id='word_1_441' title='bbox 1304 3153 1417 3189; x_wconf 77' lang='lat' dir='ltr'><strong>edidit</strong></span> <span class='ocrx_word' id='word_1_442' title='bbox 1441 3152 1590 3188; x_wconf 86' lang='lat' dir='ltr'><strong>Daniel.</strong></span> <span class='ocrx_word' id='word_1_443' title='bbox 1629 3151 1816 3186; x_wconf 85' lang='lat' dir='ltr'><strong>interdum</strong></span> 
     </span>
     <span class='ocr_line' id='line_1_45' title="bbox 116 3199 1815 3249; baseline -0.003 -9"><span class='ocrx_word' id='word_1_444' title='bbox 116 3233 125 3241; x_wconf 89' lang='lat'><strong>.</strong></span> <span class='ocrx_word' id='word_1_445' title='bbox 147 3232 154 3240; x_wconf 95' lang='lat'><strong>.</strong></span> <span class='ocrx_word' id='word_1_446' title='bbox 178 3233 184 3240; x_wconf 92' lang='lat'><strong>.</strong></span> <span class='ocrx_word' id='word_1_447' title='bbox 213 3205 352 3239; x_wconf 78' lang='lat' dir='ltr'><strong>astrum</strong></span> <span class='ocrx_word' id='word_1_448' title='bbox 384 3215 459 3239; x_wconf 84' lang='lat' dir='ltr'><strong>non</strong></span> <span class='ocrx_word' id='word_1_449' title='bbox 489 3205 660 3239; x_wconf 73' lang='lat' dir='ltr'><strong>videntur</strong></span> <span class='ocrx_word' id='word_1_450' title='bbox 684 3204 810 3239; x_wconf 83' lang='lat' dir='ltr'><strong>veteris</strong></span> <span class='ocrx_word' id='word_1_451' title='bbox 835 3214 906 3239; x_wconf 86' lang='lat' dir='ltr'><strong>esse</strong></span> <span class='ocrx_word' id='word_1_452' title='bbox 930 3204 1138 3249; x_wconf 77' lang='lat' dir='ltr'><strong>interpretis</strong></span> <span class='ocrx_word' id='word_1_453' title='bbox 1174 3204 1186 3249; x_wconf 87' lang='grc' dir='ltr'><strong>ΙΙ</strong></span> <span class='ocrx_word' id='word_1_454' title='bbox 1222 3203 1271 3237; x_wconf 76' lang='lat' dir='ltr'><strong>acl</strong></span> <span class='ocrx_word' id='word_1_455' title='bbox 1295 3213 1454 3236; x_wconf 75' lang='lat' dir='ltr'><strong>ABRVPTO</strong></span> <span class='ocrx_word' id='word_1_456' title='bbox 1480 3214 1507 3236; x_wconf 85' lang='lat' dir='ltr'><strong>s.</strong></span> <span class='ocrx_word' id='word_1_457' title='bbox 1539 3200 1581 3236; x_wconf 87' lang='lat' dir='ltr'><strong>in</strong></span> <span class='ocrx_word' id='word_1_458' title='bbox 1611 3210 1724 3244; x_wconf 77' lang='lat' dir='ltr'><strong>mary.</strong></span> <span class='ocrx_word' id='word_1_459' title='bbox 1751 3199 1815 3235; x_wconf 89' lang='lat' dir='ltr'><strong>ab-</strong></span> 
     </span>
     <span class='ocr_line' id='line_1_46' title="bbox 116 3249 1311 3297; baseline -0.003 -10"><span class='ocrx_word' id='word_1_460' title='bbox 116 3252 266 3297; x_wconf 84' lang='lat' dir='ltr'><strong>ruptum</strong></span> <span class='ocrx_word' id='word_1_461' title='bbox 291 3252 339 3287; x_wconf 89' lang='lat' dir='ltr'><strong>ad</strong></span> <span class='ocrx_word' id='word_1_462' title='bbox 365 3252 556 3287; x_wconf 86' lang='lat' dir='ltr'><strong>hominum</strong></span> <span class='ocrx_word' id='word_1_463' title='bbox 584 3280 591 3286; x_wconf 90' lang='lat'><strong>.</strong></span> <span class='ocrx_word' id='word_1_464' title='bbox 614 3278 622 3287; x_wconf 95' lang='lat'><strong>.</strong></span> <span class='ocrx_word' id='word_1_465' title='bbox 642 3280 650 3288; x_wconf 94' lang='lat'><strong>.</strong></span> <span class='ocrx_word' id='word_1_466' title='bbox 677 3250 918 3297; x_wconf 85' lang='lat' dir='ltr'><strong>praecipitari</strong></span> <span class='ocrx_word' id='word_1_467' title='bbox 946 3250 980 3286; x_wconf 92' lang='grc' dir='ltr'><em>Τ</em></span> <span class='ocrx_word' id='word_1_468' title='bbox 1003 3252 1016 3297; x_wconf 86' lang='grc' dir='ltr'><strong>ΙΙ</strong></span> <span class='ocrx_word' id='word_1_469' title='bbox 1047 3254 1092 3287; x_wconf 89' lang='grc'><strong>28</strong></span> <span class='ocrx_word' id='word_1_470' title='bbox 1118 3250 1242 3286; x_wconf 83' lang='lat' dir='ltr'><strong>colent</strong></span> <span class='ocrx_word' id='word_1_471' title='bbox 1266 3249 1311 3284; x_wconf 87' lang='lat' dir='ltr'><em>H</em></span> 
     </span>
    </p>
   </div>
   <div class='ocr_carea' id='block_1_9' title="bbox 1855 1024 1898 1056">
    <p class='ocr_par' dir='ltr' id='par_1_18' title="bbox 1855 1024 1898 1056">
     <span class='ocr_line' id='line_1_47' title="bbox 1855 1024 1898 1056; baseline 0.023 -1"><span class='ocrx_word' id='word_1_472' title='bbox 1855 1024 1898 1056; x_wconf 91' lang='lat'><strong>10</strong></span> 
     </span>
    </p>
   </div>
   <div class='ocr_carea' id='block_1_10' title="bbox 1854 1383 1895 1414">
    <p class='ocr_par' dir='ltr' id='par_1_19' title="bbox 1854 1383 1895 1414">
     <span class='ocr_line' id='line_1_48' title="bbox 1854 1383 1895 1414; baseline 0 0"><span class='ocrx_word' id='word_1_473' title='bbox 1854 1383 1895 1414; x_wconf 86' lang='lat'><strong>15</strong></span> 
     </span>
    </p>
   </div>
   <div class='ocr_carea' id='block_1_11' title="bbox 1850 1743 1895 1775">
    <p class='ocr_par' dir='ltr' id='par_1_20' title="bbox 1850 1743 1895 1775">
     <span class='ocr_line' id='line_1_49' title="bbox 1850 1743 1895 1775; baseline 0.022 -1"><span class='ocrx_word' id='word_1_474' title='bbox 1850 1743 1895 1775; x_wconf 84' lang='lat'><strong>20</strong></span> 
     </span>
    </p>
   </div>
   <div class='ocr_carea' id='block_1_12' title="bbox 1847 2101 1891 2133">
    <p class='ocr_par' dir='ltr' id='par_1_21' title="bbox 1847 2101 1891 2133">
     <span class='ocr_line' id='line_1_50' title="bbox 1847 2101 1891 2133; baseline 0.023 -1"><span class='ocrx_word' id='word_1_475' title='bbox 1847 2101 1891 2133; x_wconf 83' lang='lat'><strong>25</strong></span> 
     </span>
    </p>
   </div>
  </div>
 </body>
</html>
