2092 3614
559 242 710 279 COMM.
737 244 790 279 IN
815 242 958 280 VERG.
986 244 1096 280 AEN.
1124 245 1157 279 X
1182 248 1334 281 84—98.
1720 246 1804 287 397

95 353 288 407 repetere
331 354 583 407 potuerunt,
626 353 713 396 illis
756 353 996 397 dicentibus
1034 369 1079 396 se
1118 369 1213 396 eam
1251 355 1411 398 habere
1449 356 1542 398 iure
1581 356 1807 399 bellorum.

96 422 206 465 unde
246 426 487 466 commotus
526 423 724 467 Priamus
763 425 883 468 misit
918 425 1118 469 Paridem
1163 441 1259 468 cum
1304 428 1511 483 exercitu,
1556 430 1605 469 ut
1645 428 1807 484 aliquid

95 495 181 537 tale
214 495 460 550 abduceret,
494 498 570 538 aut
601 511 777 539 uxorem
808 497 944 554 regis,
976 499 1052 539 aut
1082 498 1230 540 filiam.
1274 498 1348 553 qui
1374 501 1623 554 expugnata
1650 498 1808 555 Sparta

95 566 308 609 Helenam
349 568 506 623 rapuit.
566 568 668 611 hinc
706 582 809 624 ergo
847 567 1069 625 Vergilius
1110 571 1342 625 utrumque
1386 570 1546 626 tangit,
1593 574 1636 613 et
1676 571 1807 613 istam

95 638 325 681 historiam
358 654 488 694 quam
520 639 649 682 modo
682 639 887 696 diximus,
919 643 963 683 et
994 643 1173 696 propter
1203 641 1410 683 iudicium
1439 641 1626 684 Paridis:
1660 657 1804 697 quam·
1833 651 1855 683 5

96 710 161 752 vis
188 710 338 752 fabula
363 710 422 753 sit
447 711 524 753 illa
549 725 619 753 res
646 713 689 752 et
716 726 741 753 a
765 712 905 767 poetis
934 712 1187 767 composita.
1272 730 1450 756 FOEDERA
1470 731 1538 756 soz,
1549 730 1646 756 VERE
1663 716 1805 767 Fvnro]

95 796 152 824 an
189 783 298 836 quod
326 782 523 825 Paridem
559 782 711 826 victam
741 797 769 825 a
799 784 990 827 Menelao
1027 785 1234 839 subripuit
1270 785 1423 827 morti?
1461 799 1518 827 an
1554 786 1662 839 qaod
1692 785 1806 828 Pan-

94 854 222 896 darus
252 854 487 910 dissipavit,
517 857 565 896 nt
593 855 651 897 sit
679 854 766 909 ‘per
792 855 1003 908 furtum’?

213 925 282 968 92.
332 937 601 969 DARDANIVS
632 941 720 969 non
751 929 925 982 praeter
957 927 1159 970 iniuriam
1191 927 1365 970 Aeneae
1397 929 1480 971 1100
1511 929 1675 984 posuit,
1707 930 1809 984 quia

95 998 323 1047 Dardanus
356 997 531 1040 dicitur:
562 1013 665 1040 nam
698 999 834 1053 perite
867 999 1045 1041 dubium
1075 1014 1234 1042 nomen
1265 1000 1413 1056 elegit,
1446 1001 1560 1056 quod
1593 1003 1808 1043 contume-
1835 1010 1879 1041 10

94 1069 198 1111 liam
231 1069 570 1112 communicaret
603 1068 784 1113 Aeneae.
892 1082 1106 1114 SPARTAM
1138 1083 1441 1114 EXPVGNAVIT
1474 1072 1556 1115 hoc
1589 1073 1639 1114 de
1670 1072 1807 1115 histo-

94 1141 161 1183 ria
181 1143 260 1197 est,
286 1143 334 1182 ut
360 1141 565 1183 diximus:
591 1156 694 1183 nam
720 1157 816 1185 cum
837 1142 1072 1186 sollicitata
1093 1142 1260 1186 Helena
1278 1143 1411 1185 Parin
1437 1145 1559 1200 sequi
1584 1145 1808 1200 noluisset,
1864 1109 1873 1240 ἶ
1905 1166 1953 1195 μ

95 1226 294 1268 egressus
332 1213 407 1255 ille
445 1212 666 1255 civitatem
703 1214 884 1258 obsedit.
947 1230 1033 1271 qua
1070 1230 1219 1258 eversa
1250 1214 1462 1258 Helenam
1498 1216 1658 1271 rapuit:
1697 1216 1807 1258 unde

95 1285 139 1325 et
169 1283 304 1339 recipi
336 1284 492 1327 meruit
522 1300 548 1327 a
579 1285 750 1328 marito.

213 1355 281 1398 93.
332 1367 454 1398 TELA
486 1368 604 1399 DEDI
637 1359 713 1399 aut
744 1358 880 1401 amori
910 1358 1159 1414 Alexandri,
1193 1360 1268 1401 aut
1299 1359 1427 1402 bello.
1550 1377 1736 1404 cvrmnvn
1765 1374 1808 1403 eo
1836 1368 1879 1400 15

92 1427 262 1479 scilieet,
293 1441 371 1482 qao
401 1428 448 1470 in
478 1442 660 1471 amorem
690 1429 865 1472 Paridis
895 1429 1059 1473 Helena
1089 1431 1286 1485 conpulsa
1316 1434 1384 1474 est.

213 1499 283 1541 94.
331 1510 507 1542 DEOVIT
533 1512 760 1544 METVISSE
786 1501 953 1557 optima
978 1504 1045 1544 est
1071 1502 1274 1556 elocutio,
1303 1518 1406 1545 nam
1432 1505 1663 1559 utrumque
1690 1519 1809 1559 prae-

94 1571 214 1613 teriti
251 1573 317 1613 est
355 1571 578 1626 temporis.
642 1572 679 1615 si
719 1572 835 1615 enim
873 1573 1033 1616 dixeris
1066 1572 1210 1616 ‘decet
1243 1574 1483 1631 metuisse’,
1522 1576 1809 1631 incongruum

95 1644 177 1698 est,
215 1642 317 1699 quia
349 1642 513 1686 ‘decet'
546 1644 789 1700 praesentis
823 1647 907 1701 est,
940 1644 1190 1688 ‘metuisse'
1224 1647 1461 1702 praeteriti.
1583 1658 1699 1690 SERA
1731 1663 1809 1702 pro

95 1713 237 1770 ‘sero'‚
267 1717 317 1757 ut
344 1728 428 1757 nee
457 1728 569 1757 sera
599 1719 867 1759 comantem
898 1718 1189 1760 narcissum.
1761 1713 1769 1719 ’
1833 1728 1879 1760 20

214 1786 283 1829 95.
333 1804 469 1830 mmm
502 1802 630 1844 vana,
666 1788 942 1831 substantiam
971 1803 1055 1832 non
1084 1789 1289 1832 habentia.
1410 1801 1576 1833 IACTAS
1610 1791 1809 1834 ventilas.

215 1859 285 1901 96.
337 1870 524 1901 ORABAT
556 1859 832 1915 loquebatur:
865 1860 976 1903 unde
1004 1863 1048 1903 et
1073 1863 1266 1904 oratores
1299 1861 1491 1915 dicimus.
1535 1877 1636 1905 nam
1669 1862 1808 1919 ‘roga-

94 1929 184 1972 bat'
219 1931 256 1973 si
289 1930 467 1987 dixeris,
497 1946 587 1974 non
616 1932 828 1988 procedit,
861 1932 962 1988 quia
993 1933 1132 1989 magis
1165 1916 1500 1977 conviciffiisslur.

214 2002 283 2045 97.
333 2014 538 2046 ASSENSV
570 2015 712 2046 VARIO
745 2004 846 2059 quia
876 2018 979 2060 pars
1011 2003 1168 2047 Veneri
1199 2004 1391 2060 favebat,
1422 2020 1524 2060 pars
1557 2005 1725 2048 Iunoni.

214 2075 284 2116 98.
333 2092 534 2119 DEPRENSA
566 2092 756 2119 FREMVNT
783 2093 844 2119 sm
853 2082 914 2119 171³
943 2090 1026 2119 non
1057 2076 1188 2119 subito
1219 2077 1435 2132 deprensa,
1464 2078 1535 2119 sed
1563 2080 1639 2119 ant
1667 2078 1714 2119 in
1737 2078 1808 2120 sil·
1835 2086 1880 2119 25

94 2146 157 2188 vis
187 2146 362 2198 detenta,
392 2149 468 2188 aut
496 2147 707 2190 intellecta.
802 2159 891 2191 cnv
916 2159 1129 2190 FLAMINA
1154 2160 1297 2190 PRIMA
1325 2159 1365 2190 c.
1383 2161 1428 2191 D.
1448 2160 1489 2191 F.
1511 2159 1545 2192 s.
1572 2161 1631 2191 ET
1658 2161 1809 2192 GAECA

95 2228 348 2260 VOLVTANT
375 2230 605 2261 MVRMVRA
629 2233 717 2262 non
740 2219 1015 2275 tempestatis
1041 2220 1147 2262 facit
1172 2220 1560 2276 comparationem,
1593 2221 1672 2263 sed.
1694 2221 1810 2277 signi

94 2370 146 2406 IV
172 2327 330 2406 4209gree
355 2324 453 2371 sera]
479 2334 606 2371 georg.
632 2324 683 2360 1V
712 2328 778 2360 122
805 2326 816 2372 ΙΙ
845 2329 890 2361 22
917 2336 1052 2360 omn
1076 2325 1315 2373 loquebatur]
1343 2325 1388 2362 cf.
1415 2325 1508 2363 Don.
1535 2327 1583 2362 ad
1609 2326 1692 2363 Ter.
1718 2328 1808 2365 Hec.

196 2398 206 2416 2

192 2469 213 2501 5
244 2467 397 2512 propter
422 2468 634 2504 adverbium
658 2471 725 2512 est,
751 2467 931 2504 iudicium
953 2469 1087 2515 pendet
1111 2480 1135 2504 a
1160 2469 1286 2515 tangit
1316 2471 1329 2515 ΙΙ
1362 2473 1382 2505 6
1408 2469 1476 2506 illa
1500 2471 1576 2517 res]
1603 2471 1628 2507 i.
1654 2482 1681 2506 e.
1709 2471 1808 2507 iudi-

96 2514 193 2549 eiwm
221 2513 375 2550 Paridis
391 2515 405 2561 ΙΙ
433 2516 483 2551 ad
506 2526 540 2553 v.
566 2520 609 2551 91
637 2516 680 2552 in
703 2527 817 2562 mary.
844 2516 922 2553 siue
947 2516 1048 2563 quod
1072 2515 1243 2562 paridem
1268 2517 1411 2553 uictum
1438 2528 1461 2553 a
1485 2529 1572 2554 men
1599 2547 1607 2555 .
1629 2546 1637 2554 .
1659 2546 1667 2554 .
1688 2548 1696 2556 .
1725 2520 1808 2554 tens

95 2559 252 2597 historia
282 2561 394 2597 docet
423 2575 466 2598 su
491 2590 618 2599 .....
646 2564 747 2609 quod
770 2564 958 2609 pandarus
983 2563 1183 2610 dissipauit
1209 2565 1243 2599 T
1279 2566 1389 2610 (inter
1413 2577 1499 2601 111011
1523 2569 1558 2602 et
1581 2567 1682 2611 tens,
1708 2578 1751 2601 su
1777 2570 1811 2602 et

97 2609 197 2653 quod.
221 2619 297 2644 non
321 2610 427 2645 nulla
451 2613 691 2657 evanuerunt)
729 2613 741 2658 ΙΙ
779 2616 798 2647 7
825 2612 1014 2658 Menelao]
1047 2611 1196 2647 moenei
1221 2623 1265 2648 ac
1291 2613 1332 2648 F
1365 2625 1477 2649 moen
1501 2625 1544 2649 ac
1572 2614 1605 2649 G
1641 2615 1654 2659 ΙΙ
1690 2614 1808 2661 quod]

96 2657 121 2692 i.
136 2668 163 2692 e.
183 2657 311 2700 foedus
329 2657 342 2703 ΙΙ
360 2657 543 2702 pandulus
564 2658 605 2693 F
626 2660 632 2705 Ι
651 2663 671 2695 9
691 2671 767 2694 11011
786 2660 951 2707 praeter]
978 2671 1053 2695 non
1071 2661 1225 2706 propter
1243 2660 1317 2696 AS
1346 2663 1496 2706 praeter
1517 2662 1566 2696 M
1594 2663 1748 2707 propter
1767 2663 1779 2696 l
1797 2662 1810 2709 ΙΙ

98 2702 164 2749 (1111
190 2703 275 2740 RF
295 2705 308 2750 ΙΙ
341 2708 384 2740 10
410 2704 559 2740 dardius
640 2707 652 2752 ΙΙ
678 2706 915 2744 dubiumest
939 2718 1074 2743 nomen
1098 2707 1133 2742 L
1160 2709 1232 2754 (est
1257 2709 1323 2745 del.
1350 2709 1376 2753 l)
1396 2709 1409 2755 ΙΙ
1436 2708 1531 2754 legit
1554 2709 1589 2743 L
1614 2711 1718 2754 (corr.
1746 2710 1772 2753 l)
1799 2710 1808 2753 11

97 2751 197 2797 quod
225 2779 231 2787 .
255 2778 262 2786 .
285 2780 292 2787 .
320 2753 468 2788 Aeneae
493 2763 559 2788 om.
586 2753 654 2799 Fu
684 2755 784 2798 quod
809 2753 862 2790 R:
888 2754 953 2799 qui
977 2755 1120 2800 reliqui.
1159 2755 1285 2791 malim
1310 2767 1383 2802 quo
1403 2757 1414 2802 ΙΙ
1447 2760 1489 2791 11
1518 2757 1810 2792 communicaret

97 2800 136 2834 et
161 2810 299 2835 aeneae
325 2800 369 2834 H
384 2801 396 2846 ΙΙ
414 2800 486 2836 1100
511 2811 578 2836 om.
600 2799 640 2836 F
656 2801 668 2847 ΙΙ
687 2805 732 2836 12
757 2802 801 2837 ut
825 2801 985 2837 diximus
1011 2813 1077 2839 om.
1099 2802 1140 2837 F
1155 2803 1167 2849 ΙΙ
1187 2815 1269 2838 011111
1297 2814 1364 2839 om.
1385 2803 1509 2839 ΑΒΗ
1530 2805 1630 2850 (add.
1652 2808 1703 2850 a),
1724 2808 1810 2849 post

97 2846 243 2882 Helena
267 2848 348 2883 hab.
374 2847 469 2882 RM
485 2847 499 2893 ΙΙ
532 2851 576 2883 14
602 2849 655 2894 et]
681 2850 813 2894 postea
839 2848 880 2883 F
895 2850 907 2895 ΙΙ
935 2861 958 2885 a
981 2848 1135 2897 marito]
1165 2851 1326 2886 amatori
1351 2851 1396 2886 H
1409 2852 1422 2896 ΙΙ
1455 2855 1498 2886 15
1525 2854 1590 2887 aut
1617 2852 1717 2887 bello
1743 2854 1810 2887 aut

98 2905 224 2930 amore
251 2893 444 2930 alexandri
469 2894 510 2930 F
534 2896 545 2942 ΙΙ
577 2896 627 2932 ad
651 2908 780 2932 r0v1vn
806 2909 836 2931 c.
863 2910 896 2932 B.
920 2908 949 2932 s.
974 2908 1006 2934 v.
1032 2897 1071 2933 id
1097 2900 1155 2934 est
1179 2898 1389 2944 cupiditata
1414 2900 1494 2944 (sie)
1521 2899 1714 2935 alexandri
1739 2900 1807 2935 sci-

98 2941 187 2977 licet
212 2953 284 2987 quo
309 2942 351 2977 in
375 2953 540 2979 amorem
566 2942 707 2989 paridis
733 2943 924 2989 compulsa
949 2946 1006 2981 est
1029 2944 1165 2981 helena
1194 2945 1253 2992 ΤΙΙ
1283 2950 1326 2981 16
1351 2957 1478 2982 amore
1505 2946 1545 2981 F
1559 2948 1572 2993 ΙΙ
1600 2947 1707 2982 elena
1734 2947 1775 2982 F
1796 2946 1808 2993 Η

101 2993 143 3023 17
169 2990 275 3025 schol.
302 2991 351 3026 ad
375 3003 505 3027 nncvrr
530 3004 566 3027 Μ.
592 3001 659 3027 om.
680 2991 721 3026 F
736 2992 748 3038 ΙΙ
772 2995 816 3026 21
844 2992 894 3027 ad
917 3004 1036 3027 mmm
1059 3003 1086 3028 s.
1113 3004 1146 3029 v.
1172 3005 1270 3029 uana
1297 2993 1545 3030 substantiam
1571 3006 1644 3030 non
1670 2995 1806 3030 haben-

99 3035 154 3071 tia
181 3036 215 3071 T
244 3037 257 3083 ΙΙ
292 3038 504 3074 substantia
528 3049 603 3074 non
628 3038 830 3074 habentiae
856 3038 897 3074 F
924 3041 936 3086 ΙΙ
971 3052 1093 3076 nens
1125 3041 1286 3077 ventilas
1305 3045 1391 3086 post
1416 3041 1701 3077 conuiciabatur
1724 3043 1806 3077 hab.

100 3083 272 3119 Serviani
297 3085 384 3121 libri
413 3086 426 3132 ΙΙ
457 3090 501 3121 22
528 3087 694 3122 oratores
720 3086 812 3121 dicti
838 3087 924 3121 sunt
948 3087 989 3122 F
1009 3090 1022 3134 ΙΙ
1049 3100 1135 3124 nam
1162 3117 1169 3124 .
1192 3117 1199 3125 .
1222 3116 1228 3123 .
1257 3087 1537 3125 conviciabatur
1562 3101 1628 3124 om.
1656 3089 1698 3124 F
1718 3090 1731 3133 ss
1763 3093 1807 3123 24

101 3130 189 3176 quia
213 3143 298 3176 pras
323 3133 449 3169 uenire
474 3144 560 3179 pras
585 3133 715 3169 faueat
739 3133 867 3169 iunoni
888 3133 929 3169 F
943 3135 956 3180 ΙΙ
974 3139 1020 3171 25
1045 3137 1095 3172 ad
1120 3147 1299 3171 neminum
1324 3147 1350 3171 s.
1372 3147 1404 3172 v.
1432 3137 1500 3172 aut
1523 3136 1717 3172 intellecta
1741 3137 1808 3171 aut

101 3178 253 3214 detenta
276 3178 316 3214 in
340 3179 430 3225 ipsis
457 3181 562 3216 siluis
590 3181 623 3216 T
640 3182 655 3236 ΙΙ
679 3180 857 3227 depressa
881 3181 931 3225 F,
957 3193 1048 3220 corr.
1074 3184 1214 3220 Daniel
1231 3185 1244 3229 ΙΙ
1274 3187 1319 3219 26
1346 3184 1539 3230 detempta
1563 3184 1604 3219 F
1619 3185 1631 3230 ΙΙ
1662 3188 1706 3219 27
1732 3195 1807 3219 11011

100 3226 335 3272 tempestatis
361 3226 508 3264 futurae
533 3231 769 3274 parationem
794 3228 886 3265 facit
909 3229 944 3264 L
