2092 3614
237 1031 280 1063 10

237 1389 281 1422 15

239 1749 285 1781 20

240 2106 286 2138 25

301 269 390 311 400
1077 266 1239 304 SERVII

301 379 452 422 Iovem.
572 389 730 432 s'rron
759 389 852 420 PER
882 389 1093 420 FLVMINA
1125 387 1319 419 FRATRIS
1361 376 1597 432 hypallage
1636 379 1703 419 6613
1739 376 1830 432 ‘per
1863 376 2015 433 Stygia

303 450 454 493 fratris
485 448 692 493 flumina'.
742 452 785 492 et
815 450 922 492 bene
951 449 1081 491 etiam
1113 448 1205 490 iure
1234 448 1414 491 iurando
1442 448 1559 490 dicta
1585 448 1827 505 confirmat,
1857 452 1905 491 ut
1927 462 2014 491 rem

304 522 539 564 inmobilem
569 522 801 564 necessitate
830 522 1060 564 constituat.

426 593 523 635 115.
573 605 736 636 Torvn
767 605 894 636 nvrv
926 602 1222 634 TREMEFEOIT
1256 604 1481 635 OLYMPVM
1513 592 1585 634 hoe
1616 591 1794 634 Homeri
1828 594 1905 635 est.

426 666 523 707 117.
574 682 811 708 σΑΕιῙσοι-,ΑΕ
836 682 998 708 metm
1017 664 1171 718 poetice
1201 677 1334 706 mores
1357 664 1572 706 hominnm
1596 665 1653 706 ad
1678 665 1771 706 deos
1795 665 1941 718 refert:
1971 666 2020 706 ut

303 737 598 791 magistratum
628 738 841 779 deducunt.
1620 747 1622 749 ’

426 808 522 852 118.
572 820 741 851 pomus
774 819 948 851 cmcvn
977 818 1181 850 OMNIBVS
1214 818 1417 850 INSTANT
1449 807 1617 850 instant
1647 807 1785 863 portis
1818 806 2017 848 omnibus

305 881 479 935 circum,
498 879 543 922 id
564 882 631 922 est
650 879 928 922 circumcirca
946 879 1052 922 fusi:
1077 894 1179 921 nam
1200 879 1328 922 modo
1351 878 1540 922 ‘circum'
1569 879 1818 922 adverbium
1838 878 1921 920 loci
1943 880 2018 920 est.

428 952 525 995 120.
573 968 648 994 Αεφ
674 969 791 994 moro
819 951 1046 1005 prolepsis:
1083 964 1184 993 nam
1222 951 1392 1005 leyionis
1427 965 1575 993 nomen
1615 951 1792 993 Troiani
1828 950 2020 1004 temporis

305 1037 390 1066 non
418 1023 513 1077 fuit.
635 1034 803 1066 VALLIS
840 1023 956 1065 intra
992 1022 1148 1078 vallos,
1185 1022 1229 1064 id
1268 1025 1335 1064 est
1366 1022 1503 1065 fustes
1539 1022 1773 1074 fossarum,
1812 1022 1885 1077 qui
1916 1021 2019 1064 valli

308 1097 534 1137 vocantur:
565 1109 666 1136 nam
693 1094 880 1137 munitio
912 1094 1008 1149 ipsa
1033 1093 1194 1136 vallum
1222 1092 1378 1135 dicitur
1403 1093 1671 1136 neutraliter.
1715 1095 1758 1135 et
1788 1093 1872 1135 hoc
1897 1092 2020 1135 dicit:

306 1166 567 1208 tenebantur
586 1165 765 1208 Troiani
790 1165 905 1208 intra
930 1165 1070 1208 vallos
1097 1179 1204 1220 quos
1229 1165 1313 1220 ipsi
1338 1167 1592 1221 posuerant,
1623 1180 1677 1207 ne
1704 1179 1851 1207 eorum
1878 1166 2021 1206 castra

307 1237 433 1280 facile
463 1237 762 1293 inrumperent
785 1236 951 1280 Rutuli.
1000 1237 1164 1279 vallum
1190 1237 1303 1279 enim
1336 1237 1463 1279 modo
1492 1251 1580 1279 non
1605 1236 1914 1292 obsidentium,
1946 1235 2020 1278 sed

309 1310 584 1352 obsessorum
616 1309 822 1351 debemus
856 1308 1062 1364 accipere.

430 1382 526 1424 121.
575 1392 666 1424 NEC
686 1392 795 1424 SPES
816 1392 942 1423 VLLA
966 1391 1122 1423 FVGAE
1149 1380 1252 1436 fuga
1277 1380 1572 1423 miserrimum
1598 1383 1642 1423 613
1667 1380 1869 1423 ultimum
1895 1394 2019 1435 prae-

309 1452 466 1495 sidium
499 1454 584 1508 est,
617 1454 766 1495 tamen
798 1452 932 1495 etiam
962 1451 1047 1495 hoc
1077 1452 1293 1496 carebant.

433 1525 527 1567 123.
577 1535 858 1567 IMBRASIDES
907 1523 1093 1566 Imbrasi
1136 1523 1263 1566 filius.
1409 1534 1726 1567 mcss‘ermvs
1770 1522 2022 1566 Hicetaonis

310 1596 438 1639 filius.
501 1598 546 1638 et
586 1595 695 1638 bene
737 1610 788 1638 ex
829 1595 1040 1655 varietate
1085 1594 1351 1650 syllabarum
1396 1595 1612 1650 quaesivit
1656 1597 1877 1637 ornatum:
1921 1609 2023 1637 nam

310 1668 615 1724 patronymica
654 1669 730 1710 aut
768 1667 814 1709 in
846 1666 951 1709 ‘des'
985 1669 1060 1709 aut
1092 1667 1137 1709 in
1169 1665 1266 1708 ‘ius'
1300 1669 1474 1722 exeunt,
1512 1667 1668 1722 quibus
1706 1668 1750 1708 et
1779 1666 1844 1708 uti
1875 1680 2024 1722 possu-

311 1754 418 1795 mus.
481 1754 590 1795 quae
623 1739 739 1781 enim
772 1737 859 1781 ‘011'
891 1738 1203 1793 terminantur,
1235 1737 1290 1780 ad
1321 1752 1400 1780 nos
1431 1739 1619 1781 transire
1650 1752 1734 1780 non
1769 1739 1965 1793 possunt.

434 1811 530 1854 124.
579 1822 750 1854 SENIOR
782 1822 875 1853 cvm
909 1821 1121 1852 CASTORE
1154 1821 1352 1852 'rnrssms
1389 1824 1620 1864 possumus
1659 1811 1702 1851 et
1741 1809 1879 1852 solum
1912 1808 2024 1863 Thy-

310 1882 409 1925 brin
440 1897 587 1925 senem
619 1882 830 1938 accipere:
871 1895 1100 1937 possumus
1133 1883 1177 1923 et
1208 1880 1454 1936 Castorem,
1492 1881 1529 1923 si
1561 1881 1758 1936 legamus
1791 1879 1850 1922 ‘et
1883 1880 2025 1922 senior

311 1970 406 1996 cum
440 1953 620 1997 Castore
655 1952 872 2009 Thybris':
903 1968 1005 1995 nam
1038 1952 1307 2009 amphibolia
1339 1954 1415 1995 est.

433 2026 529 2069 125.
579 2037 723 2068 PRIMA
754 2036 888 2068 AOIES
926 2024 1009 2067 hoc
1047 2026 1114 2066 est
1150 2023 1300 2080 magni
1331 2023 1432 2067 viri:
1474 2025 1518 2066 et
1551 2025 1617 2065 est
1648 2022 1844 2065 definitio
1877 2037 2022 2064 eorum

312 2098 385 2154 qui
417 2098 462 2140 in
493 2097 634 2153 prima
667 2097 757 2140 acie
788 2096 982 2139 fuerunt:
1013 2095 1126 2138 unde
1157 2095 1298 2138 laudis
1323 2095 1465 2151 magis
1493 2097 1559 2137 est
1585 2094 1699 2150 quod
1729 2094 1837 2136 dixit
1868 2093 2025 2148 ‘prima

314 2168 463 2212 acies':
501 2169 666 2211 ordinis
699 2169 813 2211 enim
847 2182 941 2211 esse
971 2182 1059 2210 non
1090 2169 1251 2223 potest,
1284 2168 1384 2223 quia
1414 2181 1483 2208 res
1515 2166 1561 2208 in
1593 2181 1715 2208 muro
1748 2165 1905 2221 agitur.

314 2252 528 2283 GERMANI
571 2251 861 2283 SARPEDONIS
906 2241 982 2282 aut
1025 2239 1138 2281 inter
1184 2253 1229 2282 se
1270 2238 1468 2294 germani
1509 2238 1588 2279 filii
1629 2235 1906 2292 Sarpedonis,
1951 2238 2026 2278 aut

315 2312 577 2368 Sarpedonis
609 2312 769 2354 fratres
800 2325 849 2354 ex
879 2311 1019 2354 eadem
1048 2313 1191 2353 matre.

414 2446 431 2476 1
458 2441 608 2477 iuouem
635 2441 676 2476 F
690 2442 702 2487 ΙΙ
734 2442 789 2477 est
813 2452 880 2476 om.
907 2440 980 2476 AS
997 2441 1010 2486 ΙΙ
1039 2440 1194 2483 fortasse
1218 2449 1285 2483 pro
1311 2449 1378 2483 per
1395 2439 1408 2483 ΙΙ
1439 2441 1459 2472 2
1485 2437 1638 2473 flumina
1662 2435 1790 2472 fratris
1819 2437 1868 2472 M
1874 2436 1914 2471 F
1929 2437 1942 2483 ΙΙ
1968 2435 2026 2471 ius

316 2489 472 2524 iurando
498 2489 549 2524 M
581 2489 684 2524 cuius
709 2489 867 2523 iurando
894 2488 933 2522 F
949 2489 961 2534 ΙΙ
985 2487 1103 2533 dicta]
1130 2487 1273 2521 statuta
1300 2486 1346 2520 M
1355 2485 1396 2520 F
1411 2487 1422 2532 ΙΙ
1448 2490 1470 2520 4
1496 2485 1567 2531 6613]
1593 2486 1661 2530 (Il.
1689 2486 1703 2519 I
1730 2485 1814 2530 530)
1841 2483 1961 2530 μέγαν
1986 2480 2024 2519 δ’

319 2535 482 2579 ἐλέλιξεν
500 2534 687 2582 Ὄλυμπον
714 2537 799 2571 add.
820 2535 859 2570 D
877 2537 889 2580 ΙΙ
917 2539 938 2570 5
964 2534 1095 2569 refert:
1121 2534 1164 2568 ut
1188 2533 1271 2568 dist.
1293 2532 1492 2568 Schoezlius
1510 2535 1523 2578 ΙΙ
1548 2536 1569 2567 8
1596 2531 1635 2566 id
1657 2534 1715 2568 6613
1735 2532 1833 2567 cirea
1854 2532 1898 2567 M
1918 2533 1931 2579 fl
1954 2530 2027 2566 fusi

317 2595 384 2620 om.
402 2585 449 2619 M
457 2583 497 2618 F
513 2585 525 2630 ΙΙ
544 2588 564 2619 9
590 2585 640 2619 ad
664 2596 709 2618 Ar
729 2596 759 2617 L.
779 2594 813 2618 A.
838 2593 866 2619 s.
886 2593 917 2618 v.
943 2580 1139 2626 prolemsis
1165 2581 1222 2616 est
1245 2580 1317 2615 hoc
1335 2581 1418 2615 loco
1439 2580 1528 2625 quia
1546 2580 1646 2624 legio
1666 2591 1741 2616 non
1761 2581 1841 2615 erat-
1859 2581 2026 2624 tempore

317 2631 546 2667 troianorum
564 2631 596 2665 Τ
612 2632 625 2676 ΙΙ
644 2642 690 2665 An
705 2630 745 2665 F
761 2631 772 2677 ΙΙ
792 2628 1012 2675 prolempsin
1028 2629 1067 2664 F
1083 2630 1094 2675 11
1114 2627 1268 2664 troianis
1283 2627 1333 2671 F,
1348 2638 1439 2663 corr.
1452 2628 1590 2663 Daniel
1608 2629 1621 2674 ss
1648 2632 1691 2663 10
1704 2627 1744 2662 id
1758 2628 1815 2662 est
1827 2637 1893 2662 om.
1911 2626 1960 2661 M
1965 2625 2027 2673 Fu

317 2680 499 2715 fossarum
524 2678 643 2713 fustes
671 2678 720 2712 M
725 2677 765 2712 F
792 2678 805 2723 ΙΙ
843 2680 884 2711 11
908 2678 1044 2715 neutro
1070 2675 1208 2711 dicitur
1232 2686 1367 2720 genere
1395 2676 1444 2710 M
1451 2675 1491 2710 F
1518 2677 1530 2722 ΙΙ
1561 2676 1600 2711 et
1624 2676 1694 2710 hoc
1720 2674 1812 2710 dicit
1836 2702 1845 2710 .
1868 2702 1876 2710 .
1897 2703 1905 2711 .
1932 2673 2027 2710 acci-

316 2738 405 2772 pere
436 2737 504 2762 om.
532 2726 582 2761 M
588 2725 628 2760 F
661 2726 673 2771 ΙΙ
712 2728 756 2760 15
787 2725 878 2769 fuga
904 2753 912 2761 .
934 2751 941 2760 .
963 2751 971 2759 .
998 2723 1070 2770 6613]
1104 2722 1354 2759 miserrimum
1386 2724 1424 2758 et
1453 2723 1629 2758 ultimum
1662 2722 1773 2769 fugae
1807 2720 1946 2768 (fugem
1974 2720 2029 2766 1⁴¹5

1221 2790 1243 2809 A

317 2820 545 2867 praesidium
572 2820 630 2855 est
649 2820 699 2854 M
706 2819 746 2854 F
761 2820 773 2866 ΙΙ
794 2823 836 2855 17
861 2831 1067 2854 minuemus
1093 2819 1130 2854 A
1166 2831 1341 2854 mmsmes
1367 2818 1412 2853 H
1425 2819 1438 2863 ΙΙ
1464 2821 1508 2853 18
1534 2818 1573 2853 613
1595 2816 1691 2852 bene
1716 2827 1782 2852 om.
1808 2814 1882 2850 AS
1898 2816 1911 2861 11
1929 2813 2025 2850 nari-

318 2871 398 2905 tate
415 2868 506 2904 RH
519 2869 532 2915 ΙΙ
552 2871 595 2903 19
621 2867 881 2912 patronimyca
901 2867 946 2901 H
977 2866 1226 2912 patronimica
1247 2865 1288 2901 F
1321 2865 1579 2911 patronomica
1601 2864 1735 2909 reliqui
1751 2864 1764 2910 ΙΙ
1783 2866 1828 2898 20
1853 2863 1951 2897 enim
1978 2873 2026 2897 on

318 2917 412 2951 LM
446 2915 545 2952 enim
571 2915 611 2950 in
636 2926 682 2950 on
708 2914 798 2949 RH
829 2913 969 2949 immon
995 2914 1043 2957 F,
1069 2925 1117 2949 on
1143 2924 1209 2949 om.
1236 2913 1310 2949 AS
1337 2914 1348 2959 ΙΙ
1379 2913 1550 2958 possunt]
1575 2913 1617 2946 ut
1642 2913 1814 2956 Πηλείων
1840 2910 1925 2945 add.
1952 2909 1991 2944 D
2015 2909 2026 2956 ΙΙ

320 2968 362 2999 21
389 2975 530 2998 mmms
549 2962 634 2997 RF
669 2976 700 2997 T.
723 2962 772 2996 Μ
788 2962 801 3006 ΙΙ
820 2972 968 3007 possum
988 2961 1061 2996 AS
1079 2962 1091 3007 ss
1110 2963 1148 2996 et
1173 2961 1293 2997 solum
1316 2960 1447 2995 ASL:
1474 2961 1513 2995 et
1537 2957 1707 2995 absolute
1725 2957 1762 2992 R
1799 2959 1837 2992 et
1862 2957 2026 2992 solutum

320 3012 365 3047 H
398 3013 436 3046 et
459 3011 497 3046 in
524 3010 644 3045 solum
666 3010 715 3044 M
721 3009 761 3044 F
777 3010 789 3056 ΙΙ
807 3009 935 3044 tibrim
953 3008 1034 3043 AR
1070 3008 1188 3043 tibrin
1213 3008 1242 3044 S
1278 3007 1430 3053 thybrin
1454 3007 1544 3041 LH
1575 3005 1753 3050 thybirim
1779 3004 1829 3039 M
1860 3004 2024 3050 thybrim

321 3058 363 3094 F
378 3060 390 3106 ΙΙ
409 3062 454 3093 22
480 3069 675 3104 possumus
700 3068 766 3092 om.
789 3056 880 3091 LM
884 3055 924 3091 F
947 3056 1045 3101 (add.
1066 3056 1091 3100 Z)
1110 3057 1123 3102 ΙΙ
1142 3057 1179 3091 et
1204 3057 1387 3091 castorem
1414 3053 1528 3090 etiam
1555 3053 1604 3088 M
1610 3052 1651 3088 F
1666 3054 1678 3098 ΙΙ
1697 3055 1734 3088 613
1760 3079 1767 3087 .
1789 3080 1796 3087 .
1819 3080 1827 3087 .
1855 3051 2023 3097 Castore]

322 3108 360 3141 et
394 3118 479 3142 cum
510 3106 654 3141 castore
686 3115 858 3140 senorum
885 3104 950 3147 M,
979 3104 1013 3138 si
1036 3104 1140 3138 modo
1165 3103 1414 3148 compendium
1439 3105 1615 3137 esem-emae
1639 3111 1810 3135 senorum
1835 3100 1931 3135 vocis
1954 3100 2027 3144 syl-

322 3155 427 3190 labae
449 3157 542 3189 recte
565 3153 826 3197 interpretatus
850 3162 930 3187 sum
960 3152 972 3198 ΙΙ
1008 3154 1053 3185 23
1079 3150 1213 3186 thibris
1240 3149 1281 3185 F
1308 3151 1320 3196 ΙΙ
1349 3160 1436 3184 nam
1461 3147 1694 3193 amphibolia
1719 3149 1776 3182 6613
1803 3157 1871 3182 om.
1900 3147 1949 3181 M
1954 3146 1995 3181 F
2015 3146 2026 3200 U

322 3206 367 3237 24
393 3202 463 3237 hoc
489 3201 549 3236 6613
574 3228 581 3235 .
603 3228 610 3235 .
632 3225 640 3235 .
667 3200 765 3234 unde
791 3210 857 3235 om.
887 3199 935 3234 M
941 3198 981 3233 F
1002 3199 1015 3245 ΙΙ
1043 3201 1088 3232 25
1114 3198 1213 3242 quod
1240 3226 1248 3233 .
1270 3225 1278 3233 .
1300 3226 1307 3233 .
1335 3196 1449 3243 acies]
1476 3207 1562 3231 nam
1586 3195 1659 3231 hoc
1684 3194 1778 3229 dicit
1801 3193 1929 3240 magni
1955 3193 2026 3229 uiri

324 3250 373 3284 M
379 3249 419 3284 F
435 3250 447 3295 ΙΙ
477 3252 522 3284 26
548 3247 690 3294 agitur]
717 3248 775 3282 6613
801 3248 851 3282 M
855 3246 895 3282 F
916 3248 928 3293 ΙΙ
959 3250 1004 3282 27
1030 3244 1246 3291 sarpedonis
1271 3244 1340 3279 filii
1367 3245 1417 3279 M
1422 3243 1462 3278 F
