2092 3614
294 250 383 293 426
978 226 981 228 ’
1070 248 1229 285 ssnvn

416 359 514 402 305.
564 371 770 402 ΕΧΡΟΝΙΤ
804 372 853 402 IN
884 370 1026 402 VNDIS
1059 359 1155 401 ideo
1189 357 1255 399 ‘in
1286 356 1447 412 und-is'‚
1482 372 1571 400 non
1603 357 1668 399 ‘in
1699 357 1870 414 undas',
1901 357 2001 413 quia

298 432 344 473 in
376 432 471 486 ipso
504 431 597 473 loeo
630 446 697 473 res
730 431 893 487 agitur,
922 444 999 472 nec
1032 432 1098 471 est
1128 429 1326 471 mutatio.

416 503 515 544 306.
565 519 768 545 mmmm
800 503 966 556 antique
996 502 1170 544 dietum:
1205 514 1305 543 nam
1338 499 1611 555 ‘fracmenta'
1644 501 1727 543 dici
1756 500 1892 543 debere
1921 514 2004 542 non

295 574 405 617 nulli
434 574 640 616 adserunt.

250 654 271 685 ὅ
417 645 517 688 311.
568 656 699 687 OMEN
740 655 930 687 PVGNAE
972 643 1206 686 Sallustius
1250 656 1470 699 pugnam
1514 643 1792 698 illam-pro
1837 643 2004 685 omine

298 717 436 759 bello
475 716 714 759 futuram.
775 716 871 758 ideo
910 730 1013 772 ergo
1053 713 1234 770 ‘omen',
1274 715 1393 770 quia,
1432 714 1544 756 sicut
1579 729 1710 767 nunc,
1747 714 1811 756 sic
1850 714 2006 770 ubique

298 787 655 830 vincet-Aeneas.
776 799 963 830 INVAsrr
995 797 1233 829 AGRESTES
1267 787 1366 842 quia
1397 786 1505 828 dixit
1538 784 1674 840 <VIII
1700 785 1754 840 8>
1788 785 1837 828 et
1868 785 2004 828 latos

300 861 509 901 vastant
541 858 836 902 cultoribus
869 873 1034 915 agros.

418 931 516 973 312.
567 942 788 973 THERONE
829 930 910 972 hoc
946 944 1105 979 nomen
1142 930 1188 971 in
1220 928 1406 971 Pindaro
1438 929 1599 971 lectum
1631 924 1698 971 est
1727 930 1911 972 tantum.
1972 932 2009 971 et

230 1010 274 1041 10
299 1002 393 1044 bene
423 1003 470 1043 in
500 1002 690 1044 honorem
721 1002 885 1044 victoris
914 1002 1064 1043 victu-m
1097 1001 1253 1043 laudat.

419 1073 518 1115 314.
568 1083 777 1116 TVNICAM
810 1084 1123 1124 SQVALENTEM
1160 1071 1455 1126 splendentem
1487 1069 1680 1113 loricam.
1742 1070 2007 1125 ‘squalentem

299 1144 424 1187 auro'
465 1145 739 1198 splendentem
775 1157 891 1186 auro.
953 1147 991 1186 et
1027 1143 1235 1198 siqniftcat
1273 1143 1432 1196 copiam
1471 1142 1787 1196 densitatemque
1825 1144 1923 1185 auri
1962 1144 2009 1185 in

299 1230 571 1270 squamarum
608 1216 777 1271 speciem
815 1216 982 1258 intexti:
1020 1215 1203 1269 squalere
1239 1215 1348 1256 enim
1383 1214 1537 1256 dictum
1568 1228 1596 1255 a
1626 1227 1897 1267 squamarum
1926 1228 2008 1257 ere-

300 1288 446 1330 britate
482 1291 602 1342 atque
637 1287 872 1342 asperitate,
909 1300 1013 1340 quae
1043 1287 1089 1329 in
1119 1289 1351 1340 serpentum
1386 1285 1607 1339 pisciumve
1642 1285 1765 1328 coriis
1795 1285 2008 1328 visuntur:

232 1368 274 1399 15
300 1360 402 1402 alibi
421 1359 509 1414 <XI
530 1358 645 1413 770>
671 1372 806 1413 quem
829 1358 985 1412 pellis
1010 1358 1150 1401 aenis
1175 1358 1227 1399 in
1251 1357 1476 1411 plumam
1501 1357 1720 1410 squamis
1750 1371 1871 1399 auro
1902 1371 2010 1399 con-

300 1434 433 1474 serta
471 1431 671 1485 teyebat,
710 1433 747 1472 et
776 1430 879 1472 alibi
910 1429 1000 1484 <ΧΙ
1032 1429 1149 1483 487>
1182 1430 1376 1482 iamque
1405 1429 1522 1470 adeo
1558 1428 1768 1470 rutilum
1808 1428 2010 1471 thoraca

301 1503 509 1546 indutus
546 1502 687 1545 aenis
722 1501 954 1544 horrebat
988 1501 1219 1554 squamis.
1279 1500 1481 1553 quidquid
1508 1499 1636 1554 iqitur
1666 1499 1915 1542 inculcatum
1946 1499 2009 1542 ob-

301 1574 503 1627 situmque
543 1573 687 1627 aliqua
723 1587 767 1615 re
803 1576 892 1615 erat
926 1572 1109 1626 squalere
1145 1571 1362 1614 dicebatur.
1495 1582 1671 1614 HAVRIT
1703 1569 1843 1612 ‘ferit'
1882 1570 2009 1613 modo

303 1644 535 1701 significat,
559 1645 629 1686 sed
652 1658 736 1687 non
760 1645 919 1686 nudum
946 1644 1066 1697 latus,
1091 1643 1162 1685 sed
1184 1643 1291 1696 quod
1314 1645 1552 1696 aperuerat:
1584 1644 1621 1684 et
1637 1644 1813 1695 pumtur
1836 1641 2011 1695 hystero-

232 1725 278 1757 20
294 1719 503 1771 proteron.
565 1716 734 1769 quidam
771 1715 993 1758 militarem
1030 1715 1291 1756 elocutionem
1326 1716 1503 1768 putant:
1546 1727 1638 1756 eum
1677 1714 1788 1756 enim
1824 1727 1852 1755 a
1889 1713 2012 1756 latere

304 1788 397 1842 quis
427 1787 607 1841 aliquem
638 1774 809 1829 adortus
835 1787 975 1841 qladio
1006 1786 1165 1840 occidit,
1198 1784 1355 1827 ‘haurit
1385 1784 1520 1828 illum'
1551 1786 1702 1828 dicunt.

423 1858 522 1900 316.
573 1870 633 1900 ET
666 1870 761 1900 TIBI
792 1869 980 1901 PHOEBE
1014 1868 1195 1900 SACRVM
1234 1871 1382 1899 omnes
1422 1856 1495 1912 qui
1529 1857 1647 1898 secto
1680 1855 1832 1897 matris
1863 1856 2012 1897 ventre
2053 1897 2060 1900 .

304 1931 605 1985 procreantur,
637 1930 733 1972 ideo
767 1932 868 1972 sunt
894 1929 1089 1984 Apollini
1121 1928 1380 1982 consecrati,
1411 1927 1513 1983 quia
1544 1926 1648 1974 deus
1676 1928 1742 1968 est
1766 1925 2012 1981 medicinae,

404 2039 424 2070 5
451 2033 666 2077 Sallustius]
693 2034 780 2069 hist.
807 2035 877 2069 inc.
900 2038 942 2069 61
965 2034 1007 2069 Ι).
1035 2037 1080 2069 27
1100 2033 1162 2068 Kr.
1182 2034 1195 2078 ΙΙ
1225 2037 1267 2068 11
1296 2044 1522 2073 SQVALENTEM
1550 2031 1823 2077 splendentem]
1851 2030 1897 2066 cf.
1917 2030 2011 2066 Non.

306 2095 342 2128 p.
369 2086 456 2123 404,
485 2086 528 2116 14
554 2082 602 2117 M.
631 2084 644 2126 ΙΙ
677 2081 910 2126 squalentem
935 2091 1025 2116 auro
1051 2092 1082 2116 e.
1109 2093 1143 2125 q.
1171 2081 1216 2127 a]
1243 2080 1288 2116 cf.
1316 2080 1410 2117 Gell.
1436 2079 1471 2115 II
1497 2084 1529 2123 6,
1558 2083 1600 2115 19
1621 2091 1719 2124 sqq.;
1745 2078 1906 2114 Macrob.
1934 2078 2011 2113 Sat.

307 2130 357 2165 Vl
379 2134 411 2173 7,
433 2133 475 2165 17
492 2141 573 2174 sqq.
593 2131 606 2175 ΙΙ
629 2134 669 2164 18
696 2141 827 2164 ΗΑνιιιΤ
853 2128 955 2176 ferit]
983 2139 1096 2164 exscr.
1124 2128 1228 2164 Luct.
1255 2128 1355 2162 Plac.
1382 2127 1431 2162 ad
1457 2126 1550 2162 Stat.
1576 2127 1691 2162 Theb.
1713 2126 1823 2162 1146.
1850 2125 1895 2161 cf.
1915 2125 2011 2162 Non.

306 2190 357 2260 p51
370 2181 462 2260 3319,1
467 2181 521 2259 226
547 2176 596 2213 M.
616 2178 629 2222 ΙΙ
658 2181 702 2211 22
730 2187 858 2212 omnes
887 2205 893 2211 .
916 2203 923 2211 .
946 2203 953 2210 .
981 2175 1169 2222 dicantur]
1197 2186 1310 2211 exscr.
1338 2175 1523 2220 mythogr.
1550 2174 1601 2209 III
1626 2178 1659 2219 8,
1682 2177 1737 2209 16.
1775 2173 1820 2209 cf.
1846 2171 1934 2209 Isid.
1960 2184 2011 2208 or.

405 2325 423 2354 1
452 2319 540 2363 quia
563 2329 638 2353 non
663 2320 721 2353 est
745 2318 820 2353 loci
844 2317 1003 2353 mutatio
1030 2317 1096 2353 sed
1121 2317 1158 2353 in
1178 2327 1252 2353 uno
1273 2317 1478 2362 eodemque
1505 2316 1588 2352 loco
1608 2327 1666 2351 res
1686 2314 1811 2361 agitur
1829 2314 1870 2350 F
1885 2316 1897 2362 ΙΙ
1916 2319 1937 2350 3
1964 2314 2014 2350 ad

308 2378 490 2403 suumin
515 2377 541 2402 s.
569 2378 599 2402 v.
627 2366 839 2410 fragmenta
866 2366 899 2400 Τ
916 2367 928 2412 ΙΙ
959 2376 1115 2400 mmmm
1140 2364 1181 2399 F
1195 2367 1208 2410 ΙΙ
1238 2369 1259 2400 5
1286 2364 1408 2400 omine
1433 2364 1529 2399 AL.-
1555 2362 1656 2399 omni
1681 2363 1709 2398 S
1718 2362 1805 2399 RH
1811 2363 1859 2397 M
1895 2362 2011 2397 omni-

308 2415 376 2449 bus
403 2414 443 2448 F
470 2413 671 2458 (ominibus
708 2413 854 2457 Daniel)
905 2413 1026 2447 omine
1058 2412 1160 2448 omni
1190 2413 1281 2447 coni.
1308 2412 1527 2447 Dietschius.
1574 2412 1620 2454 ef.
1653 2411 1702 2445 ad
1737 2411 1825 2445 Aen.
1859 2410 1875 2444 1
1901 2413 1970 2446 456
2002 2410 2014 2456 Η

310 2466 330 2497 6
356 2461 447 2496 belli
473 2461 681 2505 Stephanus
699 2462 711 2505 ΙΙ
731 2463 749 2494 7
778 2459 897 2494 uincit
916 2459 988 2494 AS
995 2459 1036 2494 F
1050 2460 1063 2504 ss
1082 2459 1190 2504 dixit]
1218 2471 1329 2505 supra
1355 2460 1409 2494 ait
1433 2459 1500 2504 Fu
1520 2458 1640 2494 laetos
1668 2457 1735 2502 Fss
1754 2461 1775 2493 9
1801 2458 1850 2493 ad
1876 2470 1907 2494 0.
1929 2470 2013 2492 *rnu-

310 2519 400 2543 nom:
425 2519 451 2543 s.
479 2519 511 2543 v.
538 2508 632 2543 bene
660 2535 667 2542 .
696 2536 702 2542 .
732 2534 739 2541 .
772 2507 904 2542 laudat
935 2507 1076 2541 uictum
1105 2506 1138 2540 Τ
1171 2507 1183 2552 ΙΙ
1229 2510 1271 2541 10
1301 2506 1454 2542 uictoris
1486 2506 1669 2541 asuictum
1694 2505 1740 2541 F.
1779 2517 1831 2540 an
1861 2504 2014 2540 victoris

310 2556 458 2591 Aeneae
483 2554 648 2590 uictum?
681 2554 694 2599 ΙΙ
727 2558 768 2588 11
795 2553 950 2589 luricam
975 2553 1054 2588 RL
1078 2555 1090 2599 ΙΙ
1122 2554 1170 2589 ad
1195 2565 1226 2588 v.
1253 2558 1323 2588 314
1347 2554 1390 2588 in
1414 2564 1528 2599 mary.
1555 2553 1725 2598 squalere
1750 2563 1825 2587 non
1850 2551 2015 2587 sordium

310 2603 462 2649 plenum
487 2612 568 2637 esse
593 2601 871 2644 tantummodo,
906 2603 948 2635 ut
978 2612 1076 2635 nuno
1109 2601 1376 2636 consuetudine
1407 2612 1624 2646 persuasum
1657 2601 1728 2643 est,
1762 2600 1825 2634 sed
1857 2599 2016 2634 honesta

311 2661 350 2685 re
376 2649 592 2685 habundare
619 2650 658 2684 et
682 2649 861 2684 refertum
887 2659 966 2683 esse
992 2650 1136 2683 ueteres
1163 2648 1350 2693 probabili
1377 2648 1600 2683 auctoritate
1626 2648 1831 2693 posuer-unt
1853 2645 2014 2690 ducique

310 2698 406 2732 hanc
434 2697 700 2742 proprietatem
728 2706 751 2730 a
776 2695 938 2740 squamis
963 2697 1205 2739 putauerunt:
1234 2698 1275 2731 ut
1300 2695 1399 2740 quod
1425 2695 1539 2730 fuerit
1563 2695 1732 2740 qualibet
1756 2705 1794 2729 re
1817 2694 2014 2730 densatum

311 2746 350 2780 et
374 2746 574 2780 honustum
600 2743 769 2788 squalere
796 2744 951 2778 dicatur.
1003 2754 1090 2788 ergo
1123 2742 1184 2777 hic
1217 2744 1387 2787 squalere
1418 2742 1649 2788 intellegitur
1681 2740 1826 2787 copiam
1853 2739 2014 2776 densita-

310 2795 462 2836 temque
493 2791 574 2827 auri
598 2791 732 2826 intexti
761 2790 799 2825 iu
831 2801 1067 2835 squamarum
1100 2791 1262 2834 speciem
1287 2790 1326 2825 id
1352 2793 1409 2825 est
1433 2801 1456 2824 a
1481 2800 1718 2835 squamarum
1743 2787 1941 2824 crebritate
1970 2787 2012 2822 T.

312 2839 481 2884 squalere
509 2865 517 2874 .
541 2865 547 2872 .
572 2867 578 2873 .
605 2838 774 2882 squalere
800 2837 946 2873 dicatur
970 2848 987 2872 e
1007 2837 1126 2872 Nonii
1151 2849 1230 2883 cap.
1253 2838 1302 2873 VI
1324 2849 1362 2883 p.
1383 2841 1463 2881 452,
1487 2842 1529 2872 19
1551 2838 1607 2872 M.
1629 2837 1748 2882 petita
1772 2838 1857 2871 sunt
1875 2836 1886 2880 fl
1906 2844 2013 2879 squa—

311 2887 454 2922 lentum
480 2897 589 2921 auras
615 2886 655 2920 F
671 2887 682 2931 ΙΙ
716 2889 758 2920 12
785 2885 1008 2920 densitatem
1034 2884 1067 2919 G
1087 2886 1098 2929 ΙΙ
1132 2889 1173 2919 13
1201 2885 1393 2920 intertexti
1417 2884 1555 2920 Daniel
1573 2884 1586 2929 ΙΙ
1618 2887 1661 2918 14
1687 2881 1813 2918 uisunt
1838 2881 1892 2925 F,
1921 2892 2013 2917 corr.

312 2933 451 2969 Daniel
469 2934 480 2979 ΙΙ
514 2936 555 2967 15
582 2933 673 2978 pelli
699 2932 740 2967 F
754 2933 767 2978 ΙΙ
791 2933 959 2978 plumum
987 2931 1027 2966 F
1050 2934 1062 2976 ΙΙ
1094 2936 1137 2967 16
1163 2932 1359 2977 tegerebat
1385 2932 1425 2967 F
1458 2931 1656 2976 regerebat
1680 2930 1714 2965 G
1731 2931 1744 2975 ΙΙ
1768 2929 1931 2964 rutulum
1958 2930 2014 2964 to-

312 2991 400 3016 raca
418 2980 459 3015 F
475 2983 487 3026 ΙΙ
513 2984 550 3015 17
577 2980 735 3015 horebat
759 2980 799 3015 F
815 2981 826 3026 ΙΙ
846 2979 940 3025 qmis
969 2978 1002 3014 G
1021 2981 1032 3025 [Ι
1054 2983 1096 3013 18
1122 2980 1172 3014 ad
1196 2992 1329 3015 nAvmr
1348 2993 1380 3015 A.
1407 2991 1434 3015 s.
1455 2990 1487 3014 v.
1513 2982 1546 3014 et
1570 2979 1611 3013 in
1635 2988 1748 3022 mary.
1774 2987 1848 3011 non
1872 2975 2014 3011 nudum

313 3028 379 3063 sed
398 3028 498 3072 quod
518 3029 753 3072 apparuerat.
785 3029 823 3063 et
841 3028 995 3073 putatur
1014 3037 1094 3061 esse
1114 3027 1442 3072 histeroproteron.
1474 3026 1625 3070 quidam
1645 3024 1812 3059 italicam
1832 3023 2013 3059 elocutio-

313 3087 399 3111 nem
424 3075 612 3119 accipiunt
638 3075 725 3119 quia
750 3087 831 3110 cum
853 3073 987 3119 aliquis
1007 3074 1214 3118 quemlibet
1233 3085 1427 3119 aggressus
1452 3071 1579 3119 gladio
1600 3071 1736 3107 occidit
1758 3071 1884 3106 haurit
1907 3070 2014 3105 illum

314 3122 442 3158 dicunt
454 3123 485 3156 Τ
500 3123 513 3168 ΙΙ
531 3122 641 3157 modo
655 3122 741 3157 ferit
755 3122 819 3157 sed
833 3121 954 3157 nonF
970 3122 981 3168 ΙΙ
1001 3125 1046 3156 20
1057 3120 1257 3156 militarem
1267 3121 1478 3157 Schoellius:
1494 3119 1660 3155 italicam
1675 3119 1762 3154 libri
1780 3119 1791 3164 11
1811 3122 1854 3153 21
1870 3116 2017 3154 auritF

314 3182 332 3206 e
351 3181 441 3206 corr.
462 3170 550 3215 quid
570 3182 592 3204 a
606 3170 732 3214 prima
750 3181 865 3205 manu
882 3169 1059 3213 script-um
1082 3169 1195 3211 fuerit
1219 3180 1294 3204 non
1312 3171 1429 3213 potest
1453 3167 1626 3212 diynosci.
1660 3165 1757 3202 ausit
1777 3166 1914 3201 Daniel
1930 3166 1943 3210 ΙΙ
1968 3167 2013 3199 22

315 3219 416 3253 secto
431 3228 476 3252 ex
489 3217 619 3252 matris
635 3218 682 3251 M
701 3218 712 3262 ΙΙ
731 3221 776 3252 23
796 3217 881 3252 ideo
896 3216 967 3251 AS
978 3217 1020 3250 M
1031 3216 1059 3250 l:
1080 3215 1149 3251 deo
1163 3215 1300 3260 RLH,
1320 3215 1435 3251 om.F
1450 3215 1462 3261 ΙΙ
1481 3212 1637 3260 apollini
1657 3212 1862 3249 consecrati
1881 3211 2018 3248 suntF
