2092 3614
574 273 723 309 COMM.
751 272 806 308 IN
830 271 975 308 VERG.
1001 272 1112 309 AEN.
1139 272 1191 308 XI
1216 276 1343 308 8—19.
1727 272 1815 314 479

103 381 271 438 tropaei
303 382 544 425 ostenditur
576 397 718 425 causa.
767 385 805 424 et
832 382 1050 425 verecunde
1081 395 1174 424 cum
1198 382 1330 436 ipsius
1355 395 1456 436 opus
1479 382 1551 437 sit,
1581 381 1817 436 impersona-

106 454 199 496 liter
229 454 301 496 ait.
423 465 605 497 ABESTO
639 454 772 496 absit:
804 469 906 496 nam
937 453 1071 496 tertia
1102 468 1290 508 persona
1321 457 1400 496 est.

225 525 291 568 15.
342 537 468 577 QVOD
502 537 736 568 SVPEREST
770 526 815 568 id
841 528 907 567 est
932 525 984 567 de
1009 525 1195 580 reliquo:
1227 527 1271 566 et
1297 527 1363 567 est
1388 526 1590 568 absoluta
1616 525 1816 578 elocutio,

101 600 150 639 ut
179 596 272 651 <IX
302 596 414 652 155>
445 598 574 651 quod
600 600 825 651 superest
855 597 976 639 laeti
1006 596 1120 639 bene
1145 597 1299 651 yestis
1330 611 1540 651 corpora
1569 597 1724 640 rebus.

101 680 160 710 ET
187 681 250 710 DE
277 680 399 711 REGE
435 679 643 711 SVPERBO
668 681 908 711 PRIMITIAE
942 670 1017 711 aut
1047 668 1130 710 hoc
1162 668 1290 710 dicit:
1317 668 1535 723 primitiae
1566 669 1676 711 istae
1709 683 1816 724 quas
1843 676 1863 707 5

101 738 302 796 fecimus,
332 754 421 783 non
447 740 499 782 de
529 740 656 794 plebe
683 742 801 795 sunt,
833 740 907 783 sed
933 740 984 782 de
1010 754 1112 796 rege
1139 739 1469 795 superbissimo,
1500 741 1547 782 id
1569 743 1628 784 est
1651 740 1815 783 Mezen-

103 811 180 852 tio:
213 814 289 853 aut
320 814 435 854 certe
466 825 612 867 regem
646 811 878 866 superbum
906 811 1098 853 Turnum
1125 810 1388 866 accipiamus
1420 835 1479 841 —
1503 826 1606 853 nam
1639 811 1690 853 de
1719 812 1816 867 ipso

102 882 287 938 legimus
331 882 405 942 <X
429 882 547 937 445>
588 884 640 924 61
683 881 929 924 Rutulum
977 883 1222 925 abscessu
1270 882 1475 925 iuvenis
1525 885 1631 925 tum
1673 883 1816 925 iussa

102 954 325 1009 superba
363 955 588 997 miratur
623 979 673 985 —-
707 957 756 996 ut
789 954 847 996 sit
886 969 1055 997 sensus:
1093 954 1201 996 haec
1240 953 1380 1009 spolia
1412 956 1457 996 et
1487 954 1599 997 hanc
1630 955 1815 1009 primam

100 1025 205 1067 belli
242 1028 411 1081 partem
452 1026 638 1081 superbo
678 1026 822 1068 Turno
863 1025 1130 1068 sustulimus.
1192 1040 1295 1067 nam
1331 1026 1414 1068 hoc
1451 1026 1677 1081 epitheton
1717 1041 1816 1083 pro·
1843 1034 1887 1065 10

100 1096 243 1152 prium
274 1097 409 1139 Turni
448 1100 532 1152 est,
571 1097 684 1153 quod
723 1097 763 1139 61
794 1097 1016 1154 Vergilius
1054 1112 1132 1152 pro
1164 1097 1333 1153 ingenti
1365 1098 1523 1140 scelere
1554 1098 1640 1140 dat.
1702 1099 1816 1154 apud

101 1167 289 1219 maiores
322 1168 437 1210 enim
471 1169 675 1224 superbia
706 1169 860 1225 ingens
891 1168 1060 1211 facinus
1090 1168 1193 1224 fuit,
1226 1168 1331 1212 adeo
1362 1171 1412 1211 ut
1443 1169 1704 1225 Tarquinius
1736 1185 1815 1226 pro

100 1238 250 1281 multis
283 1239 517 1282 sceleribus
550 1240 726 1296 superbi
758 1255 919 1283 nomen
950 1241 1176 1296 acceperit.

222 1310 290 1353 16.
339 1323 607 1354 MEZENTIVS
634 1323 715 1354 HIC
742 1323 829 1355 EST
854 1326 936 1366 pro
962 1311 1080 1354 ‘talis
1109 1311 1203 1368 est'‚
1234 1316 1283 1355 ut
1309 1313 1401 1369 <ΙΧ
1420 1314 1536 1369 479>
1562 1314 1694 1357 hunc
1722 1328 1815 1371 ego

99 1383 149 1423 te
180 1380 407 1438 Euryale
440 1382 668 1438 aspicio?
700 1384 747 1426 id
774 1386 833 1426 est
863 1384 997 1426 talem.
1040 1387 1079 1426 et
1101 1387 1244 1442 utrum
1261 1399 1339 1439 per
1363 1388 1634 1439 contemptum
1657 1400 1716 1428 au
1738 1400 1817 1440 per
1844 1392 1888 1424 15

100 1454 486 1497 commendationem
510 1454 583 1497 hoo
602 1443 995 1509 pronuntiandum?
1086 1467 1341 1507 MVROSQVE
1359 1468 1561 1500 LATINOS
1584 1457 1680 1500 bene
1697 1459 1819 1512 quasi

99 1524 173 1567 hoc
208 1525 342 1567 solum
378 1530 507 1570 restet.
568 1530 607 1569 et
641 1527 714 1569 hoc
745 1527 865 1569 dicit:
902 1527 991 1569 iam
1030 1528 1261 1582 campestri
1301 1529 1600 1583 superavimus
1639 1530 1818 1586 proelio,

99 1598 237 1638 restat
278 1599 329 1639 ut
369 1598 500 1641 etiam
542 1598 767 1641 obsidione
810 1599 1054 1641 vincamus:
1099 1599 1237 1642 credit
1281 1600 1396 1642 enim
1442 1600 1557 1655 quod
1601 1601 1685 1643 sibi
1729 1601 1818 1644 iam

101 1671 250 1723 aperte
288 1669 434 1711 nullus
474 1673 683 1712 occurrat.
744 1684 823 1712 nec
862 1670 1069 1712 inaniter:
1087 1676 1209 1713 ‘nam
1249 1674 1292 1713 et
1321 1672 1451 1727 paulo
1488 1675 1589 1727 post
1625 1672 1817 1715 dicturus

100 1742 167 1781 est
192 1740 363 1783 Turnus
390 1741 537 1796 (515)
565 1741 710 1783 furta
740 1756 865 1796 paro
898 1742 1044 1797 belli,
1076 1744 1120 1784 61
1144 1742 1189 1784 111
1217 1742 1469 1786 duodecimo
1497 1743 1614 1799 <34>
1635 1743 1816 1787 Latinus
1843 1751 1887 1783 20

98 1811 184 1854 vix
216 1812 340 1854 urbe
371 1815 575 1855 tuemur
607 1827 723 1868 spes
755 1811 934 1855 Italas.

223 1884 290 1926 18.
339 1896 468 1926 ARMA
494 1896 680 1926 PARATE
705 1896 868 1928 ANIMIS
902 1887 978 1927 aut
1009 1884 1244 1941 hypallage
1278 1888 1344 1928 est
1374 1901 1453 1942 pro
1486 1886 1632 1930 ‘armis
1663 1891 1816 1944 parate

101 1954 304 1997 animos':
339 1958 414 1998 aut
440 1959 554 1998 certe
581 1959 648 1998 est
673 1956 882 1998 mutanda
908 1955 1143 2011 distinctio,
1168 1960 1218 1999 ut
1244 1957 1300 1999 sit
1326 1956 1498 2000 ‘animis
1524 1962 1568 2001 61
1595 1975 1669 2015 spe
1694 1975 1814 2015 prae-

99 2026 256 2068 sumite
287 2027 481 2070 bellum'.
543 2027 838 2083 ‘praesumite'
871 2042 971 2070 vero
1004 2027 1198 2069 ‘bellum’
1230 2028 1275 2070 id
1307 2032 1373 2071 est
1405 2032 1548 2072 mente
1586 2045 1814 2086 praeoccu-

97 2100 216 2154 pate,
260 2100 310 2140 ut
354 2114 486 2155 supra
524 2099 694 2142 Turnus
734 2099 826 2155 <IX
859 2100 974 2156 156>
1016 2103 1066 2142 et
1109 2114 1333 2157 pugnam
1374 2103 1584 2155 sperate
1628 2103 1815 2157 parari.
1841 2110 1886 2142 25

98 2169 206 2211 bene
239 2171 385 2212 autem
417 2171 480 2212 ait
512 2170 822 2226 ‘praesumite',
862 2172 986 2227 quasi
1017 2186 1108 2214 rem
1141 2171 1227 2214 iam
1261 2171 1328 2214 sui
1359 2171 1486 2227 iuris,
1517 2175 1567 2214 ut
1598 2174 1635 2215 ei
1669 2173 1816 2216 deberi

97 2241 294 2284 videatur
326 2244 444 2283 certa
474 2242 669 2285 victoria.

220 2313 286 2355 19.
335 2331 390 2358 NE
417 2331 493 2362 QVA
517 2332 623 2358 Μοιιᾼ
655 2315 752 2357 ordo
779 2313 845 2357 ‘ue
868 2329 951 2369 qua
975 2329 1094 2357 mora
1118 2314 1335 2370 inpediat'.
1429 2327 1646 2358 VELLERE
1673 2327 1812 2360 SIGNA

98 2395 372 2427 ADNVERINT
398 2396 562 2427 SVPERI
592 2400 646 2428 ne
677 2386 723 2427 in
756 2401 878 2428 mora
911 2386 1025 2441 sitis,
1058 2401 1155 2428 cum
1187 2387 1374 2442 captatis
1409 2388 1604 2444 auguriis
1638 2387 1690 2430 ad
1723 2389 1814 2431 bel-

98 2455 189 2497 lum
221 2455 336 2497 exire
369 2457 647 2512 coeperimus.
710 2456 901 2500 ‘vellere'
936 2460 1082 2500 autem
1112 2458 1286 2513 proprie
1319 2458 1445 2513 dixit,
1484 2459 1586 2514 quia
1616 2459 1815 2504 Romana
1830 2468 1886 2499 230

99 2526 224 2582 signa
247 2526 493 2583 figebantur
518 2528 563 2570 in
590 2530 765 2586 castris,
797 2532 841 2572 61
866 2545 964 2572 611111
991 2530 1044 2573 ad
1071 2530 1232 2573 bellum
1259 2530 1446 2572 eundum
1471 2530 1638 2586 fuisset,
1669 2534 1814 2587 capta-

98 2597 155 2639 tis
198 2598 389 2654 auguriis
434 2599 731 2643 avellebantur
769 2615 791 2643 e
828 2603 968 2644 terra:
1011 2616 1114 2643 nam
1159 2601 1266 2644 alibi
1306 2616 1356 2644 ea
1394 2602 1470 2657 figi
1514 2616 1603 2645 non
1645 2603 1814 2646 licebat.

194 2731 215 2762 2
241 2737 329 2762 nam
354 2738 420 2762 om.
446 2727 548 2775 ASss
579 2732 600 2763 3
625 2729 665 2763 id
689 2730 747 2765 681
772 2740 839 2765 om.
864 2729 1052 2764 RLHM
1074 2731 1173 2776 (add.
1200 2732 1227 2776 l)
1259 2732 1272 2778 ΙΙ
1303 2735 1324 2767 8
1351 2731 1392 2766 at
1416 2730 1552 2765 ASF:
1577 2741 1621 2766 ac
1645 2732 1779 2777 reliqui

98 2775 224 2810 rutulo
244 2774 334 2810 RH
347 2775 359 2820 ΙΙ
377 2774 542 2811 iuuentis
562 2776 606 2810 H
640 2776 792 2813 iuuenes
814 2777 855 2812 F
871 2778 883 2824 ΙΙ
901 2779 982 2812 tum
1002 2777 1057 2813 F:
1082 2780 1171 2814 tunc
1191 2779 1324 2824 reliqui
1343 2779 1354 2824 ΙΙ
1374 2782 1394 2813 9
1415 2777 1572 2813 miratus
1600 2778 1785 2826 Veryilius

100 2826 145 2858 10
171 2823 330 2868 superbo
355 2833 421 2858 om.
443 2821 484 2857 F
497 2824 510 2869 ΙΙ
540 2827 583 2857 11
610 2824 668 2859 681
690 2824 793 2859 turni
816 2824 872 2868 R,
897 2826 955 2860 681
979 2835 1045 2860 om.
1073 2825 1119 2860 H
1133 2827 1145 2872 ΙΙ
1174 2825 1354 2871 uergilius
1380 2825 1449 2871 Fu
1478 2829 1521 2860 12
1549 2837 1618 2872 pro
1643 2837 1710 2862 om.
1737 2827 1782 2862 H
1802 2829 1805 2874 Ι

101 2873 144 2905 13
172 2869 323 2916 superbi
347 2880 482 2905 nomen
508 2881 574 2906 om.
595 2870 673 2906 AS
707 2872 720 2918 ΙΙ
756 2870 945 2917 acciperet
968 2872 1056 2907 LH
1087 2873 1278 2919 acciperat
1304 2873 1346 2908 F
1378 2874 1390 2920 ΙΙ
1429 2877 1474 2908 14
1499 2875 1556 2909 est
1581 2884 1647 2909 om.
1675 2874 1762 2909 LH
1766 2875 1818 2910 M

99 2918 200 2962 (add.
226 2919 253 2963 l)
281 2919 294 2964 ΙΙ
333 2921 377 2953 15
403 2918 453 2953 ad
477 2930 670 2954 MEzEN'nvs
695 2930 729 2953 11.
757 2932 789 2954 E.
815 2930 845 2955 s.
871 2930 903 2954 v.
929 2919 970 2954 id
996 2921 1053 2956 est
1076 2920 1165 2957 talis
1192 2923 1232 2957 et
1255 2921 1334 2956 siue
1358 2931 1426 2966 per
1451 2922 1708 2967 contemptum
1734 2922 1813 2957 siue

99 2975 167 3010 per
192 2965 555 3001 commendationem
582 2967 639 3001 est
663 2966 981 3010 pronuntiandum
1006 2968 1108 3003 istud
1134 2968 1194 3004 hic
1221 2969 1255 3003 T
1270 2970 1283 3014 ss
1304 2972 1348 3004 16
1374 2969 1466 3004 bene
1494 2969 1585 3004 dicit
1610 2969 1718 3014 quasi
1745 2998 1751 3005 .
1775 2997 1781 3004 .
1804 2998 1811 3005 .

99 3014 215 3047 restet
239 3013 319 3048 hab.
338 3013 372 3047 T
388 3014 400 3059 ΙΙ
421 3016 464 3048 17
490 3012 708 3060 campestri]
735 3013 899 3058 pedestri
919 3014 955 3048 L
973 3015 986 3061 ΙΙ
1012 3018 1055 3050 18
1081 3016 1215 3062 restat]
1245 3017 1415 3061 superest
1434 3015 1476 3051 F
1489 3017 1502 3061 ΙΙ
1522 3016 1635 3052 etiam
1661 3027 1727 3053 om.
1745 3017 1787 3052 F
1803 3017 1814 3064 ‘fl

100 3063 144 3094 21
171 3061 323 3095 tuentur
347 3060 382 3095 L
407 3062 512 3107 (corr.
539 3062 597 3108 1)ss
629 3065 673 3096 23
700 3061 846 3096 mutata
870 3061 956 3096 LH
977 3063 1084 3107 (corr.
1110 3064 1137 3108 l)
1158 3065 1170 3109 ΙΙ
1198 3065 1237 3098 61,
1262 3074 1366 3109 spem
1390 3064 1617 3108 praesumite
1643 3064 1753 3099 rebus
1778 3065 1814 3098 L

101 3106 256 3151 (bellum
282 3108 308 3147 l)
346 3109 385 3143 et
407 3120 454 3154 pe
479 3108 709 3154 praesumite
734 3108 844 3144 rebus
868 3109 915 3143 H
941 3110 953 3156 ΙΙ
984 3113 1030 3145 24
1055 3122 1142 3146 vero
1169 3114 1202 3145 et
1226 3110 1266 3145 id
1287 3112 1350 3145 ’681
1373 3121 1439 3146 om.
1467 3111 1555 3145 LH
1559 3111 1599 3146 F
1621 3112 1720 3156 (add.
1748 3112 1775 3157 l)
1800 3111 1812 3158 Η

100 3157 147 3188 25
172 3154 313 3202 parari]
340 3155 424 3201 pari
443 3156 488 3191 H
521 3156 662 3202 sperari
683 3155 723 3191 F
738 3157 750 3202 ΙΙ
778 3160 823 3191 26
849 3156 978 3192 deberi
1002 3157 1186 3204 om.AS}1
1218 3162 1263 3194 28
1289 3170 1335 3193 116
1361 3170 1434 3203 qua
1461 3170 1565 3193 mora
1584 3159 1738 3193 Daniel:
1766 3170 1812 3194 ne

101 3206 175 3246 qua
201 3202 290 3237 ordo
318 3202 358 3237 F
372 3203 385 3249 ΙΙ
409 3207 453 3238 29
480 3215 548 3239 1166
573 3214 679 3239 mora
705 3203 755 3239 sit
780 3215 865 3239 cum
884 3204 958 3239 AS
967 3205 1015 3240 M
1021 3206 1034 3240 l
1051 3206 1065 3251 ΙΙ
1090 3209 1135 3240 30
1163 3206 1305 3240 dictum
1326 3205 1456 3240 ΑΒΜ
1475 3208 1487 3252 ΙΙ
1513 3210 1556 3240 31
1584 3206 1811 3253 figebantur]

100 3249 326 3285 uidebantur
350 3250 439 3285 RH
462 3252 475 3296 ΙΙ
506 3255 551 3286 32
578 3262 597 3286 6
624 3263 690 3287 om.
712 3251 785 3287 AS
802 3252 815 3297 ΙΙ
845 3250 912 3298 figi
937 3262 983 3287 ea
1009 3252 1087 3288 RL
