2092 3614
235 1062 279 1093 10

237 1420 279 1451 15

238 1780 283 1811 20

302 296 390 338 294
971 323 976 326 -
1077 295 1238 331 SERVII

293 408 392 459 post
414 406 625 459 defensum
645 404 897 459 Capitolium
920 419 1002 459 pro
1024 406 1215 459 praemio
1238 406 1415 460 sinyulis
1447 406 1563 448 libris
1590 406 1724 459 farris
1749 407 1796 448 ob
1820 399 2010 449 virtutem

301 491 329 518 a
352 478 506 531 populo
531 479 709 520 donatus
731 481 800 521 est.
849 470 896 520 in
920 481 1081 519 tantam
1111 480 1248 519 autem
1279 477 1358 520 cibi
1380 478 1605 532 penuriam
1634 479 1787 520 redacti
1817 482 1936 521 erant
1964 480 2011 522 in

302 549 522 603 obsidione,
558 552 606 591 ut
640 550 762 593 coriis
799 550 1039 602 madefactis
1075 552 1114 590 et
1141 551 1284 602 postca
1318 549 1455 601 frictis
1489 552 1759 591 vescerentur:
1800 550 1916 593 cuius
1952 551 2014 592 rei

302 623 590 675 aryumentum
626 624 685 663 cst
719 622 828 675 quod
862 621 1055 674 hodieque
1085 634 1164 662 ara
1195 621 1241 662 in
1272 619 1476 674 Capitolio
1512 623 1571 663 est
1598 620 1712 663 Iovis
1746 621 1928 673 Tutoris,
1967 622 2014 664 in

302 706 385 746 qua
424 692 585 734 liberati
620 693 823 735 obsidione
860 692 972 734 coria
1003 695 1041 734 et
1069 692 1158 734 sola
1187 695 1321 734 vetera
1357 695 1721 735 concremaverunt.
1782 693 1847 735 hic
1877 696 2014 736 tamen

302 763 514 818 Manlius,
545 764 807 817 postmodum
837 765 1037 806 adductus
1068 764 1114 806 in
1144 764 1409 818 suspitionem
1440 764 1555 819 reyni
1585 765 1757 818 appetiti
1785 765 1845 807 vel
1875 765 2014 807 inimi-

303 849 442 877 eorum
473 849 687 890 oppressus
714 836 910 891 factione,
940 850 969 877 a
991 834 1145 890 populo
1175 836 1397 878 damnatus
1428 839 1498 878 est.

423 907 523 949 653.
572 918 662 949 PRO
701 919 889 949 TEMPLO
931 922 1009 962 pro
1048 906 1292 949 defensione
1330 907 1500 962 templi,
1540 906 1612 949 hoc
1642 910 1701 950 est
1731 906 1798 949 ‘in
1830 906 2014 963 templo'3

304 994 406 1021 nam
448 978 572 1031 fante
609 978 841 1033 templum'
882 993 970 1021 non
1007 977 1219 1034 procedit,
1264 993 1360 1020 cum
1406 979 1606 1021 obsessus
1650 979 1763 1020 intra
1807 979 2015 1034 templum

306 1053 430 1093 esset.
493 1051 554 1092 sic
585 1050 631 1092 in
663 1064 777 1092 nono
811 1050 956 1105 (674)
989 1050 1091 1105 ipsi
1130 1050 1272 1092 intus
1304 1049 1487 1092 dextra
1518 1064 1573 1092 ac
1604 1050 1754 1093 laeva
1785 1065 1876 1104 pro
1908 1052 2016 1092 tur·

305 1121 448 1164 ribus
488 1121 718 1175 adstant,
756 1121 984 1163 Terentius
1024 1136 1138 1163 nam
1181 1122 1233 1163 ni
1275 1121 1398 1163 haec
1439 1121 1513 1163 ita
1551 1123 1743 1176 essent,
1787 1136 1876 1176 pro
1920 1122 2014 1164 illo

305 1193 439 1235 haud
478 1194 644 1234 stares
682 1191 949 1235 Phaedria.
1071 1205 1288 1235 TENEBAT
1327 1192 1600 1235 defendebat:
1642 1195 1686 1235 et
1722 1195 1788 1235 est
1825 1193 2014 1235 militare

305 1265 503 1319 verbum,
534 1266 584 1306 ut
608 1264 739 1305 etiam
767 1263 1000 1307 Sallustius
1027 1263 1143 1307 dicit.
1191 1265 1302 1307 unde
1329 1279 1351 1306 e
1378 1266 1529 1307 contra
1554 1265 1691 1307 victos
1717 1263 1830 1308 ‘loco
1856 1263 2014 1307 motos'

306 1337 506 1380 dicimus:
552 1335 701 1379 Cicero
733 1336 848 1379 loco
881 1335 973 1378 ille
1005 1338 1172 1378 motus
1205 1338 1296 1378 est.

426 1408 525 1451 654.
575 1419 829 1451 HORREBAT
868 1418 1010 1450 REGIA
1050 1418 1209 1450 CVLMO
1249 1406 1423 1450 Curiam
1456 1407 1687 1451 Calabram
1725 1409 1847 1461 dicit,
1889 1421 2017 1464 quam

306 1481 518 1523 Romulus
560 1482 730 1522 texerat
769 1479 933 1522 culmis.
994 1480 1081 1522 ideo
1117 1483 1255 1522 autem
1293 1478 1529 1531 ‘Calabra’,
1569 1481 1679 1534 quod
1712 1494 1804 1522 cum
1841 1482 2017 1523 incertae

307 1555 436 1594 essent
463 1551 660 1594 kalendae
689 1554 764 1593 aut
792 1551 903 1603 idus,
941 1566 969 1594 a
998 1551 1175 1593 Romulo
1212 1552 1476 1595 constitutum
1511 1555 1586 1607 est,
1626 1554 1674 1593 ut
1702 1551 1761 1593 ibi
1783 1555 1926 1605 patres
1956 1552 2018 1594 vel

300 1623 481 1678 populus
504 1624 761 1676 calarentur,
791 1623 837 1666 id
858 1626 918 1666 est
939 1626 1197 1678 vocarentur,
1222 1626 1264 1669 et
1282 1623 1447 1674 scirent,
1477 1637 1560 1677 qua
1584 1624 1649 1665 die
1671 1623 1875 1683 kalendae
1891 1626 2020 1666 essent

307 1695 368 1741 uel
397 1695 523 1737 etiam
553 1695 658 1737 idus.
714 1709 742 1736 a
771 1708 861 1749 reye
890 1696 1120 1750 sacrificulo
1151 1696 1258 1737 idem
1287 1695 1410 1749 fiebat
1437 1698 1500 1746 ut,
1530 1695 1726 1748 quoniam
1756 1694 1889 1737 adhuc
1916 1695 2019 1748 fasti

308 1781 393 1809 non
423 1770 558 1822 erant,
590 1767 782 1809 ludorum
812 1770 850 1809 et
878 1767 1177 1821 sacrificiorum
1200 1770 1514 1821 praenoscerent
1542 1767 1636 1809 dies.

429 1838 528 1880 655.
578 1849 733 1888 ATQVE
764 1849 845 1880 HIC
880 1837 998 1890 eliic',
1030 1839 1076 1880 in
1108 1837 1325 1895 Capitolio
1357 1839 1516 1881 scilicet.
1573 1841 1616 1880 et
1647 1838 1753 1880 satis
1784 1837 2019 1893 prudenter

310 1912 565 1965 argenteum
610 1923 807 1951 anserem
851 1909 976 1951 dixit:
1019 1923 1122 1951 nam
1167 1909 1291 1965 quasi
1332 1913 1370 1952 et
1410 1909 1632 1964 epitheton
1675 1911 1741 1951 est
1780 1909 1935 1952 coloris
1977 1911 2020 1951 et

312 1981 577 2036 significavit
608 1995 697 2022 rem
725 1995 886 2023 veram.
936 1995 1036 2022 nam
1062 1981 1107 2023 in
1133 1979 1351 2036 Capitolio
1384 1981 1428 2022 in
1459 1981 1669 2023 honorem
1700 1980 1817 2023 illius
1844 1980 2020 2037 anseris,

255 2100 257 2103 ,
312 2054 386 2109 qui
414 2053 638 2096 Gallorum
664 2052 889 2095 nuntiarat
914 2052 1166 2108 adventum,
1196 2052 1363 2107 positus
1395 2053 1535 2095 fuerat
1561 2068 1688 2095 anser
1719 2054 1960 2108 argenteus.

240 2138 284 2169 25

311 2137 512 2168 AvnA'ms
546 2135 821 2168 Pommmvs
858 2124 942 2167 hoc
981 2125 1035 2167 ad
1071 2127 1242 2180 tempus
1283 2125 1432 2167 retulit
1462 2125 1655 2168 florentis
1686 2124 1909 2167 Romanae
1940 2125 2019 2166 rei-

311 2197 527 2253 publicae:
559 2211 662 2238 nam
693 2196 769 2238 illo
802 2196 896 2238 loco
928 2195 1004 2238 ubi
1035 2196 1144 2238 dixit
1175 2195 1397 2239 ‘horrebat
1427 2196 1549 2253 regia
1574 2195 1746 2251 culmo',
1777 2196 1871 2238 ideo
1897 2195 2021 2254 ‚addi-

312 2269 375 2311 dit
414 2267 682 2324 ‘Romuleo'‚
724 2271 774 2311 ut
817 2267 1064 2324 incipientis
1109 2270 1152 2310 et
1189 2268 1390 2323 pauperis
1436 2268 1575 2310 adhuc
1618 2268 1787 2324 imperii
1823 2270 2021 2323 tempora

313 2339 572 2395 designaret.
1980 2381 1990 2391 ,

363 2461 372 2469 ⁰
433 2411 531 2453 656.
582 2428 728 2454 carros
750 2410 938 2463 Senones,
964 2411 1036 2465 qui
1060 2409 1239 2454 Senones
1262 2412 1362 2454 dicti
1384 2414 1491 2466 sunt,
1516 2411 1624 2464 quod
1646 2410 1840 2453 Liberum
1857 2413 2021 2465 patrem

412 2568 432 2598 9
459 2575 545 2598 nam
574 2591 581 2598 .
604 2592 612 2599 .
634 2592 641 2599 .
668 2564 853 2611 procedit]
881 2564 926 2599 cf.
946 2564 1042 2600 Non.
1063 2573 1099 2609 p
1120 2567 1201 2609 523,
1223 2567 1242 2599 7
1262 2563 1311 2600 Μ.
1331 2565 1343 2609 ΙΙ
1365 2567 1404 2599 11
1433 2563 1644 2610 Terentius]
1670 2563 1818 2599 Phorm.
1839 2564 1873 2598 II
1896 2567 1926 2607 1,
1946 2567 1991 2598 39
2010 2563 2022 2610 Η

317 2615 362 2646 14
389 2610 532 2656 Cicero]
559 2610 598 2644 in
625 2610 703 2646 Cat.
731 2611 764 2646 II
793 2614 823 2656 1,
846 2615 863 2646 1
891 2613 902 2657 ΙΙ
933 2615 979 2647 29
1001 2611 1170 2647 Senones
1196 2639 1204 2647 .
1226 2639 1233 2646 .
1255 2641 1263 2648 .
1288 2611 1531 2658 recepissent]
1558 2611 1603 2646 cf.
1631 2611 1717 2646 lsid.
1746 2622 1796 2646 or.
1822 2610 1875 2645 -IX
1899 2615 1932 2656 2,
1955 2614 2021 2647 106

415 2760 430 2790 1
458 2753 570 2789 libius
595 2753 705 2789 farris
731 2753 781 2788 ub
808 2753 858 2796 F,
882 2764 973 2789 corr.
1000 2753 1139 2789 Daniel
1156 2755 1169 2800 ΙΙ
1195 2757 1215 2789 2
1241 2753 1280 2788 in
1305 2755 1451 2789 tantum
1479 2754 1544 2788 aut
1568 2753 1632 2789 ubi
1657 2753 1706 2797 F,
1731 2764 1822 2789 corr.
1849 2753 1988 2788 Daniel

316 2807 337 2838 3
365 2814 470 2838 corus
497 2801 537 2836 F
553 2802 564 2848 [1
583 2801 824 2836 nascerentur
849 2801 889 2835 F
904 2802 917 2845 ΙΙ
936 2804 957 2834 4
984 2800 1145 2846 odioque
1171 2802 1211 2836 F
1226 2802 1238 2848 11
1258 2801 1447 2846 capitonio
1474 2801 1514 2836 F
1530 2803 1541 2846 ΙΙ
1559 2800 1694 2836 tutoris
1720 2811 1797 2846 eqo:
1825 2799 1959 2836 sutoris

317 2849 450 2885 soteris
475 2849 615 2884 Daniel
639 2850 651 2896 ΙΙ
677 2852 697 2884 5
724 2847 910 2883 obsidioni
936 2848 976 2883 F
997 2851 1009 2893 ΙΙ
1038 2853 1058 2883 6
1085 2848 1320 2884 inimicorum
1345 2849 1500 2884 Daniel:
1527 2848 1772 2883 muiediorum
1799 2847 1846 2883 F.
1878 2847 2021 2882 invido-

316 2908 399 2932 rum
419 2908 480 2942 eyo
500 2896 771 2932 malevolorum
791 2895 838 2930 F.
854 2895 1053 2931 Schoellius
1071 2897 1083 2941 ΙΙ
1103 2900 1123 2931 9
1144 2907 1305 2941 namque
1324 2896 1365 2931 F
1380 2898 1392 2943 ΙΙ
1414 2900 1456 2931 11
1477 2895 1516 2930 ni
1536 2896 1629 2930 Fm:
1650 2895 1722 2930 nisi
1741 2894 1852 2930 SRL
1876 2893 1973 2929 nihil
1987 2895 2021 2929 A

249 2960 254 2963 <
318 2942 408 2991 nisslf
433 2945 540 2987 (duae
564 2945 618 2979 vel
643 2948 715 2979 tres
740 2944 881 2979 litterae
906 2943 1052 2987 deletae)
1079 2943 1128 2977 M
1141 2945 1153 2988 ΙΙ
1177 2949 1217 2978 12
1244 2944 1309 2979 aut
1329 2944 1364 2979 R
1372 2943 1411 2978 F
1427 2945 1439 2990 ΙΙ
1457 2943 1578 2978 fedria
1602 2943 1689 2978 libri
1707 2942 1720 2987 ΙΙ
1739 2942 1777 2978 et
1802 2942 1874 2988 est]
1901 2941 1939 2976 id
1965 2943 2024 2977 est

320 2991 360 3028 F
375 2993 388 3037 ΙΙ
408 2995 451 3026 13
478 2993 517 3026 et
542 2993 673 3027 contra
697 2991 734 3026 R
773 3002 792 3026 e
818 2990 1004 3026 contrario
1029 2990 1069 3024 F
1085 2991 1097 3037 ΙΙ
1119 2995 1161 3025 14
1188 2992 1245 3025 est
1270 3002 1335 3027 om.
1365 2991 1414 3026 M
1430 2992 1443 3038 ΙΙ
1463 2994 1506 3026 15
1533 2990 1720 3025 calebram
1746 2989 1786 3023 F
1819 2989 2022 3024 calabriam

318 3039 451 3085 reliqui
467 3039 481 3084 ΙΙ
502 3042 544 3074 18
569 3039 727 3084 populos
754 3038 794 3074 F
809 3040 821 3086 ΙΙ
842 3042 885 3074 19
913 3038 1018 3084 pidus
1043 3037 1084 3072 F
1098 3039 1115 3082 ll
1130 3042 1175 3073 20
1201 3040 1487 3084 praenoscerent
1511 3036 1590 3072 dies
1615 3048 1680 3072 om.
1703 3036 1743 3071 F
1757 3039 1770 3082 ΙΙ
1788 3032 1882 3072 ideo'
1898 3040 2021 3073 autem

321 3114 328 3122 .
346 3118 352 3124 .
370 3114 377 3122 .
396 3088 683 3132 praenoscerent
702 3087 796 3133 dies]
822 3086 907 3123 dedi
925 3097 1016 3132 quae
1034 3085 1288 3121 Floriacensis
1306 3087 1455 3122 eaehibet.
1496 3085 1616 3120 Servii
1634 3085 1720 3119 haec
1738 3089 1825 3120 sunt
1844 3085 1890 3120 ad
1911 3095 2022 3130 quam

320 3134 514 3170 calabatur
543 3133 584 3168 id
618 3134 676 3169 est
710 3135 917 3170 uocabatur
954 3133 1101 3169 senatus
1138 3134 1343 3168 uocabatur
1373 3133 1454 3178 (om.
1481 3132 1584 3174 LM)
1616 3132 1655 3167 et
1690 3132 1850 3176 populus
1882 3143 1905 3166 a
1935 3143 2024 3177 rege

321 3181 529 3218 sacrificulo
561 3182 604 3216 ut
634 3182 810 3226 quoniam
841 3181 963 3216 adhuc
993 3180 1081 3216 fasti
1111 3191 1184 3216 non
1216 3183 1321 3215 erant
1351 3180 1523 3215 ludorum
1556 3180 1593 3215 et
1624 3178 1886 3215 sacrificiorum
1918 3191 2023 3225 prae-

320 3230 516 3265 noscerent
541 3227 620 3264 dies
641 3230 652 3275 ΙΙ
680 3233 726 3274 21
755 3229 841 3265 hinc
867 3228 934 3275 Fu
966 3230 1004 3264 et
1029 3239 1094 3264 om.
1122 3227 1163 3263 F
1176 3228 1189 3272 ΙΙ
1219 3231 1264 3263 22
1292 3227 1437 3263 dixerat
1461 3226 1497 3261 A
1535 3226 1671 3262 dixerit
1696 3227 1724 3262 S
1742 3228 1754 3272 ΙΙ
1785 3237 1924 3273 quaesa
1950 3226 1990 3262 F
2012 3227 2021 3273 Γ

322 3281 367 3312 24
393 3277 590 3322 argenteus
616 3275 723 3312 anser
747 3276 784 3311 R
1028 3274 1029 3278 ’
1098 3275 1101 3279 “
