2092 3614
548 248 698 285 COMM.
724 249 777 284 IN
804 248 947 286 VERG,
974 248 1085 284 AEN.
1113 246 1164 282 XI
1189 250 1389 284 335—345.
1739 246 1822 288 521

232 358 331 402 342.
381 375 525 402 smus
554 359 620 402 hic
649 359 830 402 reddidit
851 371 1016 402 sensum
1042 356 1145 400 ‘tum
1169 356 1359 400 Drances
1383 355 1544 412 suryit'.
1635 367 1824 400 ONERAT

114 441 270 473 ch'rls
315 430 413 473 hoo·
444 445 641 473 sermone
686 430 893 486 ostendit,
937 443 1033 472 eum
1078 428 1212 471 etiam
1258 428 1561 472 exhortatione
1599 430 1825 484 gravatum

113 500 269 544 Latini.
378 518 470 545 mas
502 500 649 558 Turni,
680 516 738 545 an
768 502 954 544 omniurn
983 501 1055 555 qui
1085 500 1234 543 bellurn
1264 499 1597 543 detestabantur?

232 573 333 616 343.
382 584 480 615 REM
506 585 653 616 NVLLI
681 584 925 616 OBSCVRAM
958 571 1110 615 callide
1143 573 1187 613 et
1218 571 1404 614 oratorie
1431 571 1523 627 agit
1549 572 1593 613 et
1617 570 1663 612 in
1688 570 1824 612 omni-

113 644 193 686 bus
220 643 459 687 adulatorie
491 643 725 699 respondet
751 643 876 687 dietis
897 643 1061 686 Latini:
1094 657 1225 698 supra
1251 642 1365 684 entim
1390 642 1464 684 ille
1491 642 1657 684 dixerat
1678 640 1823 697 (311)
1851 650 1872 682 5

115 716 233 756 ante
265 715 445 758 oculos
477 715 717 771 interque
749 730 928 758 manus
962 716 1082 757 sunt
1114 714 1283 757 omnia
1316 716 1530 756 vestras.
1574 727 1676 755 sane
1703 712 1825 768 quasi

112 785 377 840 praedictum
421 790 640 829 oratorem
679 786 900 842 exprimit,
942 786 1044 842 quia
1083 800 1213 841 supra
1250 785 1301 828 de
1342 799 1391 827 eo
1430 784 1540 826 dixit
1578 783 1643 825 tet
1675 784 1826 839 lingua

113 856 300 899 melior'.
362 861 399 900 et
436 857 543 900 ‘rem
581 857 780 901 consulis'
810 872 892 913 pro
931 857 1000 900 ‘de
1029 871 1073 900 re
1103 855 1325 900 consulis':
1369 855 1550 899 Plautus
1580 855 1826 898 consulere

110 928 341 982 quiddam
372 933 442 973 est
470 931 597 984 quod
626 932 778 972 tecum
808 930 925 973 volo.
986 930 1058 973 sed
1085 928 1285 983 Drances,
1317 928 1422 971 sicut
1450 927 1604 970 dictum
1635 930 1702 982 est,
1734 926 1822 969 rhe-

111 1000 232 1043 torice
261 1002 405 1044 suadet
434 1002 482 1044 de
504 1015 620 1056 pace.
666 1015 766 1044 narn
797 1004 836 1043 et
856 1014 1003 1055 paceni
1030 1000 1268 1054 faciendam
1297 999 1497 1051 hortatur,
1530 1002 1569 1041 et
1598 1000 1823 1042 accusatio·
1852 1008 1894 1039 10

110 1085 204 1114 nem
239 1073 288 1115 in
321 1073 511 1116 Turnum
541 1073 703 1128 diriyit,
740 1076 779 1115 et
806 1086 910 1127 quae
939 1086 968 1115 a
997 1072 1152 1115 Latino
1186 1071 1463 1115 indubitanter
1491 1070 1686 1113 universa
1716 1072 1825 1114 dicta

111 1147 221 1199 sunt,
251 1158 354 1198 quae
376 1158 522 1199 pacem
552 1145 645 1199 fieri
674 1145 886 1197 suadeant,
917 1143 1107 1187 Drances
1137 1144 1275 1186 eadem
1300 1142 1442 1186 omnia
1465 1143 1720 1198 respondens,
1751 1144 1823 1186 ad-

109 1216 172 1258 dit
199 1215 325 1258 etiarn
355 1217 402 1259 de
431 1216 523 1270 filia
553 1216 695 1259 danda
720 1216 898 1271 Aeneae,
936 1216 1045 1270 quod
1074 1215 1255 1257 Latinus
1285 1217 1380 1257 ante
1410 1215 1642 1269 reticuerat,
1676 1213 1822 1269 <355>

108 1287 227 1341 quin
257 1290 426 1330 natam
456 1289 646 1343 eyreyio
673 1301 871 1343 qenero:
903 1288 1025 1342 quasi
1056 1300 1141 1329 non
1170 1287 1293 1330 aliter
1321 1287 1448 1340 firma
1471 1286 1550 1328 erit
1565 1299 1667 1340 pax,
1698 1299 1824 1340 quarn

109 1359 202 1413 fieri
230 1359 314 1401 vis:
351 1359 451 1414 quia
480 1359 631 1402 sciebat
659 1359 732 1402 hoc
765 1359 956 1402 Turnum
982 1358 1165 1413 ¹qraviter
1195 1371 1277 1401 esse
1308 1358 1511 1412 laturum,
1541 1358 1588 1399 in
1619 1357 1823 1399 invidiam
1852 1365 1894 1397 15

103 1443 328 1484 personam
366 1431 453 1474 eius
490 1431 694 1474 adducens
727 1430 873 1486 (348)
911 1431 1069 1473 dicam
1106 1429 1341 1484 equidem,
1380 1429 1496 1471 licet
1530 1442 1670 1471 arma
1701 1428 1824 1471 milii

110 1505 406 1556 mortemque
435 1503 663 1545 minetur.
724 1506 762 1545 et
795 1516 846 1545 ne
875 1502 1031 1545 mirum
1062 1504 1178 1556 esset,
1215 1501 1287 1555 qui
1317 1500 1375 1543 sic
1406 1500 1527 1543 libere
1556 1501 1822 1555 responderet,

110 1577 206 1617 ante
244 1575 332 1618 eius
361 1578 400 1617 et
428 1587 560 1618 mores
590 1577 628 1617 et
656 1587 826 1618 causam
849 1574 1065 1629 praedixit
1095 1572 1263 1628 ‘linqua
1293 1572 1437 1615 melior
1445 1571 1471 1627 ',
1510 1571 1724 1615 ‘seditione
1746 1586 1820 1627 po-

111 1645 225 1698 tens',
257 1645 380 1688 ‘idem
404 1646 603 1702 infensus,
632 1659 750 1700 quem
771 1644 922 1701 yloria'
955 1648 994 1687 et
1016 1644 1187 1699 reliqua.
1231 1645 1336 1687 duae
1361 1647 1499 1687 tamen
1522 1643 1588 1686 hie
1609 1643 1823 1697 faciendae

102 1717 223 1770 pacis
246 1718 468 1772 praecipue
498 1731 646 1760 causae
674 1720 789 1773 sunt,
826 1718 935 1772 quod
962 1717 1059 1759 victi
1088 1719 1201 1772 sunt,
1233 1720 1271 1759 et
1303 1716 1471 1760 Turnus
1500 1716 1709 1771 sinyulari
1740 1730 1819 1759 cer-
1847 1725 1892 1756 20

110 1789 263 1832 tamine
293 1790 482 1845 conyredi
512 1789 659 1832 debeat.
787 1805 892 1832 voozs
920 1805 1108 1832 EGENTEM
1131 1788 1310 1843 yenetivo
1340 1788 1496 1840 iunxit,
1533 1791 1581 1831 ut
1611 1787 1701 1843 <IX
1734 1788 1788 1831 87
1792 1787 1820 1842 >

109 1874 212 1903 eum
244 1861 424 1904 classis
454 1865 626 1916 eyeret.

228 1932 328 1975 344.
384 1944 413 1976 o
445 1944 570 1976 ΒΟΝΕ
602 1945 697 1975 REX
728 1933 836 1975 bene
863 1931 1030 1974 addidit
1055 1931 1212 1987 ‘bone',
1244 1934 1287 1974 et
1313 1931 1435 1974 auxit
1461 1930 1654 1987 epitheto
1681 1930 1820 1986 digni-

109 2006 262 2046 tatem:
288 2003 394 2047 ‘rex'
421 2004 535 2047 enim
562 2004 750 2047 medium
777 2006 861 2059 est3
887 2018 988 2046 nam
1015 2006 1058 2045 et
1083 2003 1222 2046 bonus
1249 2016 1343 2046 esse
1369 2005 1412 2045 et
1432 2002 1644 2058 pessimus
1663 2003 1819 2057 potest.

109 2076 187 2118 alii
212 2075 326 2118 ‘bone
348 2065 438 2119 rex'
464 2075 771 2131 exprobratione
795 2075 1013 2130 accipiunt,
1038 2078 1086 2117 ut
1108 2075 1277 2129 quidam
1302 2075 1443 2118 volunt
1463 2075 1538 2128 †se
1556 2073 1706 2116 bonum
1725 2074 1819 2116 dici.
1844 2082 1890 2114 25

228 2146 325 2190 345.
375 2145 588 2190 MVSSANT
622 2147 749 2190 modo
783 2146 1012 2189 ‘verentur'
1039 2147 1099 2189 vel
1125 2146 1299 2190 ‘tinient'
1327 2145 1561 2203 significat3
1595 2145 1701 2188 alias
1729 2144 1818 2188 ‘du-

108 2217 287 2273 bitant',
324 2219 373 2260 ut
404 2217 516 2273 <XII
549 2218 665 2274 657>
704 2220 902 2261 mussat
932 2232 1018 2260 rex
1051 2218 1160 2273 ipse
1192 2217 1410 2260 Latinus
1443 2231 1569 2272 quos
1601 2230 1817 2273 generos

108 2292 272 2345 vocet3
310 2290 528 2332 interdum
562 2289 845 2345 ‘susurrant',
882 2291 932 2331 ut
962 2289 1014 2331 de
1047 2289 1199 2344 apibus
1231 2289 1347 2332 dicit.
1410 2291 1453 2331 et
1483 2287 1656 2344 proprie
1689 2287 1817 2330 ‘mus-

203 2411 224 2442 8
249 2406 420 2454 Plautus]
448 2406 608 2444 Mostell.
634 2406 669 2442 V
698 2412 728 2453 1,
755 2408 831 2453 5311
863 2409 908 2442 26
934 2417 1093 2442 HVSSANT
1119 2406 1230 2442 modo
1256 2407 1431 2442 verentur
1456 2416 1486 2442 e.
1514 2417 1549 2450 q.
1578 2405 1623 2452 8.]
1650 2405 1693 2441 cf.
1720 2405 1816 2442 Non.

106 2467 142 2500 p.
163 2458 244 2498 427,
266 2454 396 2498 17Μ.·
422 2454 515 2491 Don.
544 2455 592 2490 ad
615 2454 696 2490 Ter.
719 2435 882 2500 Adelph
910 2454 1080 2498 111‚53;
1108 2454 1213 2490 Luct.
1240 2453 1341 2491 Plae.
1369 2453 1417 2489 ad
1442 2453 1533 2490 Stat.
1563 2452 1678 2489 Theb.
1699 2452 1827 2489 Ι1192Δ

202 2565 222 2596 2
259 2572 343 2596 eum
375 2560 545 2598 Serviani
576 2562 681 2606 libri,
711 2562 862 2597 turnum
889 2561 936 2598 F.
974 2561 1100 2598 malim
1134 2561 1342 2597 concilium.
1382 2561 1427 2605 cf.
1453 2571 1486 2597 v.
1513 2564 1582 2596 234
1611 2561 1708 2606 ‘erqo
1733 2571 1815 2597 con-

107 2609 234 2645 cilium
257 2619 457 2653 maynum.
510 2609 646 2655 .009it’
668 2611 680 2656 fl
699 2609 956 2645 exhortatione
975 2609 1013 2644 R
1048 2608 1280 2645 exortatione
1301 2609 1358 2644 H:
1386 2620 1430 2645 ex
1457 2608 1623 2644 oratione
1648 2609 1782 2654 reliqui
1805 2608 1817 2655 Η

107 2660 128 2692 5
153 2655 346 2702 respondit
365 2656 410 2691 H
414 2657 463 2692 M
469 2656 509 2691 1«
524 2658 536 2703 ΙΙ
565 2661 585 2692 6
612 2657 719 2701 quasi
742 2657 976 2702 praedictum
1002 2657 1178 2702 displicet.
1209 2657 1293 2701 fort.
1321 2655 1442 2711 quasi.
1454 2655 1661 2702 perfectum
1680 2657 1692 2702 ss
1721 2659 1742 2691 8
1768 2657 1817 2692 ad

106 2716 177 2739 nam
202 2717 234 2740 N.
256 2716 289 2739 o.
316 2714 343 2738 s.
363 2714 395 2739 v.
420 2714 498 2739 rem
524 2704 688 2740 consulis
713 2703 752 2739 id
779 2706 837 2740 est
863 2705 909 2740 de
934 2716 973 2740 re
1000 2703 1177 2749 consulis,
1204 2705 1254 2740 ad
1277 2716 1309 2741 v.
1332 2707 1400 2740 343
1426 2704 1469 2740 in
1493 2714 1607 2749 ωηατ-9.
1633 2702 1816 2739 rhetorice

106 2751 203 2787 sicut
236 2761 349 2796 supra
381 2750 427 2786 de
459 2762 562 2796 pace.
614 2752 653 2787 et
682 2763 814 2796 pacem
849 2752 947 2787 enim
984 2751 1149 2787 ostendit
1179 2751 1390 2787 faciendam
1423 2752 1462 2787 et
1491 2750 1746 2786 accusationes
1778 2753 1817 2786 et

106 2798 233 2834 omnia
257 2809 353 2852 quae
379 2809 402 2833 a
425 2798 543 2834 latino
570 2801 657 2834 sunt
681 2799 784 2834 diota
807 2799 924 2835 addit.
975 2810 1043 2834 nec
1067 2810 1142 2835 non
1167 2801 1205 2835 et
1231 2799 1276 2835 de
1303 2799 1379 2834 filia
1405 2799 1529 2835 danda
1554 2808 1691 2834 aeneae
1717 2798 1815 2834 unde

105 2846 243 2882 latinus
268 2844 420 2882 reticuit
448 2846 482 2881 T
502 2847 514 2890 ΙΙ
545 2849 566 2881 9
593 2845 746 2891 quidam
772 2846 812 2880 F
833 2847 845 2891 ss
879 2850 921 2881 11
947 2846 1061 2899 dirigi
1086 2848 1124 2883 et
1149 2857 1261 2891 quem
1285 2846 1404 2882 latino
1430 2846 1470 2882 F
1505 2845 1576 2881 diri
1601 2846 1639 2881 et
1664 2858 1736 2891 que
1761 2846 1814 2882 la-

105 2893 183 2929 tino
205 2893 239 2929 G
269 2893 382 2939 dirigi
401 2894 439 2929 et
458 2904 554 2938 quae
573 2892 612 2928 in
630 2892 749 2929 latino
769 2894 907 2929 Daniel
932 2892 1078 2939 (dirigit
1097 2893 1338 2931 O'ommelinus
1363 2906 1386 2930 a
1403 2893 1537 2929 Latino
1558 2893 1777 2938 Masvicius)
1804 2893 1815 2940 Η

108 2945 150 2976 12
178 2941 336 2977 suadent
362 2941 395 2977 G
413 2942 426 2986 ΙΙ
451 2941 497 2976 acl
523 2941 653 2976 eadem
681 2941 887 2976 Masvicius
905 2942 918 2987 ΙΙ
950 2944 993 2976 13
1019 2940 1105 2978 silis,
1130 2941 1170 2977 F
1186 2943 1198 2989 ΙΙ
1222 2941 1376 2978 retierat
1402 2941 1444 2977 F
1458 2943 1470 2987 ΙΙ
1503 2945 1547 2976 14
1572 2941 1634 2986 qui
1663 2941 1697 2976 G
1715 2942 1727 2988 ΙΙ
1751 2952 1814 2976 na-

105 2989 186 3023 tum
213 2988 254 3023 F
268 2989 281 3033 ΙΙ
312 2992 355 3024 15
379 2988 541 3024 latorum
568 2987 609 3023 F
623 2989 636 3034 ΙΙ
661 2989 699 3023 in
723 2987 906 3024 invidiam
930 2988 1084 3025 Daniel:
1111 2989 1150 3025 in
1176 3001 1241 3025 om.
1264 2989 1304 3024 F
1319 2990 1331 3035 ΙΙ
1364 2993 1407 3024 17
1433 2988 1542 3024 liberi
1567 2988 1607 3023 F
1623 2989 1635 3035 ΙΙ
1666 2992 1711 3025 20
1737 2989 1812 3023 tur-

104 3046 172 3071 nos
197 3035 237 3070 F
252 3037 264 3082 n
283 3039 327 3071 21
353 3035 495 3072 iuncxit
520 3035 561 3071 F
576 3037 588 3083 ΙΙ
607 3040 652 3071 23
679 3036 773 3071 bone
799 3046 866 3071 om.
887 3034 928 3071 F
942 3036 955 3081 ΙΙ
974 3038 1019 3072 25
1045 3036 1135 3073 alibi
1162 3037 1211 3081 F,
1238 3047 1328 3072 corr.
1350 3036 1489 3072 Daniel
1507 3038 1519 3081 ΙΙ
1538 3047 1589 3072 an
1614 3037 1811 3090 exprobra-

105 3082 276 3119 tionem?
294 3084 307 3128 ΙΙ
325 3094 363 3119 se
388 3096 477 3120 vum
502 3085 641 3120 bonum
662 3083 742 3129 (sic)
764 3083 970 3119 Masvicius
1007 3095 1154 3119 servum
1178 3084 1315 3120 bonum
1335 3084 1589 3120 Burmannus.
1621 3084 1705 3127 fort.
1734 3083 1811 3127 qui-

107 3131 192 3165 dam
217 3129 350 3166 nolunt
374 3142 412 3167 se
437 3131 555 3167 bonos
582 3130 655 3166 dici
680 3134 746 3166 aut
772 3142 805 3174 q.
826 3142 858 3165 v.
882 3141 992 3176 saepe
1011 3128 1096 3167 κατ’
1119 3129 1347 3176 ἅντίφρασιν
1372 3132 1426 3167 vel
1446 3130 1648 3176 εἰρωνικῶς
1673 3131 1812 3165 bonum

107 3177 191 3212 dici.
218 3178 264 3222 ef.
284 3178 382 3214 Don.
408 3182 441 3214 et
465 3178 623 3224 Euyrap
626 3179 658 3214 h.
686 3178 735 3213 ad
764 3177 841 3214 Ter.
862 3177 981 3214 Andr.
1002 3177 1055 3213 III
1075 3181 1108 3223 5,
1131 3180 1269 3226 101126
1297 3178 1510 3224 significant
1530 3178 1571 3213 F
1586 3178 1598 3223 ΙΙ
1618 3181 1661 3212 28
1689 3188 1810 3212 susur-

107 3226 165 3260 rat
190 3225 262 3260 AS
270 3225 318 3260 M
335 3225 348 3272 11
367 3225 474 3272 dicit]
500 3227 669 3262 mussant
694 3235 776 3261 oras
803 3226 841 3261 et
864 3225 888 3261 l.
916 3226 999 3262 add.
1020 3226 1093 3262 AS
1111 3228 1123 3273 {l
1143 3227 1207 3262 sed
1232 3226 1381 3272 proprie
1406 3226 1479 3262 AS
1497 3227 1508 3271 ΙΙ
1534 3226 1747 3261 obmussare
1775 3224 1815 3259 F
