2092 3614
318 241 403 282 332
794 265 800 271 ·
1095 244 1253 279 SERVH

435 351 534 393 249.
584 363 777 393 VVLTVM
809 364 1026 396 LACRIMIS
1059 365 1214 404 A‘rovn
1242 365 1333 396 ORA
1358 365 1561 395 RIGABAT
1594 354 1760 408 poetice
1792 354 1948 410 iunxit,
1980 358 2022 397 et

316 422 444 465 modo
477 438 609 465 unum
642 423 906 478 significant:
948 426 1014 466 est
1046 426 1191 466 autem
1222 424 1408 467 iteratio.
1469 424 1685 467 interdum
1715 425 1929 480 recipiunt
1959 426 2021 468 di-

319 493 592 550 scretionem3
625 508 726 537 nam
754 508 797 537 os
821 498 879 538 est
902 496 1152 538 naturaliter
1180 496 1325 549 facies,
1356 510 1482 550 quain
1511 496 1723 547 habemns;
1754 496 1890 553 vultus
1919 511 2022 553 vero,

315 580 432 619 quem
455 581 537 620 pro
568 570 680 609 nzotn
711 567 845 609 animi
875 567 932 609 acl
962 570 1117 621 tempas
1145 567 1386 620 formamus.

270 647 290 677 5
436 637 534 680 250.
584 650 675 681 PRO
701 649 937 681 LAVDIBvs
969 637 1011 679 id
1042 641 1108 680 est
1134 639 1386 681 virtutibus:
1420 639 1472 681 ab
1506 654 1555 682 eo
1589 640 1702 695 quod
1732 639 1950 695 praecedit
1979 640 2022 682 id

316 708 427 764 quod
462 708 675 764 sequitur,
710 713 764 752 iit
795 709 863 764 <V
896 709 1012 764 355>
1039 710 1258 763 prienam
1295 712 1450 753 merui
1486 712 1570 765 qni
1607 711 1750 754 lande
1785 725 2022 754 eoronam.

435 779 533 823 252.
582 793 635 822 DI
666 792 916 832 MORESQVE
949 793 1137 824 DABVNT
1169 794 1338 825 vns'rm
1370 781 1587 825 Ciceronis
1627 786 1709 839 est,
1746 785 1943 831 tractum,
1971 783 2021 826 de

315 851 611 908 philosophia,
643 853 718 908 qui
747 852 894 895 dicunt
920 853 1114 896 sufficere
1141 854 1194 896 ad
1221 854 1408 910 gloriam
1433 855 1540 897 bene
1566 855 1670 897 facti
1696 855 2022 898 conscientiam:

315 923 397 965 scit
428 923 542 965 enim
574 927 703 979 poeta
733 924 843 966 nihil
878 939 970 966 esse
998 925 1155 980 maius,
1188 940 1317 981 quam
1344 926 1456 980 quod
1483 926 1551 969 vel
1578 942 1602 968 a
1629 927 1710 968 diis
1739 926 2022 969 meruerimus

246 1005 290 1035 10
315 994 384 1036 vel
417 995 622 1038 moribus.

434 1067 533 1109 253.
582 1078 801 1110 ACTVTVM
828 1067 1074 1123 confestim,
1105 1069 1197 1110 sine
1225 1069 1448 1111 dilatione:
1482 1071 1525 1110 et
1551 1071 1616 1110 est
1642 1068 1890 1111 adverbium
1915 1071 2022 1112 teni-

315 1138 447 1192 poris.
540 1149 749 1180 INTEGER
780 1150 890 1181 AEVI
923 1138 1086 1194 ‘inteyri
1117 1139 1238 1194 aevi',
1270 1142 1466 1194 figurate:
1499 1141 1544 1182 icl
1573 1143 1630 1182 est
1660 1139 1923 1196 adulescens,
1956 1141 2023 1183 cui

316 1211 435 1252 aetas
462 1209 630 1265 integra
656 1212 871 1265 superest,
901 1210 1012 1252 unde
1038 1210 1206 1253 Ennius
1240 1211 1359 1253 deos
1393 1212 1504 1254 aevi
1536 1212 1770 1267 integros
1802 1210 1906 1253 dicit
1935 1211 2023 1266 qui-

315 1281 396 1322 bus
442 1281 627 1322 multum
673 1281 766 1323 aevi
811 1283 1020 1336 superest.
1082 1286 1120 1324 et
1155 1283 1256 1325 bono
1294 1283 1428 1325 omine
1464 1284 1521 1325 acl
1547 1282 1736 1337 pericula
1763 1282 2023 1337 pergentibus

248 1363 288 1393 15
314 1353 439 1395 etiam
467 1367 547 1407 per
583 1352 815 1395 Ascanium
844 1354 1079 1407 praemium
1118 1355 1353 1408 pollicetar:
1398 1355 1618 1409 loviyiorem
1657 1355 1766 1396 enim
1802 1354 1860 1396 eis
1894 1354 2022 1396 vitam

306 1425 532 1480 promittit,
562 1425 600 1467 si
631 1438 680 1466 ea
710 1427 933 1478 exspectent
961 1439 1064 1479 qnae
1095 1427 1306 1469 Aseanius
1337 1427 1436 1469 (lare
1466 1427 1601 1468 onaior
1623 1426 1766 1479 possit.

433 1497 533 1540 254.
582 1507 746 1538 MERITI
778 1497 996 1553 praestiti,
1029 1499 1077 1539 ut
1109 1497 1178 1552 <V
1205 1497 1321 1552 801>
1354 1498 1512 1540 merui
1546 1511 1762 1552 quoque,
1792 1497 1895 1539 item
1929 1496 2020 1551 <Vl

314 1567 431 1622 664>
465 1567 653 1623 quique
686 1567 764 1609 sui
795 1582 1043 1610 memores
1075 1568 1283 1624 aliquos
1316 1569 1481 1611 fecere
1513 1568 1761 1610 merendo.

433 1626 531 1682 255.
581 1657 681 1682 mmo
711 1656 784 1681 EGO
821 1656 888 1682 Vos
921 1639 1094 1693 pulchre
1127 1643 1248 1694 poeta
1283 1642 1405 1695 fidem
1440 1641 1671 1694 sponsionis
1691 1640 1815 1683 'Aleti
1849 1640 2022 1696 addidit,

242 1720 288 1752 20
312 1715 360 1753 nt
383 1725 475 1754 eam
499 1711 641 1754 statim
662 1711 874 1765 promissa
893 1711 1069 1754 Ascanii
1093 1715 1363 1766 sequerentur.
1462 1729 1529 1755 vos
1558 1715 1693 1754 antem
1718 1729 1810 1755 mse
1837 1714 2022 1768 fiynrate,

312 1787 360 1826 nt
397 1782 540 1838 <523>
580 1795 677 1838 vos,
722 1796 744 1824 o
782 1781 1017 1837 Calliope.
1137 1801 1230 1826 sors
1260 1801 1384 1827 statvs
1419 1797 1528 1836 vero,
1571 1785 1638 1826 oui
1679 1798 1765 1826 ‘ema
1806 1787 1866 1827 est
1907 1784 2021 1828 salas

309 1855 491 1909 yenitore
520 1855 692 1897 reducto.

433 1926 532 1969 256.
581 1937 772 1968 EXCIDIT
805 1938 1028 1970 AscAmvs
1060 1927 1103 1969 id
1135 1929 1202 1970 est
1235 1926 1531 1982 subsequitur:
1568 1929 1611 1968 et
1642 1942 1667 1969 a
1698 1929 1827 1981 poeta
1858 1926 2020 1969 dictum

313 2001 391 2041 est.
499 2016 574 2041 PER
600 2014 758 2041 marves
783 2015 875 2041 mse
903 2016 1076 2042 PENATES
1104 1998 1179 2042 hoe
1207 2002 1266 2042 est
1294 1999 1403 2053 qaocl
1432 2000 1495 2041 ait
1525 1997 1619 2053 <111
1648 1999 1730 2053 12>
1755 1998 2020 2052 penatibus

243 2078 286 2108 25
313 2073 356 2112 et
391 2070 584 2124 maynis
621 2070 716 2125 (lis,
757 2070 802 2112 icl
837 2072 895 2112 est
923 2084 1023 2124 qnos
1053 2070 1215 2114 Aeneas
1251 2084 1384 2114 seeum
1419 2071 1655 2122 aclvexerat;
1699 2083 1799 2112 nani
1836 2070 1923 2111 ideo
1960 2070 2023 2112 ait

313 2141 607 2195 ‘Assaracique
645 2141 773 2184 larem
781 2140 807 2196 ⁹,
844 2141 890 2183 iel
918 2144 976 2183 est
1002 2140 1194 2194 familiae
1223 2144 1387 2184 nostrae
1416 2141 1477 2183 vel
1503 2141 1664 2195 yeneris
1688 2140 1923 2194 proprium,
1959 2140 2020 2182 vel

311 2226 411 2266 qnos
440 2226 515 2255 nos
550 2211 725 2255 Troiani
754 2213 974 2269 praecipue
1010 2212 1196 2267 colimus,
1237 2212 1284 2254 de
1320 2212 1467 2266 quibus
1497 2212 1560 2254 ait
1590 2211 1684 2266 (ΙΙΙ
1719 2211 1830 2265 148)
1862 2211 2018 2265 Phry-

407 2345 428 2376 3
454 2352 541 2376 nam
568 2351 609 2375 os
638 2370 674 2377 ..
696 2369 703 2376 .
731 2340 952 2387 formamus]
981 2341 1026 2375 cf.
1053 2340 1156 2376 Luet.
1182 2340 1282 2376 Plac.
1309 2341 1359 2377 acl
1384 2341 1477 2376 Stat.
1504 2341 1618 2376 Theb.
1646 2341 1661 2375 I
1687 2344 1750 2382 893
1776 2339 1861 2376 Isid.
1889 2350 1941 2376 or.
1967 2341 2018 2375 XI

316 2393 347 2432 1,
368 2392 415 2423 34
440 2390 478 2424 et
503 2388 578 2424 diff.
599 2392 668 2424 589
689 2389 700 2435 ΙΙ
722 2392 764 2423 12
791 2389 1008 2424 adulescens
1035 2415 1042 2423 .
1065 2417 1072 2423 .
1094 2416 1101 2423 .
1130 2389 1313 2435 superest]
1341 2389 1385 2424 cf.
1405 2389 1498 2424 Don.
1525 2388 1573 2423 ad
1597 2387 1678 2423 Ter.
1706 2388 1796 2423 Eun.
1819 2388 1869 2422 ΠΙ
1889 2392 1921 2432 2,
1942 2392 1988 2423 20
2006 2388 2017 2434 fl}

316 2441 359 2471 13
386 2436 544 2483 Ennius]
571 2437 666 2481 trag.
694 2436 773 2473 rell.
800 2449 834 2472 v.
860 2440 930 2472 403
957 2448 1015 2482 ap.
1042 2434 1152 2471 Ribb.
1180 2436 1236 2471 ed.
1263 2437 1309 2482 Il,
1335 2449 1367 2472 v.
1395 2440 1464 2472 444
1490 2448 1549 2481 ap.
1577 2436 1684 2472 Vahl.

409 2559 429 2590 2
457 2554 645 2601 significat
666 2556 714 2590 M
732 2556 743 2602 ΙΙ
763 2559 782 2590 3
810 2556 860 2591 ael
881 2567 997 2596 Arovs
1018 2566 1050 2591 ο.
1071 2569 1102 2591 R.
1129 2566 1156 2591 s.
1176 2566 1208 2590 v.
1236 2555 1384 2601 proprie
1411 2566 1450 2591 os
1477 2556 1535 2590 est
1558 2555 1673 2590 facies
1699 2566 1813 2600 quam
1836 2554 2017 2590 habemus

315 2602 535 2638 naturaliter
568 2602 695 2639 uultus
726 2614 816 2639 uero
848 2614 957 2648 quem
989 2614 1056 2648 pro
1088 2603 1193 2639 motu
1225 2602 1341 2638 animi
1373 2603 1421 2638 ad
1445 2604 1594 2648 tempus
1619 2603 1820 2638 formamus
1848 2602 1882 2636 T
1909 2602 1921 2648 ΙΙ
1958 2602 2016 2648 os]

315 2662 395 2685 mos
422 2650 472 2695 F,
497 2651 620 2686 omisit
643 2651 782 2686 Daniel
799 2651 812 2696 ΙΙ
839 2656 862 2686 4
886 2650 993 2685 mutu
1019 2650 1060 2685 F
1092 2651 1186 2685 nutu
1210 2650 1350 2686 Daniel
1367 2651 1380 2696 ΙΙ
1405 2654 1425 2686 5
1452 2650 1622 2696 procedit
1646 2649 1681 2684 L
1700 2650 1712 2695 ΙΙ
1737 2653 1758 2684 8
1782 2649 2017 2694 philosophis

312 2697 353 2732 F
374 2700 386 2743 ss
411 2697 490 2743 qui]
517 2709 583 2734 om.
611 2698 646 2733 L
672 2699 773 2744 (add.
800 2699 841 2743 l),
868 2698 957 2742 quia
980 2709 998 2733 s
1022 2699 1034 2744 ΙΙ
1059 2697 1153 2733 dicit
1178 2698 1191 2734 l
1214 2699 1226 2745 ΙΙ
1258 2698 1350 2733 bene
1376 2697 1515 2733 factam
1542 2697 1578 2733 L
1604 2699 1709 2743 (corr.
1736 2698 1761 2742 l)
1787 2698 1799 2742 ΙΙ
1830 2697 2019 2746 conscien—

312 2745 367 2780 tia
397 2745 536 2781 RHF.
583 2745 682 2790 quod
712 2746 750 2781 et
786 2745 959 2791 uirgilius
992 2757 1104 2791 supra
1136 2744 1167 2791 (I
1198 2747 1280 2790 604)
1318 2745 1372 2780 ait
1407 2746 1461 2781 ‘et
1491 2757 1595 2780 inens
1627 2744 1700 2780 sibi
1732 2745 1880 2780 conscia
1909 2743 2017 2780 recti’

312 2793 398 2828 aad.
414 2793 453 2827 D
472 2794 484 2837 ΙΙ
503 2793 553 2828 ad
576 2803 608 2828 v.
629 2796 698 2827 252
724 2793 766 2827 in
791 2804 905 2839 mary.
932 2793 1003 2828 scit
1026 2794 1139 2838 poeta
1165 2794 1265 2838 quod
1290 2792 1386 2828 nihil
1411 2792 1531 2828 maius
1557 2794 1614 2828 est
1639 2803 1752 2838 quam
1777 2792 1877 2837 quod
1903 2802 1925 2825 a
1950 2791 2019 2826 diis

313 2838 557 2875 meruerimus
582 2839 644 2875 uel
668 2839 781 2875 rectis
807 2840 972 2875 moribus
997 2840 1195 2877 fecerimus
1224 2840 1258 2875 Τ
1271 2841 1283 2886 ΙΙ
1303 2845 1322 2876 9
1349 2852 1481 2876 manus
1510 2840 1543 2875 G
1562 2841 1574 2886 ll
1595 2844 1638 2875 10
1666 2839 1725 2875 vel
1749 2837 1932 2884 moribus]
1957 2837 2016 2874 vel

312 2887 423 2923 rectis
448 2887 613 2922 moribus
639 2887 836 2922 fecerimus
861 2898 879 2923 e
907 2887 1115 2923 Turonensi
1139 2889 1278 2924 Daniel
1302 2890 1314 2934 Η
1345 2893 1387 2923 13
1415 2887 1596 2934 superest]
1623 2887 1751 2922 manet
1775 2886 1983 2921 Masvieius
2007 2885 2020 2932 Η

315 2939 358 2970 16
384 2935 504 2971 maior
528 2933 582 2970 F:
609 2934 751 2970 maiora
775 2934 914 2970 Daniel
932 2936 944 2981 ΙΙ
966 2938 1008 2970 17
1034 2935 1147 2979 pretii
1165 2935 1238 2971 AS
1273 2935 1445 2981 preteriti
1464 2936 1509 2971 H
1522 2937 1534 2982 ΙΙ
1556 2939 1598 2970 18
1624 2934 1718 2970 alios
1738 2933 1774 2968 R
1792 2934 1804 2978 ΙΙ
1823 2933 2015 2979 merendo]

313 2995 398 3018 cum
428 2981 562 3017 mereri
594 2981 642 3017 sit
678 2981 843 3018 conferre
876 2984 920 3017 ut
951 2981 1017 3027 (IV
1043 2983 1125 3027 317)
1161 2983 1214 3018 ‘si
1244 2984 1340 3019 bene
1373 2983 1462 3027 quid.
1494 2983 1538 3018 de
1572 2983 1610 3017 te
1645 2980 1785 3016 merui'
1821 2981 1904 3016 add.
1932 2980 1971 3014 D
2007 2983 2009 3025 ff

315 3034 358 3066 19
386 3029 501 3065 alaeti
526 3028 574 3064 F.
613 3029 698 3073 fort.
724 3029 835 3064 fidem
860 3029 1048 3075 sponsioni
1071 3029 1191 3064 Aletis
1217 3030 1384 3075 addidit,
1410 3032 1455 3065 ut
1476 3040 1558 3065 eam
1589 3030 1601 3075 ΙΙ
1631 3033 1677 3064 20
1702 3040 1769 3063 vos
1795 3028 1919 3062 autem
1947 3055 1954 3063 .
1978 3055 1985 3062 .
2008 3055 2015 3063 .

312 3078 466 3113 reducto
485 3079 570 3123 post
595 3076 737 3112 dietum
765 3079 821 3113 est
844 3078 926 3113 hab.
952 3076 992 3111 F
1007 3077 1019 3123 ΙΙ
1038 3089 1107 3111 ms1
1134 3076 1174 3111 F
1189 3079 1200 3122 ss
1220 3082 1263 3112 21
1291 3078 1329 3124 o]
1356 3089 1379 3113 a
1405 3077 1438 3113 G
1456 3078 1468 3123 ΙΙ
1488 3075 1654 3121 Calliope
1681 3086 1767 3109 som
1793 3075 1915 3121 SALvs]
1943 3074 2016 3110 cal-

312 3125 366 3161 lio
391 3135 500 3171 posse
525 3123 688 3160 lasaluus
713 3124 754 3159 F
781 3126 793 3171 ΙΙ
825 3124 885 3160 cui
917 3136 991 3160 una
1016 3125 1170 3159 Daniel:
1207 3129 1250 3160 esi
1278 3136 1373 3160 cuna
1398 3123 1439 3159 F
1466 3126 1477 3170 ΙΙ
1508 3128 1552 3159 23
1578 3123 1684 3158 schol.
1711 3123 1761 3158 acl
1784 3133 1816 3158 v.
1844 3126 1912 3157 256
1932 3126 2018 3168 post

315 3172 386 3208 dea
410 3173 469 3208 cst
494 3172 610 3208 Terra
633 3172 715 3208 hab.
741 3172 781 3207 F
798 3174 810 3219 ss
841 3176 886 3208 24
912 3185 983 3208 lel
1008 3182 1184 3207 numurus
1210 3172 1250 3207 F
1272 3174 1283 3219 ΙΙ
1315 3176 1359 3208 26
1386 3172 1435 3207 ad
1459 3181 1700 3210 AssAnAciovn
1725 3182 1755 3205 n.
1782 3180 1809 3205 s.
1836 3181 1868 3206 v.
1894 3170 1934 3205 id
1960 3170 2017 3204 est

314 3219 482 3256 familiae
505 3221 657 3256 nostrae
676 3221 715 3256 et
733 3220 878 3266 generis
898 3219 1090 3266 proprium
1113 3219 1146 3254 Τ
1161 3221 1174 3265 ΙΙ
1192 3220 1322 3266 generi
1339 3219 1478 3255 Daniel
1496 3219 1507 3265 ΙΙ
1527 3222 1570 3254 27
1590 3217 1765 3263 frigiique
1784 3219 1964 3263 penantes
1979 3216 2020 3252 F
