2092 3614
255 1032 299 1063 10

252 1390 294 1420 15

249 1747 295 1778 20

248 2461 294 2493 3⁴)

332 271 417 313 276
1105 273 1267 308 SERVII

450 380 547 423 542.
598 392 858 424 HERCVLms
892 393 1084 424 somTAs
1118 393 1303 424 iemssvs
1344 393 1461 424 ARAs
1499 383 1734 439 hypallage
1772 386 1856 439 est,
1892 384 1935 426 id
1972 388 2040 427 est

330 452 556 494 suscitavit
588 467 685 495 aras
717 453 971 508 Herculeas,
1003 454 1048 495 in
1080 453 1236 508 quibus
1269 455 1392 494 crant
1423 454 1544 509 ignes
1578 454 1719 509 sopiti.

448 523 548 566 543.
597 535 878 566 HESTERNVM
904 527 1047 567 autem
1075 536 1234 566 LAREM
1267 524 1333 566 cui
1364 524 1501 579 pridie
1533 521 1943 569 sacrificaverat.'et
1970 530 2036 569 est

327 594 521 637 iteratio:
552 610 653 638 nam
687 596 798 638 male
831 596 1005 651 quidam
1039 595 1305 638 ‘externum'
1340 596 1508 652 legunt,
1540 597 1582 638 id
1615 600 1680 639 est
1711 600 1976 640 extraneum.

447 666 545 708 544.
594 684 748 710 MACTAT
778 685 922 710 moras
951 668 998 708 (Ie
1028 681 1139 709 more
1170 667 1307 721 lectas,
1338 681 1395 709 an
1425 668 1473 709 de
1503 681 1613 710 more
1642 669 1824 711 mactat?

446 737 544 781 545,
597 755 810 781 mammem·
831 753 912 792 pro
946 737 1203 794 ‘Euander',
1234 739 1305 781 sed
1332 739 1478 781 vitavit
1508 735 1844 794 ὁμοιοτέλευτον
1874 755 2037 794 sequen-

327 809 380 850 tis
410 809 530 850 verbi.

445 880 542 922 546.
594 893 711 923 POST
743 894 858 924 HINC
891 895 953 924 AD
986 893 1137 925 NAVES
1170 893 1410 924 GRADITVR
1443 897 1575 925 unum
1609 886 1752 936 vacat,
1789 886 1864 926 aut
1895 883 2039 939 ‘post',

326 955 402 993 aut
434 951 590 1007 ‘hinc'‚
631 955 679 994 ut
710 957 827 1008 post
865 954 984 996 hinc
1016 953 1317 1010 digrediens
1348 954 1501 996 iubeo
1532 954 1836 997 frondentia
1867 955 2037 1010 capris

325 1023 527 1064 arbuta:
559 1024 647 1065 tale
680 1028 746 1066 est
778 1027 820 1066 et
851 1026 957 1067 illud
990 1024 1062 1080 <11
1094 1025 1181 1079 40>
1215 1025 1409 1080 primus
1442 1025 1514 1067 ibi
1547 1028 1665 1067 ante
1698 1041 1884 1070 omneS.

443 1094 541 1136 547.
592 1106 673 1145 QVI
705 1107 815 1139 SESE
841 1109 890 1138 IN
916 1108 1071 1138 BELLA
1104 1107 1380 1147 SEQVANTVR
1411 1096 1456 1138 in
1489 1096 1806 1151 expeditionem
1839 1100 1882 1139 et
1914 1098 2034 1140 belli-

322 1180 416 1206 cam
449 1167 843 1221 praeparationem:
881 1183 1000 1222 nam,
1037 1163 1087 1209 ut
1117 1182 1249 1222 supra
1281 1167 1486 1222 diximus,
1527 1166 1732 1209 ‘bellum'
1766 1170 1832 1209 est
1864 1171 2035 1224 tempus

322 1250 447 1278 omne
492 1252 577 1292 quo
622 1239 690 1285 vel
734 1241 1019 1294 praeparatur
1063 1238 1225 1294 aliquid
1270 1251 1443 1294 pugnae
1488 1238 1796 1295 necessarium,
1841 1240 1907 1282 vel
1951 1255 2035 1296 quo

322 1321 470 1362 pugna
511 1308 694 1365 geritur,
739 1308 992 1365 ‘proelium'
1032 1311 1175 1352 autem
1214 1308 1370 1351 dicitur
1409 1308 1635 1351 conflictus
1673 1310 1765 1364 ipse
1804 1311 2034 1353 bellorum:

324 1379 434 1420 unde
467 1379 595 1422 modo
628 1380 736 1423 bene
769 1381 878 1422 dixit
910 1380 1007 1436 ‘qui
1040 1395 1132 1422 sese
1165 1380 1210 1422 in
1242 1381 1356 1422 bella
1390 1379 1656 1436 sequantur',
1694 1395 1783 1423 non
1815 1380 1882 1423 ein
1914 1397 2035 1437 proe-

321 1450 468 1507 lium'3
501 1466 603 1494 nam
636 1452 686 1494 ad
721 1453 880 1495 auxilia
911 1452 1095 1508 petenda
1127 1452 1266 1507 vadit,
1303 1466 1391 1493 non
1423 1452 1476 1493 ad
1507 1465 1709 1508 pugnam.
1773 1467 2032 1508 quamquam

321 1522 452 1564 etiam
492 1524 528 1565 si
572 1524 631 1566 sie
662 1523 824 1566 diceret
855 1523 950 1579 ‘qui
983 1538 1028 1565 se
1058 1523 1105 1565 in
1136 1518 1347 1578 prbelium
1381 1523 1651 1579 sequantur',
1688 1538 1777 1566 non
1816 1524 1941 1566 valde
1979 1525 2033 1566 ab

320 1608 365 1635 re
410 1609 503 1636 esse
548 1595 789 1637 videbatur:
840 1594 884 1636 hi
930 1595 1044 1636 enim
1088 1595 1271 1650 equites,
1317 1609 1413 1636 cum
1458 1609 1484 1636 a
1527 1593 1752 1636 Tarchone
1797 1596 2034 1650 accepisset

322 1665 490 1707 Aeneas
523 1666 701 1721 auxilia,
744 1681 839 1708 cum
874 1666 971 1708 aliis
1003 1665 1199 1708 Etruscis
1231 1661 1449 1721 equitibus
1482 1680 1559 1720 per
1590 1668 1750 1707 terram
1783 1666 1922 1722 missi,
1961 1667 2033 1708 ob—

322 1736 412 1779 vios
446 1737 595 1779 statim
635 1738 824 1780 habuere
863 1738 1096 1793 bellantes,
1133 1740 1176 1779 et
1208 1737 1332 1792 quasi
1363 1737 1451 1778 iam
1483 1736 1586 1779 hinc
1618 1739 1732 1779 recte
1764 1751 1941 1793 pergere
1973 1738 2033 1780 via

320 1807 474 1850 dentur
516 1809 562 1850 in
605 1809 835 1864 proelium:
881 1808 991 1850 unde
1037 1808 1167 1850 etiam
1213 1823 1238 1850 a
1279 1806 1553 1863 Cymodocea
1595 1808 1819 1864 naviganti
1862 1810 2033 1851 Aeneae

319 1880 476 1922 dicitur
525 1879 592 1935 <X
637 1881 752 1935 238>
804 1881 903 1922 iam
960 1880 1073 1922 loca
1129 1879 1270 1922 iussa
1324 1880 1506 1921 tenent
1563 1878 1691 1921 forti
1745 1880 2031 1934 permixtus

319 1951 540 1994 Etrusco
575 1952 734 1994 Arcas
767 1966 934 2007 eques.

438 2023 537 2066 549.
587 2035 753 2069 SEGNIS
786 2023 878 2065 sine
909 2022 1111 2078 remigio,
1142 2023 1188 2064 id
1210 2024 1268 2064 est
1292 2034 1469 2077 cessam,
1499 2021 1608 2064 nihil
1631 2023 1943 2067 administrans.
1990 2026 2034 2066 et

320 2095 509 2151 respexit
540 2095 593 2138 ad
623 2095 947 2149 descendentes,
979 2094 1030 2136 de
1057 2093 1212 2149 quibus
1241 2094 1304 2135 ait
1330 2093 1444 2148 <94>
1476 2093 1694 2148 remigio
1726 2097 2031 2151 noctemque

319 2166 552 2222 diemque
595 2167 846 2222 fatigant,
890 2166 992 2207 licet
1029 2164 1162 2207 fuerit
1197 2164 1444 2206 lenissimus
1482 2164 1650 2208 fluvius.
1709 2165 1909 2220 epitheton
1940 2180 2031 2221 erqo

318 2239 376 2280 ad
412 2241 584 2294 tempus,
620 2252 705 2280 non
735 2238 843 2280 enim
874 2238 1043 2291 iqnavos
1079 2236 1210 2277 dixit:
1247 2239 1322 2277 ant
1353 2234 1529 2289 ‘scynis’
1562 2239 1680 2291 certe,
1717 2237 1817 2290 qnia
1846 2237 2031 2280 meliores

319 2310 499 2364 eleyerat.
623 2327 725 2352 DEFL
734 2326 798 2351 VIT
825 2308 1015 2361 defertur.

438 2380 536 2423 550.
586 2393 746 2423 RERVM
778 2395 885 2436 quas
918 2380 1122 2434 gesserat.
1243 2389 1409 2420 PATRIS
1443 2377 1516 2420 ubi
1548 2380 1673 2421 esset.

440 2451 537 2493 552.
587 2463 809 2494 ExoRTEM
854 2462 1041 2495 AENEAE
1086 2464 1163 2504 per
1206 2448 1250 2491 id
1295 2449 1408 2504 quod
1452 2463 1540 2491 non
1583 2452 1650 2492 est
1690 2449 1870 2505 factum,
1915 2451 2028 2506 quod

318 2522 480 2566 factum
514 2525 580 2564 cst
610 2523 837 2565 indicatur.
889 2537 965 2577 per
997 2520 1219 2564 ‘exortem'
1253 2523 1396 2563 autem
1429 2520 1641 2576 optimum
1674 2524 1718 2564 et
1749 2523 2027 2578 praecipuum

413 2680 434 2710 3
461 2675 522 2711 cui
548 2704 555 2711 .
578 2704 585 2711 .
609 2704 616 2711 .
643 2675 875 2722 extraneum]
905 2675 950 2711 cf.
977 2671 1062 2710 Isid.
1090 2674 1167 2711 diff.
1194 2674 1293 2711 verb.
1323 2677 1389 2726 1753
1409 2676 1474 2721 ΙΙ.9
1501 2675 1603 2721 post]
1631 2685 1758 2720 georg.
1784 2674 1837 2709 111
1862 2678 1931 2725 300

414 2822 434 2852 2
462 2818 669 2854 suscitabat
693 2817 734 2853 F
749 2820 761 2865 ΙΙ
781 2817 894 2863 sopiti
919 2818 1023 2863 ignes
1049 2818 1087 2853 R
1104 2819 1116 2863 ΙΙ
1135 2822 1156 2853 3
1183 2830 1368 2853 ΕΧΤΕΒΝνΜ
1394 2817 1435 2852 F
1450 2819 1462 2863 ss
1481 2819 1604 2853 autem
1632 2827 1698 2852 om.
1718 2815 1807 2851 RH
1821 2817 1834 2861 ss
1853 2827 1926 2860 quo
1951 2816 1988 2851 R
2011 2817 2024 2863 ΙΙ

319 2865 598 2901 sacrificabatur
622 2865 751 2901 ΑΒΜ
778 2867 790 2911 ΙΙ
828 2869 848 2900 5
874 2866 924 2900 ad
948 2878 994 2899 m:
1019 2879 1112 2900 mom:
1138 2878 1310 2901 mmmms
1335 2875 1435 2910 supr.
1462 2876 1550 2901 vers.
1578 2864 1657 2899 siue
1682 2864 1824 2898 mactat
1848 2863 1894 2897 de
1920 2874 2022 2898 more

318 2912 397 2947 siue
423 2913 539 2948 lectas
566 2914 612 2948 de
638 2924 741 2948 more
761 2914 798 2947 id
819 2914 875 2948 est
893 2913 1091 2948 secundum
1114 2913 1227 2947 ritum
1251 2912 1284 2947 Τ
1300 2914 1313 2958 ΙΙ
1331 2916 1352 2947 6
1379 2912 1660 2955 omoeteuluton
1686 2909 1891 2955 sequentib:
1917 2911 2022 2946 uerbi

318 2959 367 3002 F,
393 2970 482 2994 corr.
512 2961 650 2995 Daniel
674 2962 686 3006 ss
720 2964 763 2996 10
788 2961 827 2996 et
851 2971 916 2995 om.
934 2959 1018 2994 -AS
1035 2961 1047 3005 ΙΙ
1078 2963 1119 2994 11
1147 2962 1185 2994 et
1209 2960 1247 2995 in
1273 2959 1447 2995 bellicam
1473 2959 1547 2994 AS
1564 2960 1576 3005 Η
1609 2963 1651 2993 12
1677 2957 1852 3002 diximus]
1879 2956 2019 2992 dictum

318 3009 376 3042 est
400 3006 440 3041 F
455 3008 467 3053 ΙΙ
489 3011 531 3042 13
558 3008 646 3054 quo]
675 3008 775 3053 quod
800 3007 884 3042 AF
918 3018 952 3051 q3
979 3007 1018 3041 Η
1037 3009 1049 3052 11
1069 3007 1129 3042 uel
1155 3007 1254 3051 quod
1281 3008 1316 3041 A
1353 3008 1413 3041 uel
1440 3018 1483 3042 co
1506 3007 1551 3041 H
1565 3008 1576 3052 ΙΙ
1598 3009 1640 3040 15
1666 3016 1738 3040 non
1764 3005 1811 3039 ad
1836 3005 2019 3048 proelium

317 3054 357 3088 F
373 3055 385 3100 ss
406 3058 449 3090 18
474 3055 695 3090 tharchonte
722 3055 759 3090 R
794 3055 992 3090 tharcontc
1014 3054 1070 3088 M·
1096 3054 1301 3088 thachontc
1326 3053 1367 3088 F
1383 3055 1394 3099 ΙΙ
1425 3057 1467 3088 19
1494 3052 1673 3087 auxilium
1698 3051 1738 3086 F
1754 3053 1765 3097 ΙΙ
1785 3055 1830 3086 20
1856 3053 1959 3087 recta
1984 3052 2024 3087 F

316 3107 442 3145 rectae
463 3102 511 3136 M
529 3103 540 3147 ΙΙ
560 3101 773 3137 uiderentur
792 3103 841 3138 M
855 3104 866 3148 ΙΙ
885 3106 930 3137 21
956 3101 1003 3137 ad
1024 3101 1205 3146 praelium
1225 3101 1266 3135 F
1281 3103 1293 3147 H
1312 3105 1356 3136 22
1382 3101 1513 3135 tenent
1531 3099 1645 3134 ASL
1654 3100 1710 3134 H:
1736 3100 1841 3133 tenet
1858 3100 1992 3144 reliqui
2009 3100 2021 3145 Η

316 3153 362 3183 30
388 3161 551 3184 Exonrm
577 3176 585 3184 .
608 3178 615 3185 .
638 3178 645 3185 .
672 3161 746 3184 non
772 3152 828 3186 est
852 3150 994 3184 factum
1019 3159 1083 3183 om.
1111 3148 1184 3182 AS
1226 3159 1293 3191 per
1324 3148 1361 3182 id
1394 3148 1493 3191 quod
1518 3159 1591 3182 non
1617 3148 1676 3181 est
1700 3146 1840 3180 factum
1866 3157 1933 3182 om.
1961 3147 2009 3181 M

315 3197 407 3231 dicit
432 3200 551 3232 antem
575 3196 743 3240 Servius,
767 3198 864 3242 quod
881 3198 1026 3233 Aeneae
1047 3206 1122 3237 non
1146 3196 1272 3230 sortito
1297 3205 1409 3240 equus
1433 3195 1613 3230 adductas
1636 3195 1702 3237 sit,
1728 3204 1769 3229 ea
1793 3205 1832 3229 re
1856 3194 2020 3229 indicari

315 3244 440 3279 ceteris
463 3247 558 3279 sorte
581 3254 688 3289 equos
712 3245 816 3280 clatos
840 3255 920 3280 esse.
