2092 3614
554 272 705 310 COMM.
730 273 783 309 IN
808 273 953 310 VERG.
978 272 1090 309 AEN.
1116 272 1184 307 ΧΠ
1210 276 1410 309 593-616.
1687 307 1689 309 .
1747 271 1831 313 627

125 386 192 426 est
222 383 494 438 florulentos,
531 382 753 438 pulchros:
792 384 836 424 et
867 385 934 425 est
966 397 1106 424 sermo
1138 381 1376 424 Ennianus.
1427 381 1588 424 Probus
1619 381 1678 424 sic
1708 382 1832 423 adno-

126 455 248 496 tavit:
278 455 717 497 neotericnmsserat
746 453 962 510 ‘flavos'‚
994 468 1102 509 erqo
1134 454 1247 496 bene
1279 452 1501 507 ‘floros':
1532 467 1644 495 nam
1675 453 1838 506 seqni-

126 529 207 568 tur
244 525 304 568 eet
337 539 505 569 roseas
541 526 738 569 laniata
770 525 965 580 yenas':
1003 527 1184 569 Accius
1221 527 1274 568 in
1303 525 1520 568 Bacchis
1557 524 1684 567 ‘nani
1713 525 1842 578 flori

125 597 303 649 crines,
339 598 493 654 video,
530 599 574 640 ei
599 599 830 652 propessi
867 597 1064 649 iacent',
1101 598 1153 639 in
1191 598 1368 639 iisdem
1407 597 1466 639 ‘et
1495 597 1675 651 lannyo
1704 597 1841 649 flora

125 683 254 712 nnnc
301 670 487 711 demum
535 668 761 724 inriyat’,
812 668 1066 711 Pacuvius
1109 668 1333 722 Antiopa
1378 668 1638 711 ‘cervicum
1678 668 1841 721 floros

125 741 395 795 disperyite
425 739 622 783 crines'.

246 813 344 854 606.
393 824 452 854 ET
478 823 653 855 ROSEAS
679 824 886 855 LANIATA
913 823 1063 855 GENAS
1091 812 1222 854 moris
1248 811 1332 853 fuit
1358 813 1472 866 apud
1494 815 1640 854 veteres
1665 813 1714 852 ut
1739 813 1841 853 ante

126 897 260 938 rogos
291 896 431 937 reglum
462 882 677 925 humanus
711 884 887 940 sanguis
920 883 1221 938 effunderetur,
1254 884 1322 926 vel
1354 883 1622 937 captivorum
1656 883 1724 924 vel
1751 883 1841 938 gla-

127 955 360 997 diatorum:
400 968 581 1010 quorum
616 954 652 996 si
683 954 794 996 forte
828 954 954 1009 copia
984 969 1073 996 non
1103 954 1270 1009 fuisset,
1300 954 1515 996 laniantes
1549 968 1684 1010 genas
1718 969 1841 995 suum

127 1026 405 1068 effundebant
433 1040 640 1081 cruorem,
671 1029 721 1068 ut
746 1025 865 1081 rogis
891 1025 969 1067 illa
995 1025 1141 1081 imago
1169 1025 1481 1068 restitueretur.
1533 1028 1679 1067 tamen
1707 1025 1838 1067 scien-

128 1097 246 1150 dum,
285 1101 456 1140 cautum
496 1098 592 1152 lege
630 1096 855 1138 duodecim
893 1096 1161 1148 tabularum,
1198 1111 1253 1138 ne
1291 1096 1491 1138 mulieres
1524 1098 1750 1151 carperent
1782 1096 1842 1137 fa-

128 1169 252 1224 eiem,
282 1169 350 1211 his
383 1169 525 1212 verbis
559 1168 744 1210 mulier
775 1167 962 1210 faciem
993 1183 1053 1210 ne
1086 1168 1300 1223 carpito.

250 1241 349 1283 608.
398 1252 510 1283 HINC
542 1251 706 1282 TOTAM
737 1240 784 1282 id
812 1243 870 1282 est
901 1239 951 1281 de
985 1240 1112 1281 domo
1145 1240 1276 1295 regia.
1399 1251 1590 1281 mmmx
1621 1251 1750 1281 FAMA
1782 1254 1842 1281 re-

129 1328 223 1355 rum
258 1312 492 1355 infelicium
523 1311 693 1366 nuntia,
723 1314 771 1353 ut
801 1310 897 1366 <111
929 1310 1046 1365 246>
1079 1311 1263 1364 infelix
1293 1314 1437 1353 vates.

248 1384 348 1427 609.
396 1394 673 1425 DEMITTVNT
710 1393 894 1425 MENTES
934 1382 1181 1438 desperant,
1219 1382 1330 1424 sicut
1368 1398 1390 1425 e
1429 1385 1581 1425 contra
1620 1385 1842 1438 sperantes

128 1455 291 1510 aliquid
325 1455 516 1510 ‘erigunt
546 1453 742 1496 mentes’.

248 1526 346 1569 610.
396 1537 615 1569 oomvms
655 1537 920 1568 A‘r'rom‘rvs
960 1537 1093 1569 FA'rls
1133 1537 1363 1576 VRBISQVE
1396 1538 1543 1569 RVINA
1583 1529 1626 1568 et
1662 1526 1844 1581 privatis

132 1601 175 1640 et
206 1597 390 1654 publicis
424 1598 621 1640 luctibus.

249 1670 349 1713 611.
399 1686 588 1712 camrzfflt
614 1683 663 1711 ex
694 1672 825 1711 aetate
848 1669 1001 1723 pathos
1031 1669 1174 1711 movit:
1205 1683 1289 1711 non
1313 1669 1422 1711 enim
1448 1672 1533 1712 tam
1558 1670 1752 1713 miserum
1778 1673 1846 1726 cst,

129 1755 262 1796 reyem
292 1742 339 1783 in
370 1741 550 1783 miseriis
581 1754 673 1792 esse,
705 1754 830 1795 quam
861 1754 1005 1783 senem.
1128 1751 1346 1783 INMVNDO
1378 1753 1593 1783 PVLVERE
1626 1741 1736 1783 bene
1769 1741 1844 1782 ‘in-

133 1812 310 1856 mundo'
351 1812 533 1854 addidit:
574 1812 634 1854 sic
675 1812 721 1854 in
753 1811 966 1867 georgicis
999 1811 1312 1854 monitionibus
1345 1811 1395 1865 <I
1428 1813 1512 1867 81>
1546 1814 1595 1854 et
1626 1812 1845 1855 cinerem

130 1884 432 1927 inmundum
459 1884 657 1926 iactare
683 1897 772 1938 per
798 1897 971 1939 agros,
1003 1883 1105 1938 quia
1130 1883 1263 1925 etiam
1289 1883 1431 1938 pulvis
1458 1884 1531 1925 ille
1557 1899 1641 1938 quo
1668 1886 1847 1926 utuntur

133 1956 321 2012 puellae,
365 1955 472 1998 cinis
511 1957 708 2009 vocatur,
753 1953 864 1996 unde
903 1955 1033 1996 etiam
1072 1955 1295 1996 ciniflones
1334 1955 1435 1996 dicti
1475 1957 1594 1996 sunt:
1638 1953 1846 1996 Horatius

132 2026 394 2081 custodes,
425 2026 631 2078 lectica,
663 2025 963 2078 ciniflones,
995 2026 1274 2082 parasitae.

252 2098 352 2140 614.
403 2109 652 2140 BELLATOR
686 2097 908 2152 epitheton
941 2097 1108 2152 peracti
1140 2097 1361 2152 temporis.

253 2170 350 2212 616.
401 2181 542 2212 mmvs
585 2181 811 2212 svccnssv
852 2180 1032 2212 LAE'rvs
1074 2181 1302 2220 EQvoRVM
1342 2168 1573 2210 infirmitas
1617 2169 1750 2211 animi
1795 2184 1868 2229 ex·

231 2315 248 2345 1
277 2322 400 2346 sermo
424 2309 631 2357 Ennianus]
657 2310 786 2346 incert.
812 2310 939 2345 libror.
960 2309 1081 2345 XXIII
1100 2322 1134 2356 p.
1158 2314 1224 2346 177
1247 2310 1355 2345 Vahl.
1376 2311 1428 2355 113
1454 2309 1587 2344 Accius
1612 2309 1651 2344 in
1671 2309 1846 2357 Bacchis]

132 2357 265 2403 fragm.
293 2358 379 2392 XIII
405 2370 439 2403 p.
468 2362 535 2393 169
562 2357 671 2394 Ribb.
692 2360 704 2404 ΙΙ
734 2363 756 2393 4
780 2358 818 2393 in
843 2357 995 2404 iisdem]
1021 2357 1155 2403 fragm.
1182 2357 1269 2393 VIII
1295 2370 1329 2403 p.
1358 2361 1425 2393 168
1452 2358 1557 2392 Ribb.
1580 2359 1591 2403 ΙΙ
1617 2362 1636 2392 5
1662 2356 1846 2393 Pacuvius

133 2405 318 2452 Antiopa]
345 2404 478 2452 fragm.
498 2405 567 2440 XII
587 2418 621 2451 p.
645 2410 688 2441 79
711 2405 818 2441 Ribb.
838 2407 850 2451 ss
872 2409 915 2440 10
942 2407 1066 2441 tamen
1088 2406 1279 2441 sciendum
1301 2434 1309 2442 .
1325 2431 1333 2439 .
1347 2431 1354 2439 .
1379 2405 1538 2451 carpito]
1566 2406 1610 2441 cf.
1632 2404 1674 2441 R.
1697 2405 1846 2441 Schoell

133 2453 206 2498 leg.
231 2453 300 2487 XII
326 2453 402 2489 tab.
428 2454 494 2489 rel.
520 2466 556 2499 p.
584 2457 652 2488 154
677 2455 689 2500 ΙΙ
719 2457 765 2488 23
792 2453 987 2500 Horatius]
1015 2454 1082 2488 sat.
1110 2453 1126 2488 I
1153 2457 1185 2497 2,
1213 2457 1257 2488 98

236 2588 254 2619 1
282 2583 540 2619 florulentulos
566 2583 690 2620 ASH
704 2585 717 2630 ΙΙ
736 2595 914 2620 enmanus
940 2593 1059 2619 sermo
1087 2583 1128 2619 F
1142 2585 1154 2630 ΙΙ
1174 2588 1194 2620 2
1221 2584 1337 2620 flavos
1363 2585 1517 2620 Daniel:
1543 2584 1697 2620 fluuium
1723 2584 1771 2620 F.
1798 2597 1848 2620 an

136 2631 253 2668 flavos
280 2630 392 2666 crinis
413 2635 430 2666 ‘1‘
448 2632 461 2678 ΙΙ
479 2631 588 2667 flores
614 2631 664 2675 F,
690 2643 782 2668 corr.
802 2631 942 2667 Daniel
958 2633 971 2677 ss
990 2635 1011 2666 3
1036 2642 1185 2668 rosaeos
1212 2631 1252 2667 F
1267 2633 1279 2679 ΙΙ
1300 2632 1432 2668 Accius
1452 2632 1604 2667 Daniel:
1632 2632 1750 2667 aceiui
1776 2633 1816 2667 F
1837 2632 1848 2679 ΙΙ

138 2678 296 2714 Bacchis
330 2678 586 2714 Comma-inus:
619 2678 863 2714 bacchidibus
890 2678 931 2714 F
964 2680 976 2725 ΙΙ
1013 2683 1035 2714 4
1070 2678 1176 2715 uideo
1208 2682 1247 2715 et
1277 2681 1565 2726 proeessuacent
1590 2680 1630 2714 F
1670 2680 1779 2714 video
1810 2683 1849 2715 et

138 2725 305 2771 processi
331 2726 456 2761 iacent
473 2725 613 2762 Daniel
650 2725 760 2762 video
787 2728 829 2762 ut
853 2728 892 2762 et
915 2726 1072 2772 propexi
1096 2727 1222 2763 iacent
1241 2727 1491 2763 Commelinus.
1530 2727 1626 2771 quod
1650 2727 1734 2762 dedi
1758 2727 1847 2762 Rib-

138 2774 252 2810 beckii
277 2776 337 2809 est.
376 2773 486 2808 viden
514 2774 554 2808 ut
584 2773 762 2809 Vsenerus
786 2785 845 2819 ap.
871 2774 981 2809 Ribb.
1008 2775 1128 2811 coroll.
1148 2786 1189 2821 p.
1215 2774 1295 2809 LIV
1315 2776 1328 2820 ΙΙ
1355 2774 1500 2809 hisdem
1527 2773 1568 2808 F
1583 2776 1594 2820 ΙΙ
1614 2774 1668 2820 et]
1696 2773 1730 2809 ei
1756 2774 1846 2810 Rib-

139 2822 283 2857 beckius
309 2822 321 2866 ΙΙ
352 2820 492 2866 laguna
518 2820 568 2865 F,
594 2832 685 2857 corr.
711 2821 851 2856 Daniel
874 2822 886 2867 ΙΙ
916 2821 1008 2856 floro
1036 2821 1076 2856 F
1110 2822 1224 2858 florea
1250 2823 1456 2858 Masvicius
1491 2821 1583 2856 flora
1608 2821 1812 2858 Scriverius
1837 2822 1847 2869 Η

138 2873 159 2905 6
184 2867 388 2915 disperdite
415 2867 455 2903 F
490 2868 695 2921 dispergite
720 2867 849 2904 Deli-io
887 2868 1100 2914 dispendite
1125 2870 1345 2906 Ribbeckius
1372 2871 1384 2915 Η
1417 2874 1434 2903 7
1462 2880 1615 2904 LANIATA
1640 2881 1752 2904 emus
1780 2897 1788 2905 .
1810 2898 1845 2906 ..

136 2927 346 3000 3253&
366 2915 883 3010 5155150¹ffl¹1zzsanss⁰ffss51
901 2927 967 2998 Ἥ·
985 2916 1182 3010 ἕῗὲἳέθῗὲἒῖ
1206 2917 1375 3010 ἱὲἔῑὲἓῖ
1384 2916 1752 3009 aestimatio&
1767 2917 1849 2999 slus

138 3012 293 3056 carpent
316 3011 440 3046 facere
466 3011 509 3046 H
524 3012 537 3056 ΙΙ
564 3014 614 3045 12-
632 3009 672 3045 in
696 3009 757 3063 his
782 3011 905 3045 uerbis
931 3010 1020 3046 RH
1034 3012 1047 3057 ΙΙ
1078 3016 1122 3047 14
1147 3012 1312 3048 infelicia
1338 3011 1410 3046 AS
1433 3012 1540 3055 (corr.
1560 3012 1597 3057 a)
1616 3012 1629 3057 ΙΙ
1650 3015 1693 3047 15
1719 3012 1846 3057 despe-

138 3059 212 3094 rati
236 3058 273 3093 R
310 3057 523 3104 desperanti
548 3058 591 3092 H
607 3059 618 3104 ΙΙ
640 3062 682 3093 16
709 3056 868 3104 ahquid]
896 3057 942 3093 ad
969 3058 1059 3102 quid
1079 3061 1114 3094 A
1133 3061 1145 3105 ΙΙ
1166 3064 1208 3095 19
1236 3071 1402 3094 eumcum
1423 3058 1463 3093 F
1477 3060 1490 3104 ss
1510 3070 1553 3093 ex
1577 3061 1702 3094 aetate
1729 3058 1849 3094 mouit

138 3106 273 3151 pathos
300 3134 308 3141 .
330 3134 337 3142 .
361 3133 369 3141 .
396 3117 520 3141 senem
546 3106 628 3140 hab.
653 3105 715 3150 Tu
742 3108 787 3140 20
813 3115 901 3150 rege
928 3105 967 3140 F
983 3107 994 3152 ΙΙ
1014 3119 1050 3141 m
1075 3119 1201 3142 monvu
1226 3118 1388 3142 nvnvmm
1415 3107 1450 3140 A
1476 3107 1581 3151 (corr.
1609 3107 1646 3151 a)
1665 3108 1676 3152 ΙΙ
1697 3110 1740 3141 21
1769 3118 1847 3140 mu-

140 3152 350 3188 nicionibus
370 3153 443 3189 AS
478 3152 748 3188 munitionibus
769 3152 828 3196 H,
853 3163 919 3188 om.
936 3152 977 3187 F
991 3154 1003 3200 ΙΙ
1023 3154 1060 3189 et
1085 3165 1151 3190 om.
1168 3154 1209 3189 F
1224 3155 1235 3200 ΙΙ
1254 3158 1298 3188 22
1325 3153 1390 3188 ille
1411 3153 1535 3198 puluis
1556 3153 1596 3187 F
1612 3155 1623 3200 ΙΙ
1653 3158 1696 3188 23
1718 3153 1846 3197 etiam]

139 3200 254 3235 etiam
280 3201 318 3236 et
345 3200 393 3246 F,
418 3201 517 3246 apud
542 3199 718 3236 Plautum
743 3199 790 3234 de
816 3200 954 3235 mundo
986 3201 1183 3237 mulierum
1209 3202 1293 3237 add.
1314 3201 1515 3236 Fabricius
1533 3202 1544 3246 ΙΙ
1564 3205 1609 3235 24
1635 3199 1791 3236 cinifens
1813 3200 1847 3235 A

139 3247 336 3283 ciniferens
362 3248 390 3283 S
427 3247 592 3283 ciniflens
618 3247 706 3282 RH
729 3249 742 3293 u
773 3251 817 3282 26
844 3258 888 3282 ex
914 3259 1072 3292 quorum
1099 3249 1140 3284 F

211 3313 310 3339 Servii
330 3321 436 3339 comm.
455 3314 523 3340 Vol.
542 3314 583 3340 11.
604 3314 692 3339 Fasc.
711 3313 753 3339 ΙΙ.
1517 3311 1559 3341 41

1866 675 1887 705 5

1871 1033 1914 1063 10

1871 1749 1917 1779 20

1872 2107 1917 2138 25
