2092 3614
535 238 685 275 COMM.
712 239 765 275 IN
791 238 933 275 VERG.
961 238 1075 275 AEN.
1101 239 1134 274 X
1163 242 1360 276 181—189.
1682 243 1685 247 ·
1717 237 1803 279 411

218 350 314 392 184.
362 360 502 391 PYRGI
534 360 743 392 VETERES
775 348 858 391 hoe
889 348 1117 391 castellum
1149 347 1468 391 nobilissimum
1501 348 1585 391 fuit
1615 363 1665 391 eo
1697 350 1806 391 tem-

96 436 201 477 pore
244 436 328 476 quo
367 420 496 464 Tusci
532 421 761 476 piraticam
800 422 1097 476 exercuerunt3
1140 434 1243 461 nam
1280 420 1369 461 illic
1407 420 1660 476 metropolis
1704 419 1806 462 fuit:

95 494 205 547 quod
229 496 376 546 postea
410 496 689 548 expuynatum
726 506 753 534 a
783 491 988 547 Dionysio
1026 495 1204 546 tyranno
1235 491 1406 534 Siciliae
1441 493 1609 547 dieitur,
1649 493 1698 534 de
1727 505 1807 546 quo

96 564 286 607 Lucilius
327 568 491 608 scorta
529 564 818 619 Pyryensia.
944 574 1366 614 INTEMPESTAEQVE
1405 575 1663 606 GRAV1soAE
1701 562 1805 605 Gra-

98 636 323 679 viscanum
356 636 562 692 oppidum
593 636 669 678 alii
701 636 1011 691 intempestum
1044 634 1192 677 dicunt
1221 634 1363 676 ventis
1396 638 1440 676 et
1469 635 1805 689 tempestatibus

98 723 268 751 carens:
301 708 416 764 quod
440 708 560 750 nulla
584 710 729 763 potest
753 707 922 750 ratione
949 707 1212 763 contingere.
1261 705 1545 761 intempestas
1572 720 1674 762 ergo
1702 705 1806 748 Gra-

98 780 238 823 viscas
271 780 504 835 accipimus
536 779 790 835 pestilentes
823 778 1056 821 secundum
1088 777 1278 820 Plinium
1315 777 1361 819 in
1391 778 1584 819 naturali
1623 777 1808 820 historia

96 854 140 893 et
170 850 382 894 Catonem
415 851 461 893 in
493 851 751 907 originibus,
793 852 842 892 ut
878 850 1163 905 intempestas
1202 849 1432 905 intellegas
1465 849 1556 892 sine
1588 849 1808 904 temperie,

96 924 140 966 id
174 925 239 966 est
269 923 607 978 tranquillitate:
647 938 749 965 nam
788 924 837 964 ut
869 922 931 964 ait
963 919 1091 977 Cato,
1130 921 1227 963 ideo
1261 919 1493 963 Graviscae
1526 920 1664 963 dietae
1697 923 1810 976 sunt,

98 996 212 1051 quod
244 1008 419 1050 gravem
453 1008 595 1036 aerem
628 994 855 1035 sustinent.

220 1066 315 1109 185.
366 1083 431 1108 Lm
440 1083 486 1109 VR
495 1082 549 1108 VM
573 1082 722 1108 Dreroa
751 1078 852 1107 nam
877 1064 1055 1119 Liyuria
1077 1067 1169 1117 post
1197 1064 1392 1106 Tusciam
1416 1067 1490 1118 est,
1522 1065 1632 1106 eirca
1653 1062 1811 1106 Gallos.

222 1139 316 1181 186.
367 1154 522 1180 CVNARE
550 1137 720 1191 quidam
751 1137 846 1178 duci
875 1150 1023 1178 nomen
1053 1137 1197 1177 datum
1224 1137 1397 1178 tradunt
1419 1150 1447 1178 a
1472 1134 1640 1178 Cunaro
1666 1139 1811 1187 monle,

98 1211 171 1264 qui
195 1211 241 1252 in
267 1210 418 1252 Piceno
443 1211 510 1251 est.
604 1219 789 1251 GVPAVO
817 1223 841 1250 o
869 1207 1065 1262 Cupavo:
1098 1209 1142 1249 et
1175 1207 1418 1250 declinatur
1445 1206 1669 1262 ‘Oupavo’,
1702 1207 1812 1250 sicut

101 1280 283 1323 ‘Cicero’
317 1280 470 1325 ‘Cato’-

222 1353 319 1396 189.
354 1363 548 1402 NAMQVE
568 1363 754 1394 EERVNT
775 1364 927 1394 Lvo'rv
949 1363 1139 1395 CYCNVM
1160 1363 1493 1394 PHAETHONTIS
1514 1363 1657 1393 AMATI
1677 1351 1812 1393 Phae-

101 1424 207 1466 thon
240 1422 467 1479 Clymenes
499 1426 542 1465 et
575 1422 686 1466 Solis
718 1424 835 1466 filius
868 1423 963 1466 fuit.
1027 1423 1099 1478 qui
1128 1418 1235 1465 cum
1274 1423 1441 1465 doleret
1479 1423 1697 1465 obiectum
1730 1423 1814 1466 sibi

102 1494 156 1536 ab
183 1495 388 1550 Epapho,
419 1508 520 1551 rege
543 1495 749 1551 Aegypti,
782 1495 895 1550 quod
928 1497 1044 1537 esset
1069 1509 1157 1536 non
1182 1495 1233 1536 de
1261 1493 1377 1550 Sole,
1410 1494 1484 1537 sed
1517 1494 1568 1537 de
1601 1494 1814 1537 adulterio

102 1568 373 1622 procreatus,
405 1567 509 1609 duce
542 1572 679 1609 matre
706 1567 824 1608 venit
850 1566 902 1608 ad
929 1565 1072 1609 Solem
1101 1568 1145 1607 et
1176 1566 1395 1622 poposcit,
1427 1568 1475 1608 ut
1506 1567 1542 1608 si
1575 1581 1673 1609 vere
1700 1569 1815 1609 esset

103 1637 194 1680 eius
226 1637 359 1690 filius,
393 1638 578 1694 petenda
609 1640 864 1693 praestaret.
927 1637 1041 1694 quod
1072 1652 1168 1680 cum
1201 1636 1275 1680 Sol
1307 1638 1496 1680 iurasset
1526 1653 1604 1693 per
1635 1637 1814 1694 Stygem

103 1708 304 1764 paludem
337 1725 382 1752 se
415 1725 507 1752 esse
539 1711 775 1765 facturum,
812 1710 925 1764 petit
961 1709 1036 1751 ille
1076 1711 1123 1751 ut
1161 1709 1251 1751 eius
1290 1723 1439 1751 currus
1479 1709 1679 1765 agitaret.
1741 1709 1815 1752 Sol

103 1783 205 1836 post
235 1781 530 1824 iusiurandum
560 1795 720 1837 negare
751 1796 839 1824 non
869 1781 1025 1836 potuit.
1070 1781 1256 1836 acceptis
1281 1781 1428 1836 itaque
1456 1781 1651 1823 curribus
1678 1781 1814 1823 Phae-

105 1852 231 1908 thon,
263 1868 360 1895 cum
387 1853 575 1896 orbitam
601 1853 707 1895 solis
734 1853 911 1907 exisset,
943 1854 987 1894 et
1013 1853 1227 1908 coepisset
1251 1852 1436 1894 mundus
1464 1852 1631 1907 ardere,
1664 1868 1690 1894 a
1715 1852 1815 1895 Iove

104 1923 358 1967 fulminatus
390 1925 435 1966 in
466 1924 705 1980 Eridanum
738 1924 906 1979 cecidit,
940 1924 1012 1980 qui
1045 1926 1088 1965 et
1118 1923 1262 1966 Padus
1294 1926 1485 1968 vocatur.
1547 1924 1675 1966 huius
1706 1924 1815 1966 inte·

105 1995 238 2038 ritum
268 1997 421 2039 flentes
455 2011 640 2052 sorores,
672 1995 924 2038 Phaethusa
950 1998 993 2037 et
1018 1994 1299 2050 Lampetusa,
1331 1995 1508 2038 deorum
1539 1996 1816 2038 miseratione

106 2067 151 2108 in
184 2067 360 2110 arbores
393 2070 682 2110 commutatae
715 2069 832 2122 sunt,
869 2069 918 2109 ut
948 2067 1019 2109 hic
1051 2066 1173 2121 dicit,
1210 2067 1256 2109 in
1287 2068 1490 2123 populos,
1528 2070 1577 2109 ut
1613 2067 1659 2109 in
1688 2068 1815 2110 buco-

106 2138 201 2180 licis
235 2138 327 2194 <VI
354 2139 458 2194 63>,
490 2139 536 2181 in
568 2140 704 2182 alnos.
762 2138 847 2181 fuit
878 2138 1008 2180 etiam
1039 2138 1209 2192 quidam
1242 2138 1395 2194 Ligus,
1427 2137 1600 2194 Cycnus
1632 2139 1817 2194 nomine,

107 2210 315 2253 dulcedine
345 2215 490 2254 cantus
520 2211 571 2254 ab
602 2211 798 2265 Apolline
828 2211 1021 2265 donatus,
1054 2212 1222 2252 amator
1253 2209 1552 2252 Phaethontis.
1615 2210 1688 2265 qui
1720 2225 1817 2252 cum

204 2344 227 2375 4
251 2339 433 2385 Lucilius]
462 2340 548 2377 libr.
575 2340 645 2376 inc.
671 2340 806 2386 fragm.
833 2337 966 2374 CXVII
991 2350 1050 2385 ap.
1075 2338 1204 2375 Muell.
1230 2351 1266 2384 p.
1294 2342 1361 2374 153
1398 2340 1411 2384 u
1448 2344 1469 2375 9
1497 2338 1606 2386 Cato]
1634 2350 1684 2374 or.
1711 2338 1747 2372 II
1772 2342 1818 2374 20

109 2387 220 2433 Iord.‚
234 2392 279 2423 46
293 2387 369 2424 Pet.
389 2390 401 2434 ΙΙ
428 2391 471 2423 15
490 2387 687 2424 Phaethon
707 2416 714 2424 .
731 2416 762 2424 ..
784 2388 822 2423 in
842 2387 963 2434 alnos]
986 2398 1100 2423 exser.
1121 2387 1309 2432 mythogr.
1323 2387 1357 2421 II
1372 2390 1428 2423 57.
1457 2387 1818 2432 cf.mythogr.1118

207 2511 227 2541 3
254 2505 422 2551 dyomsio
448 2506 497 2551 F,
523 2517 614 2543 corr.
640 2507 781 2543 Daniel
798 2507 810 2552 ΙΙ
834 2516 909 2551 qua
934 2505 976 2541 F
991 2507 1003 2551 ΙΙ
1028 2509 1051 2540 4
1075 2505 1275 2551 pyrgentia
1300 2506 1439 2541 Daniel
1456 2506 1469 2551 ΙΙ
1487 2506 1593 2542 schol.
1621 2506 1670 2542 ad
1695 2519 1818 2541 mmm-

111 2566 315 2593 PESTAEQVE
341 2567 374 2589 a.
401 2565 467 2590 om.
494 2554 535 2589 F
550 2556 562 2601 ΙΙ
592 2559 611 2590 7
638 2553 867 2600 accipiamus
892 2553 965 2589 AS
974 2554 1023 2588 M
1039 2555 1050 2600 ss
1071 2553 1274 2589 secundum
1297 2553 1477 2600 Plinium]
1503 2554 1598 2589 nihil
1622 2554 1665 2589 de
1689 2554 1757 2590 hac
1781 2565 1820 2589 re

114 2602 268 2637 Plinius
291 2602 396 2637 habet
414 2603 426 2646 ΙΙ
455 2606 475 2636 9
502 2601 540 2637 id
566 2603 623 2637 est
647 2602 686 2637 in
710 2600 987 2646 tranquillitate
1014 2602 1062 2635 M
1079 2602 1091 2646 ΙΙ
1115 2602 1158 2636 ut
1182 2601 1237 2636 ait
1263 2600 1354 2637 Cato
1380 2612 1446 2637 om.
1474 2601 1548 2647 Ml
1537 2602 1548 2648 ΙΙ
1568 2601 1637 2648 ait]
1664 2600 1719 2636 ita
1743 2601 1789 2636 H
1809 2601 1818 2647 l

115 2654 156 2684 11
184 2661 343 2684 mavum
370 2676 378 2683 .
399 2676 407 2684 .
430 2676 436 2683 .
465 2651 522 2685 est
546 2650 626 2685 hab.
655 2650 704 2684 M
720 2651 732 2696 ΙΙ
760 2660 847 2684 nam
872 2660 938 2685 om.
966 2649 1015 2683 M
1040 2649 1139 2694 (add.
1165 2650 1247 2702 ⁷12)ss
1277 2648 1452 2684 Tusciam
1480 2648 1735 2688 Oonzmelinus.
1762 2649 1819 2683 tu-

114 2696 192 2732 scia
220 2697 268 2731 M
276 2695 317 2731 F
322 2697 343 2750 j!
377 2699 419 2730 12
447 2697 496 2732 ad
521 2708 645 2731 omne
670 2708 697 2732 s.
723 2708 755 2733 v.
782 2707 806 2731 a
830 2696 957 2731 monte
984 2695 1111 2741 cinyro
1137 2696 1202 2740 qui
1228 2698 1284 2732 est
1307 2696 1347 2731 in
1371 2696 1504 2741 piceno
1530 2696 1585 2731 ita
1608 2696 1820 2741 appellatus

114 2745 179 2780 sed
204 2744 395 2790 proprium
422 2745 481 2778 est
505 2744 649 2788 cupabo
677 2744 710 2778 T
731 2745 744 2789 ΙΙ
775 2756 888 2778 GYCNE
914 2743 1057 2779 Cunare
1083 2743 1231 2779 Daniel.
1270 2745 1316 2788 cf.
1342 2743 1532 2780 Ribbeck-ii
1556 2744 1746 2779 adnotatio
1771 2744 1821 2779 ad

114 2804 146 2828 v.
175 2796 242 2828 186
269 2793 281 2838 ΙΙ
315 2795 357 2826 13
383 2791 442 2826 est
466 2801 532 2826 om.
559 2791 728 2836 Danieli}
756 2802 777 2826 0
804 2802 947 2835 cupauo
973 2790 1052 2825 AL
1088 2790 1160 2826 hoc
1187 2802 1331 2836 cupauo
1357 2791 1386 2826 S
1423 2792 1614 2837 occupabo
1639 2791 1727 2826 RH
1758 2790 1821 2825 hic

117 2851 188 2885 cup
191 2839 262 2875 abo
290 2839 339 2874 M
375 2838 436 2873 hic
462 2849 607 2883 cupauo
627 2838 667 2872 F
682 2839 695 2884 ΙΙ
714 2839 752 2873 et
776 2841 808 2873 et
834 2837 986 2882 Cupavo
1012 2849 1077 2873 om.
1100 2838 1150 2873 M
1155 2838 1195 2873 F
1210 2840 1223 2884 ΙΙ
1242 2837 1320 2884 Cup
1322 2850 1392 2874 avo
1418 2863 1427 2874 .
1512 2839 1585 2874 fuit
1609 2838 1673 2883 qui
1698 2850 1764 2874 om.
1784 2838 1820 2873 L

117 2888 216 2932 (add.
243 2888 269 2931 l)
301 2888 313 2932 ss
350 2884 448 2921 sicut
480 2887 518 2921 et
549 2886 668 2921 cicero
694 2886 733 2921 et
757 2887 841 2920 cato
867 2885 939 2920 AS
976 2884 1075 2921 sicut
1099 2887 1183 2922 cato
1208 2887 1270 2921 uel
1296 2885 1416 2921 cicero
1443 2867 1546 2921 MF
1561 2887 1574 2931 ΙΙ
1613 2890 1655 2921 15
1680 2886 1821 2932 pheton

116 2934 257 2970 ASHl
299 2934 466 2979 phoeton
491 2933 528 2968 R
570 2934 695 2969 facton
722 2933 772 2967 M
809 2933 912 2967 feton
939 2931 979 2967 F
1011 2934 1023 2980 ΙΙ
1062 2937 1104 2969 16
1131 2933 1306 2969 elimenes
1332 2933 1406 2969 AS
1441 2933 1611 2969 climines
1637 2934 1725 2968 RH
1758 2933 1820 2969 cli-

116 2981 234 3017 menis
262 2982 310 3016 M
317 2981 357 3016 F
392 2981 557 3016 dimenes
584 2982 610 3017 l·
620 2982 632 3028 ΙΙ
662 2979 736 3015 fuit
760 2991 825 3015 om
854 2979 945 3015 MF
969 2981 981 3024 ΙΙ
1014 2984 1055 3016 19
1082 2980 1201 3026 petita
1228 2982 1276 3016 M
1283 2981 1322 3015 F
1342 2982 1356 3027 11
1386 2980 1535 3026 stigiem
1562 2980 1635 3016 AS
1659 2983 1764 3025 (corr.
1789 2982 1820 3023 s)

118 3029 214 3074 stige
235 3029 269 3062 L
306 3031 411 3074 styge
432 3029 472 3063 F
488 3030 500 3075 ΙΙ
518 3032 564 3063 20
591 3038 671 3064 sese
691 3028 876 3063 facturum
896 3027 940 3061 H
954 3029 966 3071 ΙΙ
983 3031 1029 3062 21
1054 3029 1142 3073 post
1166 3027 1365 3063 iurandum
1384 3029 1457 3064 AS
1473 3030 1485 3075 ΙΙ
1504 3032 1549 3063 22
1575 3040 1656 3064 cum
1685 3028 1821 3064 exisset

117 3075 277 3111 orbitam
303 3076 392 3111 solis
418 3076 510 3111 MF
526 3077 538 3122 ΙΙ
558 3075 776 3112 excessisset
800 3074 936 3110 ASRl
952 3075 965 3119 ΙΙ
989 3076 1156 3121 coeperit
1182 3076 1252 3111 AS
1270 3077 1282 3121 ΙΙ
1310 3080 1353 3110 23
1382 3077 1421 3111 et
1444 3087 1511 3111 om.
1540 3076 1588 3110 M
1596 3075 1635 3110 F
1651 3077 1662 3120 ΙΙ
1687 3079 1732 3109 24
1758 3074 1819 3109 fle-

117 3124 202 3158 tusa
227 3123 315 3158 libri
333 3127 481 3168 praeter
506 3124 569 3168 M,
601 3125 666 3169 qui
696 3123 842 3158 faetusa
872 3122 1011 3158 exhibet
1047 3124 1059 3169 ΙΙ
1095 3122 1308 3168 lampatusa
1332 3122 1406 3158 AS
1445 3122 1614 3169 lampesa
1639 3123 1673 3156 L
1712 3122 1820 3167 (lam—

119 3171 255 3214 petusa
279 3171 306 3214 l)
344 3170 556 3215 iampetusa
581 3171 626 3206 M
662 3170 880 3215 lampedusa
903 3170 1077 3216 mythoyr.
1098 3171 1208 3206 codeae
1226 3171 1238 3216 ΙΙ
1257 3173 1301 3205 25
1328 3169 1351 3205 i.
1372 3182 1405 3207 a.
1427 3171 1592 3206 mutatae
1618 3182 1645 3205 s.
1667 3169 1821 3205 deorum

120 3217 358 3253 miseratione
384 3219 432 3252 M
440 3218 480 3253 F
502 3220 514 3264 ΙΙ
546 3222 591 3254 26
617 3218 768 3263 quidam
794 3218 876 3254 hab.
905 3217 952 3252 M
976 3218 988 3263 ΙΙ
1016 3217 1145 3263 cignus
1170 3217 1351 3254 ARLM
1356 3217 1396 3252 F
1430 3218 1555 3254 cicnus
1580 3217 1609 3253 S

1810 1000 1882 1030 -10

1842 1358 1884 1390 15

1841 1717 1886 1748 20

1842 2074 1887 2106 25
