2092 3614
530 223 679 259 COMM.
707 223 759 260 IN
784 222 928 259 VERG.
957 221 1065 260 AEN.
1093 222 1144 257 XI
1170 226 1369 258 774—805.
1717 221 1805 264 565

218 334 315 377 788.
363 344 522 376 MVLTA
555 344 708 376 PRVNA
749 332 795 375 in
835 347 984 388 pruna.
1046 331 1213 387 ‘pruna'
1256 334 1401 374 autem
1439 331 1644 387 quamdiu
1685 331 1807 372 ardet

97 405 271 447 dicitur:
304 404 511 447 Horatius
543 407 864 459 praetextam
899 406 948 445 et
979 404 1142 444 latum
1175 404 1374 445 clavum
1401 418 1695 459 prunaeque
1720 404 1805 446 ba-

97 477 294 520 tillum:
322 492 418 519 cum
446 479 589 518 autem
619 476 808 518 extincta
833 475 975 530 fuerit,
1001 475 1132 518 carbo
1158 474 1426 517 nominatur:
1452 475 1677 517 Terentius
1702 477 1806 516 tam

98 550 360 590 excoctam
393 550 546 602 atque
579 549 742 588 atram
768 546 997 600 reddam,
1026 561 1171 601 quam
1199 547 1353 589 carbo
1381 549 1476 590 est:
1507 562 1609 588 nam
1636 545 1805 601 ‘pruna’

98 635 123 661 a
155 619 394 674 perurendo
427 619 544 662 dicta
576 620 654 661 est.
1833 625 1854 668 5

219 691 314 732 790.
363 701 563 733 Exvles
589 700 830 732 PVLSAEVE
857 700 1106 731 TROPAEVM
1136 690 1308 731 exuvias
1337 690 1515 746 occisae,
1546 691 1695 744 pulsae
1721 692 1808 732 tro-

98 776 265 817 paeum.
328 764 371 804 et
407 761 599 817 proprie:
642 776 766 815 nam,
809 763 858 802 ut
896 775 1026 815 supra
1058 760 1127 815 <X
1163 761 1276 815 775>
1317 761 1522 816 diximus,
1566 762 1616 803 de
1656 761 1808 804 occisis

101 833 301 875 hostibus
333 833 676 888 triumphabant,
709 832 759 874 de
792 832 927 887 pulsis
958 832 1152 888 figebant
1182 834 1375 887 tropaea.

132 951 134 953 ,
219 904 317 948 795.
365 915 554 946 PARTEM
598 907 755 946 MENTE
792 916 938 946 DEDIT
975 915 1161 946 PARTEM
1199 915 1440 947 VOLVCRES
1480 915 1722 946 Disi‘ERSIT
1761 916 1809 945 IN

98 988 246 1020 AVRAS
277 977 392 1019 bona
423 976 662 1019 moderatio
694 976 914 1031 Apollinis
947 975 1060 1018 inter
1092 976 1328 1018 sacerdotis
1358 989 1506 1031 preces
1539 979 1582 1017 et
1612 976 1809 1017 volunta-
1836 983 1880 1014 10

99 1052 186 1091 tem
221 1048 394 1091 sororis.

219 1120 318 1163 801.
366 1131 500 1161 NIHIL
536 1134 637 1162 non.
758 1130 915 1169 NEQVE
954 1130 1102 1161 AVRAs
1140 1130 1232 1161 NEC
1269 1130 1466 1162 somrvs
1499 1129 1666 1160 MEMOR
1703 1117 1809 1159 haec

100 1194 166 1233 est
210 1191 390 1246 antiqua
433 1191 582 1246 lectio,
627 1205 812 1245 namque
856 1189 971 1245 apud
1013 1189 1195 1231 maiores
1237 1189 1493 1231 trahebatur
1529 1189 1745 1231 interdum
1783 1204 1810 1230 a

101 1263 264 1306 Graeco
304 1262 530 1318 genetivus
570 1261 819 1318 singularis
881 1261 981 1303 hinc
1014 1264 1080 1303 est
1112 1264 1155 1302 et
1187 1260 1531 1316 ‘paterfamilias’
1564 1263 1606 1302 et
1639 1259 1809 1302 ‘mater-

98 1333 319 1390 familias',
357 1349 464 1389 quae
502 1333 587 1375 duo
624 1335 796 1375 tantum
833 1332 1012 1375 nomina
1050 1335 1368 1375 remanserunt:
1411 1347 1512 1375 nam
1550 1346 1629 1375 nec
1666 1331 1809 1373 ‘huius
1840 1340 1882 1372 15

102 1405 244 1448 auras'
279 1405 478 1460 dicimus,
514 1419 590 1446 1160
624 1404 768 1446 ‘huius
802 1403 1036 1459 custodias'
1070 1404 1303 1453 secundum
1337 1402 1608 1458 Sallustium,
1645 1403 1719 1459 qui
1751 1404 1813 1445 ait

100 1478 323 1523 castella
354 1476 619 1519 custodias
653 1475 1014 1519 thesaurorum
1042 1491 1122 1530 pro
1150 1474 1421 1517 ‘custodiae’2
1452 1475 1514 1517 ita
1540 1475 1653 1517 enim
1681 1475 1811 1516 etiam

103 1550 241 1604 Asper
274 1549 506 1604 intellegit,
545 1548 647 1590 licet
679 1547 754 1589 alii
787 1546 1035 1606 ‘custodias'
1069 1546 1362 1590 accusativum
1394 1546 1540 1589 velint.
1586 1561 1689 1588 sane
1722 1545 1813 1601 ‘pa-

100 1618 374 1663 terfamilias'
400 1622 438 1661 et
462 1617 813 1672 ‘materfamilias’
840 1619 1012 1674 quando
1040 1619 1232 1670 dicimus,
1262 1617 1482 1660 ‘familias’
1509 1617 1812 1660 indeclinabile

102 1693 178 1734 est.
241 1690 277 1732 si
311 1692 455 1731 autem
488 1688 627 1744 ‘pater
657 1688 864 1732 familiae'
899 1689 1040 1731 dicere
1072 1689 1352 1742 voluerimus,
1390 1689 1478 1731 iam
1507 1704 1596 1732 11011
1627 1690 1711 1731 erit
1741 1704 1813 1731 no-
1839 1699 1884 1730 20

101 1777 219 1817 men,
259 1761 331 1803 sed
368 1761 548 1814 locutio,
587 1763 630 1803 et
668 1760 888 1802 ‘familiae'
928 1761 1011 1803 erit
1049 1761 1238 1816 dativus3
1282 1776 1383 1802 nam
1423 1760 1561 1816 ‘pater
1593 1761 1698 1802 mihi
1732 1759 1812 1802 est'

102 1834 302 1876 dicimus:
335 1832 563 1874 Terentius
590 1834 775 1875 natura
806 1835 857 1874 tu
886 1832 967 1874 illi
993 1834 1142 1887 pater
1168 1847 1237 1884 es,
1269 1832 1510 1875 consiliis
1538 1846 1642 1888 ego.
1687 1833 1814 1874 multi

102 1908 248 1947 tamen
288 1904 439 1946 volunt
476 1902 521 1944 in
559 1918 737 1946 numero
771 1903 929 1958 plurali
960 1917 1119 1945 nomen
1150 1906 1378 1959 utrumque
1411 1903 1636 1959 declinari,
1676 1906 1723 1946 ut
1756 1904 1813 1945 di·

103 1992 248 2019 camus
282 1975 348 2017 ehi
382 1976 526 2030 patres
559 1974 764 2030 familiae,
796 1974 950 2018 horum
983 1976 1156 2029 patrum
1189 1974 1479 2018 familiarum'.

224 2048 322 2090 803.
373 2058 610 2088 PAP1L12AM
650 2058 872 2088 EXERTAM
916 2046 1088 2088 nudam.
1151 2060 1253 2088 sane
1295 2045 1519 2089 ‘mamilla’
1565 2050 1630 2088 est
1673 2048 1812 2089 omnis
1840 2056 1885 2087 25

105 2119 339 2162 eminentia
370 2118 527 2172 uberis,
560 2117 755 2173 ‘papilla'
788 2133 888 2160 vero
922 2118 1050 2160 breve
1082 2117 1203 2172 illud,
1235 2117 1346 2160 unde
1377 2119 1444 2159 lac
1476 2117 1675 2160 trahitur.

224 2189 322 2233 805.
372 2201 591 2232 DOMINAM
636 2190 850 2245 reginam,
894 2191 942 2230 ut
987 2188 1080 2244 <VI
1118 2189 1235 2243 397>
1281 2189 1333 2231 hi
1377 2189 1630 2232 dominam
1675 2189 1813 2233 Ditis

103 2262 334 2304 thalamo
367 2261 615 2303 deducere
648 2260 831 2303 adorti.

204 2408 219 2437 1
246 2413 366 2448 pruna,
392 2431 399 2437 .
421 2429 428 2436 .
487 2401 588 2436 dicta
613 2401 685 2447 est]
715 2412 828 2436 exscr.
855 2400 942 2436 Isid.
969 2413 1019 2437 or
1049 2401 1131 2436 XIX
1156 2406 1188 2443 6
1210 2406 1229 2437 7
1249 2404 1260 2447 ΙΙ
1280 2406 1300 2436 2
1327 2402 1521 2447 Horatius]
1549 2404 1618 2436 sat.
1648 2403 1659 2436 1
1682 2407 1714 2445 5,
1734 2407 1779 2438 36
1805 2403 1815 2445 l]

105 2456 126 2485 3
152 2450 363 2503 Terentius]
389 2430 547 2493 Adelph.
581 2450 607 2483 V
635 2453 667 2492 3,
695 2452 770 2494 6311
795 2453 835 2484 16
862 2449 1062 2484 secuudum
1091 2449 1328 2495 Sallustium}
1356 2449 1442 2484 hist.
1472 2449 1584 2484 11135
1604 2449 1660 2493 D„
1686 2454 1730 2485 42
1754 2451 1813 2484 Kr.

106 2499 151 2533 cf.
180 2499 231 2533 Ch
236 2496 318 2532 1·.1116
346 2510 380 2542 p.
410 2501 488 2539 107,
516 2501 535 2531 9
557 2508 635 2542 sqq.
659 2476 706 2531 Κ.
733 2498 744 2543 ΙΙ
777 2500 819 2531 21
846 2496 1057 2543 Terentius]
1087 2497 1242 2542 Adelph.
1270 2497 1284 2531 Ι
1311 2502 1344 2542 2,
1363 2501 1408 2532 46
1439 2499 1450 2543 ΙΙ
1481 2501 1526 2532 25
1553 2479 1720 2532 immina
1746 2526 1754 2535 .
1777 2526 1784 2533 .
1807 2523 1815 2532 .

106 2545 283 2591 trahitur]
311 2556 425 2580 exscr.
453 2544 539 2580 Isid.
567 2555 617 2579 or.
644 2543 694 2578 XI
725 2551 754 2588 l,
778 2547 833 2580 75.
873 2544 917 2580 cf.
945 2544 1022 2579 diff.
1050 2545 1148 2580 verb.
1176 2549 1243 2580 372

204 2678 221 2709 1
254 2674 351 2709 inter
381 2685 501 2718 pruna
527 2674 598 2709 AS
640 2674 738 2709 inter
769 2686 926 2719 prunam
955 2675 1019 2717 M,
1052 2675 1090 2710 et
1122 2675 1321 2711 carbonem
1353 2675 1423 2709 hoc
1456 2675 1609 2710 interest
1635 2676 1771 2710 addens
1805 2675 1817 2722 Η

107 2727 127 2758 2
156 2723 350 2768 praetexta
371 2721 455 2756 HF
471 2722 483 2766 ΙΙ
502 2722 541 2756 et
565 2732 632 2756 om.
649 2721 720 2767 ΗΙΙ
739 2721 911 2756 uatillum
941 2721 1053 2757 ASR
1090 2722 1252 2758 batilum
1279 2723 1442 2766 ΗΜΙΙ
1437 2725 1489 2766 113
1516 2723 1611 2768 tam]
1638 2734 1699 2767 qu
1690 2735 1750 2758 1111
1777 2724 1817 2757 II

106 2782 193 2805 nam
223 2769 259 2803 Ι
282 2770 293 2815 ΙΙ
324 2772 346 2803 4
372 2771 541 2803 exactam
568 2768 636 2815 Fu
667 2769 794 2815 atque]
821 2769 900 2804 tam
926 2769 1041 2804 ASR
1066 2771 1078 2815 ΙΙ
1108 2771 1159 2805 acl
1184 2783 1342 2806 nunncvs
1369 2771 1414 2814 (v.
1443 2771 1524 2814 789)
1552 2771 1652 2814 quod
1678 2771 1817 2805 femina

106 2817 393 2863 pei-sequeretur
419 2816 518 2850 uiros
550 2816 580 2850 Τ
597 2817 648 2862 116
676 2817 827 2851 exuvias
855 2844 861 2851 .
884 2845 891 2852 .
949 2819 1144 2862 tropaeum
1169 2829 1236 2853 om.
1256 2819 1329 2853 AS
1348 2819 1359 2864 ΙΙ
1381 2822 1399 2853 7
1427 2819 1466 2852 et
1491 2817 1655 2863 proprie]
1683 2819 1721 2853 et
1746 2817 1814 2852 im—

108 2864 256 2911 proprie
283 2864 331 2907 R,
357 2874 423 2898 om
451 2863 491 2897 F
507 2866 518 2908 ΙΙ
545 2864 589 2898 (16
615 2875 682 2899 om.
709 2864 806 2898 HM
824 2865 837 2908 ΙΙ
862 2867 884 2899 8
910 2845 955 2899 de
982 2830 1114 2911 piilsis]
1143 2865 1278 2901 defee
1260 2878 1299 2900 is
1329 2866 1369 2899 II
1394 2866 1468 2910 (sed
1495 2866 1647 2901 alterum
1674 2878 1692 2900 e
1719 2877 1815 2900 man.

108 2924 176 2948 1·.66
197 2913 239 2947 in
256 2917 343 2953 ras.)
371 2910 558 2956 defugatis
580 2911 759 2966 Guelferb.
769 2911 829 2967 ²Il]
852 2915 891 2945 11
919 2912 1071 2958 sororis]
1099 2913 1156 2947 est
1178 2914 1304 2947 autem
1330 2913 1471 2948 homeri
1493 2916 1621 2948 orante
1649 2914 1817 2976 patroclo

111 2959 246 2995 achille
272 2960 337 3005 (Il.
362 2958 448 2993 XVI
475 2961 559 3003 249)
585 2954 634 2998 ὣς
667 2957 763 3001 ἔφαιτ
813 2955 1017 3002 ευχόμενος
1045 2989 1051 2996 .
1115 2956 1271 3005 ,μάχης
1302 2958 1342 3002 ἐξ
1370 2957 1605 2995 movissem
1631 2961 1706 2995 add
1743 2960 1817 2995 D
1806 2974 1817 3005 1

111 3012 153 3042 12
181 3019 278 3041 1111111
305 3017 378 3041 11011
399 3010 483 3051 post
508 3008 655 3051 patrum
682 3005 908 3040 familiarum
935 3006 1013 3051 (lin.
1034 3007 1095 3052 24)
1120 3009 1201 3043 hab.
1223 3007 1263 3042 F
1279 3009 1290 3054 ΙΙ
1319 3011 1362 3042 13
1389 3009 1446 3042 est
1470 3019 1536 3043 om.
1559 3007 1598 3042 1
1614 3010 1625 3053 ΙΙ
1644 3008 1815 3053 antiqua]

109 3066 199 3090 uera
223 3054 259 3088 R
278 3055 290 3099 ΙΙ
309 3065 393 3088 nam
420 3054 455 3087 A
465 3054 492 3088 S
511 3054 522 3099 ΙΙ
552 3057 593 3088 17
621 3065 681 3088 cu.-
677 3053 810 3106 todiae
836 3052 877 3087 F
893 3054 904 3099 ΙΙ
925 3057 968 3088 18
995 3066 1061 3099 pio
1087 3054 1257 3090 custodia
1282 3052 1352 3099 ΗΙΙ
1374 3059 1415 3089 19
1442 3055 1590 3099 quando
1617 3082 1624 3088 .
1647 3083 1653 3089 .
1714 3055 1815 3090 sami-

110 3102 179 3138 lias
205 3113 270 3136 om..
297 3101 369 3135 AS
399 3102 412 3146 Ι]
442 3105 487 3136 20
513 3101 670 3135 dicimus
697 3099 772 3134 iam
799 3100 839 3135 1
863 3102 875 3146 ΙΙ
906 3100 1098 3145 eloquutio
1126 3102 1197 3137 As
1235 3102 1397 3138 elocutio
1427 3101 1523 3137 MF
1549 3104 1560 3148 ΙΙ
1592 3106 1635 3136 22
1663 3102 1719 3136 tui
1745 3101 1784 3135 F
1806 3103 1817 3147 ³]

110 3153 154 3185 23
181 3149 283 3184 dicas
309 3148 345 3183 R
363 3149 375 3195 ΙΙ
399 3152 444 3183 26
470 3149 598 3193 breue]
626 3148 722 3182 unde
749 3148 802 3192 H,
829 3159 894 3183 om.
916 3148 991 3194 ΜΙΙ
1015 3153 1059 3184 27
1086 3151 1136 3185 ad
1162 3161 1334 3184 1111111111,
1359 3160 1386 3184 s.
1410 3161 1441 3184 υ.
1468 3149 1624 3184 festinae
1652 3150 1716 3183 aut
1742 3160 1815 3183 me—

112 3198 258 3231 tuentes
287 3195 319 3230 T
334 3196 348 3241 11
372 3196 555 3242 reginam]
583 3196 751 3231 ruentem
780 3196 829 3230 M
845 3197 857 3242 ΙΙ
884 3195 1024 3231 domini
1051 3196 1092 3230 F

1461 3256 1534 3291 37*
