2092 3614
554 257 704 295 COMM.
731 257 782 293 IN
809 257 951 293 vaae.
978 231 1089 292 AEN.
1116 257 1165 292 XI
1194 259 1393 291 567—584.
1747 252 1832 294 547

127 384 233 412 vam
275 369 586 423 compaqibus
628 369 806 411 alvum.
921 383 1052 414 EQVAE
1086 369 1223 408 autem
1259 382 1418 408 MAMMIS
1453 382 1504 408 ΕΤ
1538 380 1661 407 mora
1695 380 1838 405 Ffflmvo

127 441 178 483 ἓν
209 437 283 482 διὰ
317 441 459 483 δυοῖν.

247 511 347 554 572.
397 528 596 555 ΝνΤΕῙΒΑΤ
622 511 794 564 quidam
823 524 923 552 nove
952 510 1106 552 dictum
1136 509 1357 562 accipiant.

246 583 345 626 573.
395 594 611 626 VESTIGIA
634 593 830 624 PLANTIS
857 592 1138 624 msrrrERA'r
1166 581 1294 635 signa
1318 579 1475 634 pedum
1501 579 1651 634 primis
1678 577 1837 633 plantis

129 658 417 710 expresserat:
450 669 551 696 nam
582 653 690 695 haee
723 655 823 694 sunt
854 652 1050 707 vestigia,
1082 651 1293 706 imagines
1325 651 1494 705 pedum,
1525 652 1575 691 ut
1606 648 1837 704 <111244>
1866 658 1886 687 5

130 741 375 769 semesam
408 724 648 780 praedam
681 726 730 766 et
761 723 988 779 vestigia
1019 722 1168 765 foeda
1199 722 1516 777 relinquunt.

248 798 347 840 574.
396 794 577 839 PALMAS
610 807 847 838 ONERAVIT
887 810 994 837 onus
1034 794 1148 836 enim
1186 795 1253 835 est
1292 792 1493 848 quicquid
1528 793 1686 834 teneris
1718 793 1838 846 inpo-

130 869 248 911 nitur
282 869 491 911 manibus.

247 940 347 984 576.
398 957 559 983 cmiv-AM
585 956 690 982 AVao
725 953 804 992 quo
840 939 972 980 crines
1008 938 1253 992 inliyantur.
1391 948 1480 979 PRO
1512 946 1700 978 LONGAE
1731 946 1839 976 TEG-

129 1024 245 1055 MINE
277 1023 456 1054 PALLAE
495 1010 615 1066 palla
651 1010 824 1065 proprie
864 1012 931 1052 est
970 1009 1193 1051 muliebris
1232 1008 1366 1051 vestis
1406 1008 1588 1050 deducta
1619 1021 1754 1062 usque
1787 1006 1840 1048 ad
1869 1015 1911 1045 10

129 1082 333 1139 vestigia,
375 1082 486 1124 unde
537 1081 598 1124 ait
641 1080 861 1137 ‘longae'x
915 1081 975 1122 sic
1026 1095 1157 1135 supra
1196 1079 1394 1135 <1648>
1439 1079 1629 1134 pallam
1673 1077 1840 1133 signis

130 1168 354 1209 auroque
384 1154 649 1209 rigentem.

251 1226 350 1267 577.
400 1242 423 1267 A
466 1241 625 1267 VERTIGE
654 1240 836 1266 PENDENT
863 1227 1046 1278 tempora
1069 1224 1269 1266 variavit:
1294 1237 1395 1265 nam
1420 1224 1467 1265 cle
1485 1195 1716 1276 praeterito·
1732 1222 1842 1264 dicit.

252 1297 351 1339 580
402 1306 799 1345 STRYMONIAMQVE
819 1306 980 1338 GRVEM
1000 1294 1241 1349 Thraciam,
1269 1310 1294 1337 a
1313 1295 1444 1336 fluvio
1466 1292 1705 1349 Strymone.
1738 1307 1841 1335 sane

132 1368 352 1410 sciendum
382 1382 511 1422 posse
544 1367 628 1408 dici
661 1369 705 1408 et
737 1365 837 1407 ‘hic’
870 1369 914 1408 et
945 1365 1066 1409 ‘haee
1099 1366 1231 1422 grus’,
1264 1369 1307 1408 et
1338 1365 1439 1408 ‘hic'
1473 1369 1516 1407 et
1548 1365 1669 1407 ‘haec
1696 1364 1842 1420 gruis’.
1872 1372 1914 1403 15

249 1450 439 1482 OLOREM
471 1438 605 1480 latine
635 1437 700 1496 ita
730 1437 930 1479 dicimus:
964 1452 1063 1479 nam
1098 1438 1218 1492 cycni
1251 1451 1402 1493 graece
1435 1437 1648 1478 dicuntur.

247 1511 346 1554 581.
395 1522 584 1552 MVLTAE
617 1521 763 1551 ILLAM
795 1520 1005 1551 FRVSTRA
1039 1511 1271 1564 antequam
1302 1523 1394 1550 rem
1427 1508 1599 1563 diceret,
1630 1507 1842 1563 praeiudi-

129 1583 257 1639 cavit3
298 1583 359 1624 sic
392 1580 626 1624 Sallustius
665 1581 802 1623 falso
842 1580 1080 1635 queritur
1118 1581 1175 1622 de
1212 1583 1399 1623 natura
1438 1595 1528 1622 sua
1560 1593 1720 1634 genus
1752 1579 1845 1621 hu-

130 1669 347 1709 manum3
378 1669 479 1695 nam
513 1655 743 1708 antequam
777 1651 937 1693 diceret
970 1650 1210 1707 ‘queritur'7
1242 1651 1350 1694 dixit
1383 1650 1536 1695 ‘falso'.
1659 1662 1843 1693 MATRES

129 1727 244 1769 inter
276 1729 458 1768 matrem
491 1728 534 1767 et
565 1724 937 1766 matremfamilias
975 1723 1058 1765 1100
1090 1724 1282 1779 interest,
1315 1724 1427 1779 quod
1462 1726 1599 1765 mater
1631 1725 1698 1765 est
1723 1738 1843 1778 prae·
1870 1731 1916 1761 ‘20

130 1801 197 1840 ter
229 1798 351 1840 illam
385 1796 748 1853 significationem
782 1810 889 1850 quae
922 1797 987 1837 est
1020 1795 1074 1837 ad
1107 1795 1282 1850 aliquid,
1315 1810 1424 1851 quae
1450 1797 1620 1837 tantum
1647 1795 1846 1837 convenit

130 1870 174 1911 in
214 1868 555 1923 matrimonium3
595 1867 924 1910 materfamilias
962 1881 1064 1909 vero
1102 1866 1179 1908 illa
1217 1866 1373 1908 dicitur
1406 1880 1513 1921 quae
1544 1866 1589 1908 in
1621 1866 1844 1907 matrimo-

131 1943 251 1983 nium
283 1940 486 1982 convenit
518 1955 594 1995 per
627 1938 963 1994 coemptionem:
995 1953 1097 1979 nam
1129 1952 1203 1992 per
1235 1936 1450 1993 quandam
1484 1937 1589 1978 iuris
1623 1937 1842 1979 sollemni-

90 2022 98 2029 ·
131 2015 265 2054 tatem
302 2013 347 2054 in
385 2011 599 2053 familiam
638 2011 799 2066 migrat
830 2010 988 2052 mariti.
1050 2012 1088 2051 et
1116 2009 1181 2051 hic
1211 2010 1384 2061 ostendit
1412 2010 1578 2050 dicendo
1612 2008 1845 2063 ‘Tyrrhena

124 2099 203 2138 per
233 2082 398 2138 oppida'
431 2083 539 2136 quod
567 2083 691 2124 etiam
725 2081 858 2124 Volsci
887 2083 933 2123 in
968 2081 1193 2123 Tuscorum
1222 2081 1383 2134 fhcerint
1405 2083 1611 2135 potestate.
1867 2091 1912 2121 25

253 2155 351 2197 583.
402 2165 658 2203 AETERNVM
695 2154 742 2195 id
777 2155 836 2194 est
866 2154 1056 2194 aeterne:
1093 2167 1194 2194 nam
1227 2166 1385 2194 nomen
1418 2154 1486 2194 est
1516 2166 1595 2206 pro
1629 2152 1845 2194 adverbio.

252 2226 351 2268 584.
401 2242 650 2268 INTEMERATA
685 2242 795 2267 cour
818 2224 1031 2280 inviolata,
1056 2225 1319 2278 incorrupta:
1352 2222 1598 2265 ‘temeratae'
1625 2225 1734 2266 enim
1759 2225 1845 2277 qui-

133 2299 206 2340 bus
235 2299 297 2340 vis
328 2297 462 2339 allata
491 2299 560 2339 est.

228 2419 251 2450 4
277 2414 384 2460 signa
410 2414 543 2459 pedum
572 2442 579 2449 .
603 2441 610 2448 .
634 2441 640 2448 .
667 2413 820 2459 pedum]
848 2413 893 2447 cf.
920 2412 1006 2448 Isid.
1035 2424 1085 2448 or.
1112 2412 1179 2447 XV
1201 2417 1255 2456 16,
1281 2417 1322 2447 13
1341 2413 1353 2458 ΙΙ
1375 2417 1418 2447 10
1443 2412 1548 2458 palla
1575 2441 1581 2447 .
1605 2441 1611 2447 .
1634 2441 1641 2449 .
1668 2412 1843 2458 vestigia]

134 2462 292 2589 fgstlssg
313 2474 390 2555 purg
399 2462 485 2545 1ξῖὶὲ
511 2465 568 2506 25,
588 2466 608 2496 2
628 2463 641 2507 ΙΙ
662 2465 705 2496 16
730 2461 848 2496 latine
877 2489 884 2496 .
906 2489 915 2497 .
938 2488 945 2495 .
972 2461 1163 2507 dicuntur]
1191 2461 1235 2496 ef.
1263 2459 1347 2495 Isid.
1377 2472 1427 2495 or.
1456 2460 1524 2495 XII
1547 2465 1577 2505 7,
1601 2464 1643 2495 18
1663 2463 1675 2506 ΙΙ
1695 2464 1739 2496 18
1766 2459 1847 2501 θεὼ

231 2621 251 2651 2
277 2586 492 2661 hendiadyn
517 2616 558 2651 F
590 2616 804 2662 hendyadin
831 2616 864 2652 G
883 2618 895 2662 ΙΙ
919 2621 942 2651 4
967 2618 1016 2652 ad
1041 2628 1245 2651 msnrmwr
1269 2627 1296 2652 s.
1323 2627 1355 2651 v.
1383 2617 1619 2661 expresserat
1643 2616 1722 2651 siue
1747 2618 1845 2651 stare

135 2665 275 2712 fecerat
304 2665 335 2698 T
352 2666 364 2710 ΙΙ
393 2668 414 2698 5
441 2664 549 2710 haec]
576 2674 619 2698 ec
644 2664 687 2698 H
721 2674 765 2700 eo
792 2664 832 2698 F
848 2665 860 2711 ΙΙ
890 2676 975 2699 nam
1001 2664 1162 2709 vestigia
1187 2665 1275 2698 sunt
1299 2664 1482 2708 imagines
1508 2664 1646 2709 pedum
1671 2663 1811 2699 Daniel
1835 2663 1846 2709 Η

137 2717 157 2747 6
185 2723 222 2747 se
250 2708 414 2746 mensam
442 2711 508 2756 Fu
542 2715 560 2746 7
589 2711 769 2756 quidquid
795 2712 883 2746 ΗΓ
899 2714 910 2757 ΙΙ
944 2716 964 2746 9
992 2713 1041 2746 acl
1067 2724 1131 2746 vno
1157 2724 1188 2747 c.
1214 2723 1247 2747 A.
1274 2722 1302 2747 s.
1327 2723 1358 2747 v.
1387 2709 1525 2746 crinale
1551 2722 1683 2745 aurum
1708 2711 1845 2745 dieitur

137 2771 209 2804 quo
236 2759 354 2794 crines
380 2758 575 2804 illigantur
604 2759 636 2792 T
653 2761 665 2804 ΙΙ
699 2762 740 2792 11
768 2759 866 2794 sicut
891 2760 930 2793 F
947 2761 958 2805 ΙΙ
992 2763 1035 2793 14
1060 2758 1272 2804 Strymone]
1301 2758 1518 2794 strimoniae
1544 2759 1580 2792 R
1618 2758 1845 2803 styitmonae

136 2807 181 2842 H
196 2809 208 2854 ss
231 2810 272 2842 15
298 2806 403 2852 grus]
430 2806 530 2851 gruis
549 2806 594 2840 H
627 2817 757 2850 graum
777 2806 817 2840 F
832 2808 844 2852 ΙΙ
864 2808 901 2841 et
926 2807 988 2841 hic
1014 2808 1052 2841 et
1077 2807 1168 2841 haee
1194 2806 1312 2852 gruis]
1341 2817 1406 2843 om
1427 2806 1541 2849 HM,
1568 2807 1606 2841 et
1630 2806 1691 2840 1110
1712 2808 1750 2841 et
1774 2804 1845 2840 hae

137 2865 246 2900 grues
273 2855 319 2889 F.
359 2855 405 2898 cf.
431 2853 533 2888 Neue
559 2852 744 2890 Foonenl
771 2853 822 2887 11²
843 2855 1004 2898 1118011
1036 2858 1077 2888 16
1105 2866 1246 2889 ommam
1271 2866 1310 2889 ..s
1338 2855 1373 2889 A
1412 2864 1547 2888 ononos
1574 2853 1610 2888 R
1649 2866 1780 2888 ormms
1806 2853 1851 2887 H

138 2915 269 2937 omnus
295 2901 345 2936 M
359 2903 371 2947 ΙΙ
390 2900 490 2945 cigni
516 2900 630 2936 ASR
669 2900 765 2935 cicni
791 2901 836 2935 H
868 2901 980 2946 cygni
1006 2901 1055 2935 M
1062 2901 1098 2936 h
1113 2902 1125 2948 ΙΙ
1144 2912 1275 2947 graece
1302 2913 1367 2936 om.
1391 2901 1431 2935 F
1445 2903 1458 2946 ΙΙ
1488 2905 1529 2936 17
1557 2912 1610 2946 pr
1603 2901 1844 2946 teiudicavit]

138 2950 241 2995 prius
267 2951 366 2984 enim
393 2948 486 2992 (eius
506 2949 658 2992 Daniel)
685 2947 849 2982 ostendit
874 2949 1050 2983 euentum
1070 2949 1110 2983 F
1125 2951 1137 2994 ΙΙ
1158 2953 1202 2985 18
1228 2949 1281 2983 sic
1299 2960 1365 2984 om.
1381 2950 1453 2983 AS
1472 2950 1483 2994 [Ι
1502 2953 1548 2983 20
1570 2948 1670 2983 iuter
1688 2950 1844 2983 matrem

139 2998 178 3032 et
202 2999 359 3032 matrem
385 2995 612 3031 familiarum
639 2994 731 3040 quid
756 2994 903 3030 intersit
933 2996 1100 3041 superius
1126 2998 1223 3042 (476)
1250 2995 1462 3041 plenissime
1488 2997 1677 3031 narratum
1703 2998 1770 3031 est.
1810 2998 1847 3029 et

139 3044 200 3079 hic
221 3043 411 3079 ostendit.
450 3044 675 3088 ..potestate
706 3043 809 3077 inter
823 3044 980 3078 matrem
1003 3046 1040 3078 et
1059 3043 1382 3097 matremfamilias
1403 3044 1474 3078 1100
1492 3044 1647 3078 interest
1666 3055 1693 3078 e.
1707 3055 1738 3088 q
1753 3054 1780 3078 3.
1797 3042 1843 3076 F.

142 3092 321 3127 Serviana
346 3102 420 3126 mm
428 3071 560 3126 'edidit
581 3091 729 3125 Daniel.
768 3090 814 3133 cf.
835 3091 884 3125 ad
902 3102 933 3126 v.
954 3095 1022 3126 476
1042 3093 1054 3136 ΙΙ
1072 3092 1186 3136 quod]
1214 3090 1304 3136 quia
1323 3090 1362 3124 F
1378 3091 1390 3136 ΙΙ
1417 3091 1581 3137 praeter]
1609 3093 1760 3135 propter
1778 3090 1819 3124 F
1834 3091 1845 3135 Η

142 3143 186 3174 22
213 3138 537 3174 matremfamilias
562 3149 651 3173 uero
678 3137 746 3172 illa
770 3147 864 3182 quae
890 3137 1028 3173 dicitur
1052 3151 1079 3174 e.
1106 3152 1138 3184 q.
1164 3150 1191 3173 s.
1220 3138 1260 3173 F
1287 3139 1301 3183 H
1336 3142 1383 3172 24
1408 3139 1458 3174 ad
1483 3150 1667 3173 TYRRHENA
1694 3150 1722 3171 P.
1751 3149 1782 3170 o.
1810 3137 1853 3171 Mj

143 3198 167 3223 s.
193 3198 225 3222 v.
253 3186 352 3231 quod
377 3185 469 3221 dicit
499 3187 678 3230 tyrrhena
710 3195 776 3229 per
808 3185 948 3230 oppida
980 3186 1141 3221 ostendit
1165 3186 1264 3231 quod
1292 3214 1298 3221 .
1323 3213 1330 3220 .
1352 3214 1360 3221 .
1386 3187 1574 3230 potestate
1599 3185 1752 3219 fuerunt
1780 3184 1812 3218 T
1835 3184 1846 3230 Η

142 3237 187 3269 25
206 3233 325 3269 uulsei
339 3233 378 3268 F
394 3235 407 3280 1}
426 3238 470 3269 26
491 3234 642 3268 aeterno
657 3231 706 3275 F,
724 3233 786 3267 sed
799 3233 973 3275 consulto,
992 3237 1033 3269 ut
1046 3234 1201 3277 videtur,
1217 3234 1365 3268 Servius
1379 3234 1528 3268 aeterne
1542 3233 1689 3276 scripsit
1707 3234 1718 3276 ΙΙ
1738 3236 1782 3268 27
1797 3234 1846 3268 ad

214 3299 313 3326 Servii
332 3306 440 3325 comm.
459 3298 531 3326 Vol.
550 3299 592 3325 11.
613 3299 703 3324 Fasc.
723 3298 766 3324 II.
1516 3296 1560 3326 36
