2092 3614
328 266 416 309 200
675 309 678 312 ,
1058 269 1061 270 ’
1101 270 1263 307 SERVII

325 377 467 430 furore
496 390 708 422 succensus
737 379 888 422 maluit
916 380 1002 434 ipse
1031 380 1187 434 efficere
1216 394 1342 435 quam
1365 382 1519 439 iubere,
1549 387 1597 427 nt
1620 398 1756 428 omnes
1764 386 2036 441 abrumperet

327 462 489 491 moras:
520 452 596 492 ant
624 450 741 504 quia,
772 452 878 494 sieut
901 452 1056 494 dictum
1080 455 1154 508 est,
1179 452 1378 509 Latinas,
1410 455 1476 497 cni
1504 456 1582 498 soli
1611 456 1845 511 imperandi
1874 458 1946 501 hoc
1970 460 2036 501 ins

329 524 434 572 erat,
471 520 727 565 abstinuerat
761 526 799 565 et
827 537 962 579 nemo,
999 524 1071 566 illo
1108 524 1347 581 abstinente,
1382 526 1563 580 parebat.
1627 528 1796 571 Turnus
1826 544 1917 584 erqo
1947 531 2036 573 ioleo

327 591 452 635 huius
487 594 599 636 modi
635 594 818 649 officiam
855 596 1055 649 arripnit,
1098 597 1214 650 qnia,
1257 597 1332 639 etsi
1372 598 1455 651 ipse
1490 612 1575 641 non
1611 600 1855 654 imperabat,
1900 604 2036 644 tamen

281 676 302 708 5
319 664 533 719 prohiberi
562 680 647 708 non
670 670 842 720 poterat.
899 666 1035 708 ‘belli’
1069 670 1213 710 autem
1245 668 1449 724 ‘signum'
1483 671 1744 726 generaliter
1776 671 1902 727 dixit,
1935 687 2035 715 nam

328 735 467 779 multa
505 739 623 779 sunt:
662 738 736 780 sed
767 738 971 781 vexillum
1004 738 1239 794 significat,
1278 740 1392 795 quod
1424 743 1490 783 est
1519 743 1708 784 tractum
1741 759 1766 784 a
1797 743 1882 786 veli
1913 744 2035 786 dimi-

326 807 525 863 nutione,
563 811 612 851 ut
644 808 808 851 ‘velum
840 809 1077 852 vexillum'.
1182 829 1255 860 ,ΑΒ
1284 829 1384 855 ARcE
1419 814 1617 867 qnoniam
1646 815 1838 857 vexillam
1869 816 1916 857 in
1946 829 2038 858 arce

319 880 426 933 poni
455 880 623 932 solebat,
654 882 763 935 qnod
790 884 890 924 esset
919 882 1120 935 specimen
1150 883 1343 937 imperati
1373 885 1581 929 exercitae.
1677 880 1681 882 ’

446 952 485 994 2.
537 948 873 995 STRE‘PVERVNT
907 964 1095 996 CORNVA
1127 969 1236 1009 quae
1269 955 1398 997 simul
1430 957 1662 1013 sonabant,
1697 960 1746 1000 ut
1777 957 1888 1013 <VII
1921 958 2036 1014 615>

259 1034 303 1066 10
329 1038 581 1079 aereaque
613 1025 836 1067 adsensu
869 1026 1175 1081 conspirant
1206 1041 1398 1069 cornua
1428 1043 1592 1071 rauco.

448 1095 487 1137 3.
536 1106 694 1146 vrqvn
725 1106 859 1139 Acms
893 1107 1145 1140 concvssrr
1177 1110 1326 1150 EQvos
1358 1099 1440 1142 hoc
1473 1100 1525 1142 ad
1558 1100 1722 1155 equites
1753 1102 1953 1157 pertinet.
2002 1105 2040 1144 et

326 1169 468 1208 utrum
498 1165 571 1209 hoc
600 1167 802 1222 epitheton
832 1182 1028 1222 equorum
1053 1173 1293 1225 perpetuum
1323 1174 1398 1223 est,
1429 1185 1487 1213 an
1517 1172 1615 1213 dnm
1646 1173 1960 1215 concutiuntur?

327 1250 484 1291 VTQVE
510 1251 707 1283 IMPVLIT
733 1251 862 1282 ARMA
893 1239 977 1284 hoc
1009 1240 1063 1283 ad
1094 1241 1273 1296 pedites.
1323 1244 1389 1284 est
1421 1244 1565 1285 autem
1599 1258 1836 1287 sacrorum:
1868 1259 1968 1287 nam
2000 1245 2037 1287 is

329 1310 402 1367 qui
427 1310 533 1353 belli
558 1314 810 1367 susceperat
835 1327 1000 1369 curam,
1033 1313 1269 1355 sacrarium
1289 1312 1442 1356 Martis
1469 1313 1689 1370 ingressus
1715 1315 1856 1370 primo
1884 1316 2039 1359 ancilia

260 1399 302 1430 15
330 1383 650 1439 commovebat,
694 1385 797 1439 post
833 1384 1007 1428 hastam
1047 1384 1267 1427 simulacri
1304 1372 1460 1442 ipsius,
1503 1386 1647 1429 dicens
1693 1386 1831 1430 ‘Mars
1873 1387 2038 1444 vigila'.

328 1455 498 1510 quidam
528 1468 628 1498 sane
657 1469 753 1499 snos
782 1470 903 1510 equos
927 1459 965 1499 ct
987 1470 1066 1499 sna
1090 1470 1212 1499 arma
1236 1457 1284 1499 de
1305 1457 1446 1500 Turno
1479 1460 1664 1512 tractant,
1695 1459 1845 1503 seilicet
1873 1463 1921 1502 nt
1945 1463 2039 1503 cete-

329 1528 391 1570 ris
420 1530 520 1570 esset
549 1527 790 1581 exemplum.

448 1598 488 1640 4.
539 1610 795 1641 EXTEMPLO
834 1601 910 1642 aut
948 1599 1108 1642 subito:
1150 1602 1224 1642 aut
1260 1614 1306 1642 re
1339 1614 1439 1643 vera
1472 1615 1522 1643 ex
1553 1601 1647 1656 ipso
1680 1603 1863 1658 templo,
1902 1603 1945 1644 id
1977 1605 2043 1645 est

330 1671 432 1732 pqst
475 1669 622 1713 divina
666 1685 787 1713 arma
832 1673 1057 1714 commota.
1180 1683 1403 1715 TVMVLTV
1447 1684 1651 1716 TREPIDO
1698 1673 1875 1716 festino:
1922 1689 2041 1717 more

259 1758 305 1789 20
332 1757 421 1785 suo.
477 1755 562 1785 non
592 1743 702 1785 enim
735 1743 875 1785 timere
902 1746 1093 1797 poterant
1121 1744 1193 1798 qai
1214 1744 1404 1798 pericula
1434 1744 1664 1798 innyebant.

450 1813 490 1857 5.
541 1824 776 1857 CONIVRAT
813 1816 920 1857 nota
958 1815 1009 1857 de
1041 1829 1087 1857 re
1118 1815 1234 1858 bona
1265 1815 1607 1868 cqniurationem
1639 1816 1721 1859 dici
1757 1824 1902 1872 posse:
1927 1815 2041 1860 ⁴nam

331 1885 574 1928 coniuratio
605 1885 696 1929 τῶν
722 1884 871 1941 μέσων
904 1888 981 1930 est.
1085 1898 1317 1930 IVVENTVS
1342 1899 1526 1929 EFFERA
1558 1888 1737 1931 efferata
1767 1903 1843 1944 per
1873 1888 2042 1945 furiam,

330 1960 377 1999 nt
409 1955 524 2012 <VII
556 1956 672 2012 340>
705 1971 847 1999 arma
876 1958 996 2000 velit
1017 1961 1287 2012 poscatque
1315 1959 1476 2002 simul.

451 2029 491 2071 6.
540 2045 656 2072 parm
693 2032 835 2072 citrum
875 2030 1033 2085 ordine,
1075 2043 1134 2072 an
1172 2030 1400 2085 diynitate?
1521 2041 1754 2093 MEssAva
1793 2032 1853 2074 m
1891 2043 2041 2075 vrnns

262 2115 306 2147 25
332 2100 448 2143 bona
479 2100 632 2143 electio
664 2115 947 2157 personarum
981 2101 1033 2143 ad
1065 2101 1270 2144 dilectum
1300 2100 1565 2144 habendum:
1597 2117 1707 2145 unus
1735 2118 1863 2159 eques
1890 2104 2040 2160 bonus,

331 2171 375 2213 id
407 2173 474 2215 est
504 2170 748 2228 Messapus,
782 2172 987 2227 mittitur,
1019 2160 1128 2215 alter
1159 2173 1289 2228 pedes
1323 2174 1536 2229 egregius.

453 2243 492 2286 7.
542 2236 954 2295 CONTEMPTORQVE
986 2256 1119 2287 DEVM
1149 2256 1414 2287 MEZENTIVS
1451 2244 1544 2300 quis
1578 2245 1690 2287 enim
1721 2245 1877 2289 iustius
1911 2262 2040 2302 quam

334 2315 567 2370 sacrilegus
599 2317 750 2358 contra
779 2315 874 2371 pios
907 2318 950 2357 et
979 2317 1260 2371 praepararet
1291 2316 1451 2359 bellum
1483 2318 1526 2358 et
1558 2317 1755 2372 gereret?

454 2387 493 2429 8.
540 2397 753 2429 VASTANT
781 2398 1068 2430 CVLTORIBVS
1103 2386 1352 2430 abducendo
1378 2388 1564 2430 cultores
1596 2390 1743 2431 vastos
1776 2390 1819 2430 et
1851 2388 2041 2432 desertos

430 2520 451 2551 6
478 2515 544 2550 sed
569 2515 748 2551 vexillum
775 2544 783 2551 .
805 2543 812 2551 .
834 2544 842 2552 .
870 2516 1066 2563 vexillum]
1094 2515 1140 2551 ef.
1166 2515 1252 2552 Isid.
1280 2526 1331 2551 or.
1356 2515 1476 2552 XVIII
1496 2520 1529 2560 3,
1550 2520 1571 2552 5

430 2638 451 2669 2
477 2634 534 2669 ius
560 2635 659 2669 serat
687 2633 720 2669 G
739 2635 751 2680 ΙΙ
777 2639 797 2670 6
824 2634 888 2670 sed
914 2645 980 2670 om.
1001 2634 1046 2669 H
1059 2635 1072 2680 ΙΙ
1089 2633 1269 2670 uexillum
1294 2645 1338 2671 ex
1362 2634 1500 2670 uexilla
1526 2635 1554 2670 S
1571 2636 1584 2682 ΙΙ
1603 2635 1693 2681 ueli]
1721 2635 1812 2671 belli
1836 2636 1876 2670 F
1891 2637 1904 2681 Η
1933 2640 1952 2671 7
1979 2648 2040 2672 ue-

334 2682 428 2728 lum]
462 2680 603 2717 bellum
631 2680 672 2716 F
700 2682 711 2727 ΙΙ
749 2682 798 2717 acl
822 2693 868 2716 AB
894 2694 984 2717 Anci:
1009 2683 1051 2717 in
1075 2693 1188 2728 mary.
1215 2682 1300 2718 ideo
1331 2681 1511 2718 uexillum
1542 2682 1581 2718 in
1607 2693 1690 2718 arce
1715 2683 1806 2728 poni
1832 2684 1978 2719 solebat
2002 2685 2044 2719 ut

336 2732 435 2766 esset
456 2730 670 2775 spectamen
689 2729 768 2774 (sic)
788 2728 965 2774 imperati
984 2730 1167 2765 exereitus
1191 2730 1225 2765 T
1241 2731 1253 2777 Ι]
1272 2733 1293 2764 8
1315 2729 1518 2777 specimen]
1546 2731 1708 2776 speciem
1729 2732 1784 2766 est
1804 2731 1838 2767 G
1856 2732 1868 2778 ΙΙ
1887 2735 1907 2767 9
1929 2731 2042 2778 quae]

337 2777 402 2823 qui
428 2776 457 2814 S
489 2778 503 2822 11
542 2779 585 2812 10
610 2776 741 2822 rauc'o]
774 2775 1012 2821 Thucydides
1040 2777 1087 2822 (V
1115 2778 1173 2823 70)
1200 2777 1255 2813 ait
1278 2777 1592 2814 Lacedaemonios
1622 2790 1697 2813 non
1728 2789 1903 2814 cornuum
1934 2778 2042 2814 tuba—

336 2836 466 2861 rumve
492 2824 604 2860 cantu
630 2823 696 2859 sed
719 2822 898 2859 tibiarum
913 2835 1017 2888 rusos.
1057 2824 1240 2860 Homerus
1267 2825 1332 2871 (Il.
1353 2825 1406 2860 III
1421 2827 1466 2880 β).
1487 2826 1532 2861 de
1552 2825 1711 2861 Achaeis
1738 2824 1774 2881 o‘i
1799 2821 1836 2861 δ’
1865 2822 1927 2871 ἄρ’
1955 2826 2041 2861 ἴσαν

337 2884 451 2965 tlt„
472 2870 1494 2965 1ἶῦἒὲῄῗέῃξῖξὶφῗῗἶένξθξὲξὲΐέῃὲῗῖἶὲῗέἓε03ῗέίί
1519 2873 2042 2965 ZZffarfssbssfflsszeffdffll

336 2968 398 3003 tur
427 2966 461 3001 Τ
487 2968 499 3013 ΙΙ
537 2970 581 3001 12
608 2978 655 3002 an
680 2966 836 3002 Daniel:
868 2977 938 3002 con
963 2966 1003 3000 F
1030 2967 1042 3011 11
1081 2970 1123 3001 13
1149 2967 1311 3014 pedites]
1338 2967 1502 3013 pertinet
1526 2969 1610 3004 add.
1637 2967 1708 3003 SR
1738 2968 1750 3012 ΙΙ
1789 2972 1834 3003 14
1859 2968 2042 3003 bellorum

337 3014 470 3051 SRM
504 3014 614 3058 bellis,
639 3014 679 3048 F
695 3015 708 3060 ΙΙ
728 3015 834 3050 curat
858 3014 898 3049 F
913 3015 926 3061 ΙΙ
952 3016 994 3048 15
1022 3012 1153 3059 uigilia
1178 3015 1219 3048 H
1237 3016 1248 3061 Η
1276 3019 1318 3050 18
1345 3016 1410 3050 aut
1435 3019 1519 3051 ante
1543 3026 1582 3051 re
1607 3026 1696 3051 vera
1720 3026 1786 3051 om.
1813 3014 1842 3050 S
1858 3015 1871 3060 ΙΙ
1889 3019 1935 3051 20
1959 3014 2041 3050 iun-

338 3062 479 3108 gebant
497 3061 550 3097 F:
576 3061 778 3097 vincebant
796 3061 944 3097 Daniel.
981 3061 1066 3105 fort.
1093 3060 1157 3105 qui
1183 3072 1222 3096 se
1247 3062 1296 3096 ad
1320 3062 1486 3107 pericula
1509 3062 1716 3108 iungebant
1732 3062 1746 3107 ss
1763 3065 1807 3097 21
1835 3062 2040 3097 notandum

337 3110 379 3146 F
393 3110 407 3155 ss
423 3109 527 3156 nam]
555 3120 643 3155 ergo
663 3108 704 3144 F
719 3111 731 3155 ΙΙ
750 3113 794 3144 22
820 3108 973 3156 furiam]
999 3107 1142 3144 scilicet
1167 3109 1249 3144 adol.
1265 3120 1300 3144 m
1319 3110 1330 3155 ΙΙ
1349 3113 1394 3144 23
1421 3110 1548 3156 simul]
1575 3110 1614 3144 et
1637 3111 1708 3154 rtq:
1734 3110 1818 3145 add.
1835 3109 1876 3144 F
1891 3110 1903 3156 ΙΙ
1922 3112 1968 3144 24
1993 3110 2043 3145 ad

338 3170 437 3192 mum
462 3166 561 3202 supr.
588 3167 676 3192 vers.
704 3158 742 3191 et
767 3156 896 3193 ordine
923 3157 962 3192 et
987 3155 1168 3202 dignitate
1194 3155 1305 3201 primi
1333 3157 1367 3190 T
1395 3158 1407 3201 fl
1439 3159 1483 3191 25
1509 3156 1660 3192 selectio
1686 3156 1732 3191 H
1756 3157 1769 3201 ΙΙ
1800 3157 1987 3193 delectum
2013 3156 2042 3192 S

341 3205 506 3240 delectos
532 3203 568 3239 R
606 3203 764 3239 dilectos
790 3204 836 3239 H
849 3205 862 3250 ΙΙ
887 3214 1026 3249 equens
1051 3203 1091 3238 F
1113 3204 1124 3250 ΙΙ
1155 3207 1200 3238 26
1226 3203 1336 3249 alter]
1365 3204 1403 3238 et
1427 3204 1533 3239 ufens
1559 3204 1656 3239 alter
1680 3203 1767 3239 SM
1802 3204 1898 3240 alter
1922 3203 1962 3239 id
1987 3205 2042 3239 est

340 3250 446 3287 ufens
473 3252 516 3297 ll]
543 3255 588 3287 27
613 3264 727 3287 DIVVM
752 3252 840 3287 LH
852 3253 864 3298 ΙΙ
892 3251 981 3297 quid
1008 3251 1093 3287 SM
1109 3252 1121 3298 ΙΙ
1145 3249 1317 3287 iniustius
1343 3250 1429 3287 SM
