2092 3614
260 1013 300 1044 10

256 1728 300 1760 20

255 2085 299 2117 25

325 251 411 294 258
814 230 818 234 ’
1099 253 1260 290 snuvn

324 362 457 404 nebat
488 360 558 404 ³1².
608 362 707 404 hinc
739 365 806 405 est
837 362 950 405 ‘filia
979 362 1120 418 Neri',
1158 363 1208 419 <I
1240 363 1327 418 30>
1360 363 1560 406 inmitis
1591 362 1805 420 Achilli,
1844 364 1950 408 item
1987 365 2034 407 in

326 431 534 475 Sallustio
567 433 626 475 ad
658 434 850 476 bellum
882 433 1025 476 Persi
1057 434 1453 477 Macedonicum.
1515 435 1577 477 sic
1607 434 1759 490 Asper.

444 504 543 547 384.
594 517 822 548 TITHONIA
855 517 1065 549 CONIVNX
1097 505 1277 548 Aurora
1298 521 1377 562 pro
1409 506 1651 548 Memnone.

445 575 544 619 385.
592 594 729 620 ASPIGE
756 595 827 625 QVI
851 595 1000 621 GOEANT
1026 595 1169 621 POPVLI
1195 574 1244 620 τὸ
1273 581 1438 632 αἴτιον,
1469 581 1518 619 ut
1537 581 1793 632 praesentem
1819 580 2038 622 ostenderet

324 648 609 691 necessitatem.
659 650 826 692 dicendo
851 653 987 691 autem
1013 648 1184 703 ‘populi'
1209 649 1484 703 phantasiam
1511 649 1619 702 feeit.
1710 661 1899 693 CLAVSIS
1925 662 2035 692 FER-

324 730 424 761 RVM
454 730 641 763 ACVANT
671 731 837 763 FORTIS
868 724 916 762 ut
945 721 1166 762 ostenderet
1191 721 1517 774 festinationem:
1551 720 1660 763 dixit
1691 722 1804 763 enim
1837 723 2033 777 superius

326 789 442 845 <VII
473 791 589 847 629>
628 792 852 848 quinque
897 792 1022 834 adeo
1070 805 1287 847 magnae
1330 792 1520 847 positis
1565 792 1839 835 incudibus
1882 794 2036 836 urbes

324 862 433 904 tela
463 866 668 906 novant.
777 876 827 906 IN
858 875 922 906 ΜΕ
956 864 1188 906 artificiose
1221 879 1342 906 arma
1372 865 1482 919 petit
1514 863 1644 906 etiam
1677 864 1759 906 sibi
1789 864 2034 921 profutura3

324 934 409 976 nisi
427 935 537 976 enim
555 935 760 991 subvenis,
791 936 941 978 iterum
965 936 1229 987 vulnerabor;
1261 951 1362 977 nam
1389 951 1414 977 a
1433 935 1610 977 Graecis
1636 935 1777 977 fuerat
1801 936 2036 991 vulnerata,

325 1004 437 1046 unde
469 1007 536 1047 est
568 1005 637 1060 <X
668 1006 754 1061 29>
788 1007 1026 1062 equidem
1058 1006 1206 1049 credo
1238 1020 1347 1048 mea
1378 1006 1589 1048 vulnera
1620 1009 1834 1050 restant.

450 1077 548 1119 388.
600 1088 915 1120 GVNCTANTEM
947 1077 1113 1120 scilicet
1145 1078 1198 1121 de
1229 1077 1533 1132 promissione,
1565 1092 1693 1132 quam
1724 1093 1816 1121 rem
1847 1093 1924 1134 per
1949 1094 2036 1121 am-

330 1148 503 1202 plexum
536 1163 661 1191 suum
692 1149 872 1192 inmisso
906 1163 1052 1192 amore
1083 1149 1301 1205 persolvit.

444 1220 542 1262 389.
592 1231 791 1263 ACCEPIT
818 1232 1019 1264 somrAM
1045 1232 1278 1262 FLAMMAM
1309 1220 1371 1262 vel
1400 1220 1521 1274 quasi
1549 1220 1748 1271 maritum·
1779 1220 1840 1262 vel
1871 1220 2038 1263 adludit

326 1290 382 1332 ad
413 1306 503 1333 rem
533 1292 795 1335 naturalem:
827 1307 1016 1347 namque
1048 1292 1144 1334 ideo
1170 1291 1391 1334 Vulcanus
1425 1292 1606 1334 maritus
1637 1291 1817 1347 fingitur
1841 1290 2036 1347 Veneris,

326 1361 440 1416 quod
470 1361 708 1405 Venerium
740 1363 932 1406 officium
962 1377 1051 1405 non
1083 1362 1168 1404 nisi
1201 1363 1342 1406 calore
1375 1362 1593 1418 consistit,
1634 1363 1743 1405 unde
1782 1365 1849 1405 est
1884 1363 2035 1418 frigi-

325 1432 416 1476 dus
448 1434 500 1476 in
532 1434 782 1477 Venerem
814 1435 999 1478 senior.

443 1505 544 1548 390.
594 1517 870 1549 LABEFACTA
913 1518 1001 1548 PER
1047 1517 1159 1549 OSSA
1203 1506 1240 1548 si
1285 1520 1384 1549 ossa
1427 1505 1647 1562 labefecit,
1691 1509 1852 1561 quanto
1897 1507 2036 1563 magis

327 1576 550 1619 animum?
1554 1624 1557 1631 ¹

445 1649 544 1692 391.
582 1660 735 1700 ATQVE
757 1660 871 1691 0L1M
890 1649 993 1705 fere,
1012 1651 1061 1691 ut
1080 1649 1210 1704 solet3
1230 1651 1332 1691 nam
1351 1663 1439 1691 non
1458 1651 1524 1691 est
1544 1649 1795 1692 adverbium
1815 1650 2036 1705 temporis.

446 1720 545 1763 392.
594 1732 740 1763 IGNEA
760 1733 875 1763 RIMA
894 1732 1068 1764 MICANS
1094 1721 1138 1763 id
1158 1720 1429 1775 est-fulmen,
1447 1720 1566 1763 cuius
1585 1722 1786 1763 naturam
1807 1721 2036 1776 expressit3

324 1806 512 1847 namque
543 1792 679 1834 nubes
712 1794 841 1835 vento
874 1795 1049 1835 coactae
1081 1792 1335 1848 plerumque
1366 1793 1624 1846 rumpuntur
1650 1794 1693 1834 et
1718 1806 1769 1834 ex
1796 1807 1841 1834 se
1871 1792 2036 1835 fulmen

325 1863 544 1905 emittunt.
593 1865 781 1917 quamvis
809 1864 1039 1918 philosophi
1066 1864 1240 1918 fulyura
1265 1867 1303 1906 et
1327 1864 1513 1906 tonitrua
1536 1864 1662 1906 simul
1686 1864 1863 1919 exprimi
1886 1865 2037 1920 dicant,

323 1936 394 1978 sed
422 1935 529 1977 illud
552 1935 720 1978 celerius
743 1936 889 1987 videri,
919 1936 1019 1989 quia
1043 1936 1204 1978 elarum
1227 1938 1301 1989 est,
1333 1935 1518 1977 tonitrua
1547 1938 1684 1978 autem
1714 1936 1772 1977 ad
1799 1949 1921 1978 aures
1951 1939 2037 1978 tar-

324 2007 419 2049 dius
441 2007 665 2061 pervenire.
727 2007 805 2049 alii
836 2006 962 2050 ‘rima
992 2005 1165 2050 mieans'
1196 2006 1418 2061 fulyetram
1448 2007 1610 2049 dieunt:
1645 2010 1683 2049 et
1711 2006 1783 2049 hoe
1813 2008 1870 2049 ad
1898 2007 2037 2050 veloci-

327 2081 449 2121 tatem
479 2078 653 2133 amoris,
684 2079 757 2131 qui
787 2082 987 2122 momento
1021 2079 1252 2122 Vulcanum
1275 2079 1489 2132 percussit.

444 2150 543 2192 393.
594 2161 782 2193 FORMAE
814 2161 1011 2193 CONSCIA
1044 2160 1256 2192 CONIVNX
1292 2148 1507 2191 intellexit
1543 2163 1587 2191 se
1627 2148 1739 2191 dolis
1772 2151 1815 2190 et
1845 2149 2033 2204 pulchri-

325 2221 473 2263 tudine
504 2221 764 2276 pervertisse
796 2224 988 2264 mentem
1019 2220 1177 2263 mariti.
1228 2220 1306 2262 alii
1336 2219 1494 2262 duabus
1523 2219 1642 2262 rebus
1674 2219 1864 2262 Venerem
1894 2221 2037 2262 volunt

325 2292 524 2334 maritam
555 2293 809 2348 adyressam,
846 2293 950 2335 dolis
980 2295 1018 2334 et
1042 2291 1373 2346 pulchritudine:
1410 2293 1449 2332 et
1476 2291 1618 2333 volunt
1646 2291 1791 2334 melius
1822 2290 1950 2334 ‘dolis
1983 2292 2037 2344 [et

426 2461 443 2491 1
470 2456 509 2491 in
535 2443 731 2502 sallustio]
759 2456 846 2492 hisi.
866 2456 884 2490 1
903 2461 924 2492 6
949 2455 1127 2500 mensch„
1152 2455 1170 2490 1
1190 2460 1210 2491 τ
1236 2456 1350 2496 Kritz.
1371 2457 1383 2501 n
1403 2459 1448 2490 14
1473 2466 1633 2499 namque
1660 2482 1668 2490 .
1690 2484 1697 2491 .
1720 2484 1727 2491 .
1755 2454 1893 2502 senior]
1920 2467 2034 2491 exser.

328 2503 414 2538 Isid.
443 2515 493 2541 or.
520 2504 608 2540 VIII
636 2508 691 2549 11,
713 2508 773 2548 783
801 2505 986 2550 mythogr.
1014 2504 1066 2539 III
1093 2508 1148 2550 10,
1169 2507 1190 2539 5
1209 2506 1222 2550 ΙΙ
1242 2508 1285 2539 15
1310 2502 1485 2549 frigidus]
1512 2513 1638 2548 georg.
1666 2503 1717 2537 III
1740 2504 1879 2550 971122
1907 2515 2035 2548 quam-

327 2550 384 2586 vis
410 2578 418 2586 .
441 2577 448 2584 .
470 2579 478 2587 .
505 2551 716 2598 peruenire]
744 2551 790 2588 cf.
816 2551 901 2588 Isid.
927 2563 979 2588 or.
1007 2550 1093 2587 XIII
1118 2555 1152 2597 8,
1178 2555 1198 2586 2

426 2708 445 2738 1
471 2703 500 2750 i]
530 2704 565 2739 ei
590 2705 678 2740 libri
695 2706 708 2750 ΙΙ
726 2705 828 2741 nerei
855 2707 942 2741 libri
959 2707 972 2751 ΙΙ
996 2707 1110 2751 atque
1135 2704 1277 2741 inmitis
1302 2704 1339 2740 R
1358 2706 1370 2751 ΙΙ
1388 2703 1539 2739 achillei
1568 2704 1617 2738 M
1633 2705 1645 2751 ΙΙ
1673 2707 1693 2738 2
1720 2703 1820 2749 persi
1844 2703 1933 2739 libri
1950 2704 1962 2750 ΙΙ
1981 2703 2034 2739 sic

329 2752 447 2797 Asper
471 2762 538 2787 oni.
559 2751 599 2786 F
615 2753 626 2798 ΙΙ
646 2756 666 2786 3
693 2763 826 2787 aurora
850 2753 987 2797 petiuit
1011 2765 1078 2798 pro
1103 2762 1300 2788 memnone
1326 2752 1365 2787 D
1383 2753 1395 2798 ΙΙ
1414 2756 1436 2786 4
1460 2764 1502 2786 'ro
1530 2762 1663 2787 aunon
1689 2750 1737 2795 F,
1763 2761 1830 2786 om.
1857 2750 1892 2786 G
1915 2751 1970 2786 ita
1993 2754 2035 2786 ut

329 2791 491 2844 spatium
520 2799 685 2834 relietum
715 2800 763 2835 sit
794 2800 805 2845 ΙΙ
842 2804 863 2834 5
897 2800 1054 2835 dicendo
1087 2800 1151 2845 qui
1180 2799 1311 2845 populi
1342 2801 1381 2835 et
1411 2811 1505 2844 quae
1536 2797 1686 2834 moenia
1716 2797 1915 2833 fantasiam
1945 2797 2036 2833 fecit

328 2847 409 2882 hab.
439 2846 473 2880 T
500 2846 638 2881 Tiberii
662 2846 807 2882 Donati
832 2848 882 2882 ad
905 2848 938 2881 h.
965 2859 997 2882 v.
1023 2849 1156 2884 scholio
1180 2849 1319 2891 inserta
1349 2849 1362 2892 ΙΙ
1399 2851 1419 2882 6
1445 2847 1504 2892 ut]
1535 2846 1577 2881 at
1602 2846 1635 2881 G
1664 2847 1676 2891 ΙΙ
1714 2843 1813 2880 enim
1838 2855 1960 2880 moneo
1985 2845 2035 2880 ad

330 2895 456 2929 lemma
480 2894 610 2937 referri
634 2895 646 2940 ΙΙ
676 2899 697 2930 8
722 2894 807 2940 sibi]
833 2894 899 2929 ubi
926 2894 966 2928 F
980 2896 993 2940 ΙΙ
1024 2899 1044 2929 9
1070 2895 1184 2930 fuerit
1208 2895 1248 2930 F
1264 2897 1276 2941 ΙΙ
1310 2899 1352 2930 10
1379 2894 1488 2929 credo
1514 2893 1625 2938 quide
1649 2903 1735 2928 mea
1759 2891 1801 2926 F
1815 2893 1828 2937 ΙΙ
1859 2895 1900 2926 11
1929 2892 2034 2927 dubi—

329 2943 472 2977 tantem
498 2941 642 2977 scilicet
667 2941 879 2978 Fabricius.
915 2942 960 2985 ef.
987 2942 1086 2978 Non.
1106 2954 1147 2987 p.
1175 2946 1256 2986 252,
1277 2946 1320 2978 18
1349 2943 1406 2977 Μ.
1437 2943 1450 2987 Η
1480 2951 1560 2975 rem
1586 2951 1651 2975 om.
1673 2939 1715 2975 F
1739 2941 1752 2984 ΙΙ
1791 2943 1833 2992 1?
1858 2938 2036 2974 labefecit

330 3000 396 3025 om.
422 2989 469 3024 R.
508 2989 550 3023 in
575 2990 694 3024 eodem
719 2990 812 3024 libro
836 3000 952 3034 supra
982 2989 1109 3024 lemma
1139 2990 1215 3034 ipse
1246 2990 1422 3025 librarius
1451 2989 1538 3023 haee
1563 2987 1759 3031 adscripsit
1789 2998 1866 3021 u1m
1898 2986 2034 3022 amoris

330 3035 493 3072 ostendit
511 3037 523 3082 11
554 3040 595 3071 19
624 3038 720 3083 omn]
747 3037 838 3072 olim
862 3036 934 3072 hoc
959 3037 1015 3072 est
1038 3047 1138 3081 supr.
1165 3047 1254 3071 vers.
1281 3037 1366 3072 add.
1385 3047 1421 3070 m
1439 3036 1451 3081 ΙΙ
1469 3035 1557 3079 11011]
1583 3045 1681 3069 nunc
1705 3033 1741 3068 L
1778 3032 1840 3069 hic
1865 3045 1940 3069 non
1963 3045 1999 3070 m
2022 3034 2034 3080 ΙΙ

330 3089 374 3119 21
401 3084 518 3120 nubes
543 3095 566 3119 a
590 3086 703 3119 uento
723 3083 800 3120 RL
818 3085 831 3130 ΙΙ
849 3088 893 3120 22
920 3083 1097 3120 emittant
1116 3083 1157 3118 F
1171 3084 1184 3129 ΙΙ
1204 3083 1390 3129 quamvis]
1418 3093 1528 3127 quam
1555 3081 1589 3116 G
1607 3083 1619 3125 ΙΙ
1639 3081 1787 3126 fulgora
1806 3081 1847 3115 F
1869 3081 2034 3133 (fulgura

330 3132 379 3177 G)
398 3133 411 3176 ΙΙ
430 3135 475 3167 23
500 3130 620 3167 videri
645 3131 866 3168 Masvieius:
892 3131 1041 3167 uidetur
1066 3130 1107 3166 F
1121 3132 1134 3176 ΙΙ
1153 3134 1197 3165 25
1224 3131 1361 3166 amoris
1385 3129 1540 3165 Daniel:
1566 3128 1678 3164 moris
1699 3127 1739 3162 F
1755 3129 1766 3174 ΙΙ
1786 3132 1830 3163 26
1857 3128 1953 3164 dohs
1979 3128 2031 3174 et]

329 3179 427 3214 dolis
452 3179 491 3214 in
515 3179 561 3214 H
594 3179 673 3214 sola
698 3179 745 3215 F.
772 3180 818 3224 ef.
842 3179 961 3223 praef.
981 3190 1022 3225 p.
1042 3178 1127 3214 XVI
1147 3179 1159 3224 ΙΙ
1187 3181 1231 3213 27
1259 3177 1401 3212 duabus
1426 3177 1535 3212 rebus
1561 3204 1568 3212 .
1590 3202 1598 3211 .
1620 3204 1627 3211 .
1654 3174 1831 3221 genetiuo
1855 3176 1936 3212 hab.
1966 3175 1999 3210 T
2022 3176 2032 3222 ΙΙ

329 3230 374 3261 28
400 3225 652 3271 pulcritudine
679 3226 719 3260 F
735 3228 747 3271 u
775 3229 813 3262 et
837 3226 978 3262 formae
1004 3226 1082 3262 secl.
1110 3225 1157 3262 F.
1178 3224 1377 3260 Schoellius
1781 3243 1788 3250 ·
