2092 3614
521 266 671 304 COMM.
698 266 751 302 ΙΝ
777 264 920 302 VERG.
947 264 1059 301 AEN.
1085 265 1137 301 IX
1162 268 1363 302 eos—331.
1711 261 1797 304 339

208 377 306 420 322.
364 394 509 425 rocEMQ
517 395 565 420 VE
594 394 741 420 penmr
767 379 843 418 aut
870 376 1094 418 summissa
1124 388 1214 417 voce
1245 375 1443 428 loquitur7
1474 377 1549 416 aut
1579 377 1690 416 tacet.

89 466 237 492 svenne
246 466 300 491 VM
327 463 400 491 cur
431 447 690 502 ‘superbum’
728 448 879 490 dixerit
916 449 1088 490 enarrat
1119 445 1212 500 ‘qui
1240 446 1346 498 forte
1378 445 1577 499 tapetibus
1607 445 1703 487 altis
1733 458 1797 487 ex-

90 519 289 563 tructus':
320 520 538 574 superbum
563 520 673 562 enim
697 523 756 561 est
779 522 817 561 et
839 519 981 572 nobile,
1009 521 1056 560 ut
1081 516 1194 573 <VII
1215 516 1330 571 630>
1361 516 1606 570 Tiburque
1629 530 1798 570 super—

89 592 206 634 bum.
257 590 496 634 ‘extructus'
530 594 666 634 autem
692 604 769 644 pro
803 589 1012 633 ‘eatructis
1043 589 1241 643 tapetibus
1271 587 1402 630 altis'.
1450 591 1595 630 veteres
1626 591 1665 630 et
1692 602 1799 630 nien-

89 675 234 706 sarum
265 666 303 705 et
332 663 413 705 tori
442 663 611 705 struices
641 662 915 716 appellabant.
1827 668 1846 697 5

211 734 309 776 324.
362 752 453 777 roro
476 750 704 777 PROFLABAT
725 750 894 776 PECTORE
916 749 1080 775 SOMNVM
1100 730 1359 785 periphrasis
1388 734 1463 782 est,
1503 744 1553 772 ne
1583 731 1698 772 verbo
1728 730 1800 772 liu-

90 806 183 847 mili
212 808 441 848 stertentem
472 806 627 847 diceret.

210 877 308 919 326.
359 888 444 919 SED
476 888 573 919 NON
605 887 811 918 Avevmo
845 887 1017 918 Porvrr
1050 886 1332 916 DEPELLERE
1368 885 1548 917 PESTEM
1582 872 1798 927 ‘auqurio'

90 948 156 990 hic
182 962 259 1002 pro
289 949 460 991 scientia
491 948 681 1002 auqurii:
721 951 760 989 et
790 947 979 990 ostendit
1015 960 1092 1001 per
1122 946 1355 988 transitum
1386 945 1468 988 fati
1498 944 1799 987 necessitatem

91 1019 211 1061 nulla
241 1019 398 1074 peritia
429 1034 557 1074 posse
589 1018 757 1074 depelli.
821 1021 888 1060 est
920 1020 1063 1060 autem
1096 1017 1352 1060 Homericus
1384 1031 1548 1060 versus.
1830 1025 1872 1055 10

212 1091 312 1133 327.
362 1102 547 1133 TEMERE
578 1090 761 1144 passim,
792 1089 992 1144 fortuito,
1022 1089 1315 1145 neglegenter.
1369 1089 1430 1130 vel
1459 1087 1577 1130 humi
1607 1088 1667 1130 vel
1689 1088 1801 1141 peri—

92 1162 239 1216 culose,
276 1165 323 1203 ut
359 1162 406 1204 in
445 1162 731 1204 consuetudine
759 1162 933 1204 solemus
962 1161 1092 1203 dicere
1123 1160 1413 1202 temerarios
1442 1158 1669 1201 homines.
1733 1157 1802 1200 ete-

92 1231 219 1274 mere'
250 1233 457 1287 siqnificat
485 1237 523 1275 et
554 1231 738 1286 ‘facile':
783 1232 968 1274 Plautus
1004 1245 1208 1286 maqnus
1244 1234 1315 1273 est
1349 1231 1670 1285 bicfluvius,
1706 1244 1802 1271 non

91 1303 181 1346 hac
212 1307 384 1346 temere
415 1305 632 1347 transiri
660 1307 834 1358 potest.
894 1304 1103 1358 siqnificat
1131 1306 1168 1344 et
1199 1301 1393 1345 ‘subit0':
1437 1302 1608 1344 Ennius
1639 1302 1805 1355 †quocl

94 1378 190 1417 tam
222 1378 392 1417 temere
421 1376 511 1418 itis
542 1376 690 1418 citate
721 1374 1079 1417 catomerariis.
1135 1374 1345 1428 siqnificat
1375 1373 1484 1416 ‘sine
1514 1372 1680 1416 causa':
1712 1373 1802 1415 En-
1830 1381 1872 1413 15

92 1447 191 1489 nius
220 1446 352 1489 haud
382 1450 554 1489 temere
584 1449 655 1489 est
683 1447 809 1500 quocl
838 1449 888 1488 tu
920 1446 1059 1488 tristi
1089 1459 1193 1487 curn
1224 1445 1363 1487 corde
1389 1445 1648 1499 qubernas.

213 1518 311 1560 328.
343 1530 519 1560 PREMJT
541 1518 759 1573 opprimit,
779 1517 948 1570 οσσὶᾱὶΐμΑ
1008 1528 1092 1559 SVB
1112 1527 1225 1559 IPsls
1245 1527 1383 1567 EQVIS
1405 1516 1518 1558 circa
1537 1517 1654 1572 ipsos
1675 1530 1803 1568 equos.

167 1635 171 1639 ,
212 1589 311 1631 329.
362 1592 634 1632 PENDENTIA
678 1589 802 1644 quasi
840 1588 1076 1631 ebriorum:
1120 1591 1195 1630 aut
1233 1589 1294 1630 ita
1330 1588 1569 1644 iacentium,
1613 1590 1660 1630 ut
1700 1588 1804 1630 colla

86 1662 318 1715 penderent.

214 1733 313 1774 331.
363 1743 727 1774 SINGVLTANTEM
766 1746 863 1773 cum
902 1731 1095 1786 singultu
1134 1731 1323 1773 animam
1355 1731 1587 1773 efflantem.
1705 1748 1804 1773 Amo
1829 1739 1875 1770 20

86 1806 221 1858 potest
249 1807 287 1846 et
314 1804 590 1857 superioribus
615 1803 836 1857 adplicari,
868 1805 916 1844 ut
937 1803 993 1845 sit
1016 1802 1239 1845 intellectus
1270 1802 1486 1858 ‘sanquine
1510 1802 1804 1856 sinqultantem

95 1878 185 1917 atro
193 1874 220 1931 ²,
242 1878 376 1929 potest
405 1878 444 1917 et
470 1874 724 1928 sequentibus
758 1874 893 1928 iun9i‚·
927 1874 998 1916 sed
1025 1874 1172 1916 melius
1201 1874 1465 1928 sequentibus.

194 2020 212 2051 1
240 2017 307 2052 aut
333 2044 340 2051 .
363 2045 369 2051 .
393 2045 400 2052 .
426 2015 543 2061 tacet]
572 2014 617 2050 cf.
646 2014 741 2050 Non.
766 2026 802 2060 p.
824 2017 905 2058 365,
928 2018 970 2049 11
991 2014 1039 2050 Μ.
1060 2015 1072 2061 11
1099 2017 1120 2049 3
1147 2014 1346 2060 superbum
1374 2041 1382 2049 .
1403 2042 1411 2050 .
1435 2042 1442 2049 .
1469 2013 1610 2059 nobile]
1638 2014 1681 2049 cf.
1707 2014 1804 2049 Non.

95 2076 131 2108 p.
153 2068 234 2108 391,
256 2068 298 2098 13
320 2063 368 2099 M.
389 2065 401 2108 ΙΙ
422 2067 464 2098 12
490 2063 632 2098 temere
652 2060 839 2107 significat
864 2063 902 2097 et
925 2061 1054 2108 facile]
1081 2061 1126 2096 cf.
1149 2060 1291 2098 Charis.
1312 2074 1348 2107 p.
1369 2065 1450 2106 221,
1473 2066 1514 2096 11
1536 2061 1579 2095 K.
1601 2063 1612 2107 ΙΙ
1634 2065 1676 2096 13
1697 2061 1804 2096 Plau-

96 2111 173 2157 tus]
195 2111 328 2159 Bacch.
350 2111 366 2145 I
388 2115 418 2155 1,
440 2115 484 2146 52
505 2112 516 2156 ΙΙ
538 2114 581 2145 14
600 2109 757 2155 Ennius]
779 2121 863 2145 ann.
884 2122 917 2145 v.
934 2113 1001 2144 543
1016 2109 1125 2145 Vahl.
1145 2110 1157 2155 ΙΙ
1178 2112 1221 2145 15
1242 2109 1400 2156 Ennius]
1422 2120 1504 2145 ann.
1526 2120 1559 2144 v.
1581 2112 1650 2144 473
1666 2108 1805 2155 Vahl.11

99 2162 141 2193 17
169 2171 296 2194 Ριιεωτ
321 2158 474 2204 occidit]
503 2158 548 2193 cf.
575 2158 669 2193 Non.
695 2169 732 2203 p.
759 2160 839 2202 365,
869 2161 911 2192 18
937 2156 987 2192 M.
1491 2167 1497 2172 ·

194 2293 213 2324 1
240 2290 289 2325 ad
313 2301 501 2330 vocemve
521 2301 552 2324 P.
575 2300 602 2324 s.
622 2300 654 2324 v.
681 2290 748 2323 aut
773 2287 967 2323 summisse
992 2286 1160 2332 loquitur
1185 2289 1251 2323 aut
1275 2287 1376 2323 tacet
1401 2288 1439 2323 et
1463 2286 1601 2332 premit
1624 2286 1696 2322 hoc
1722 2287 1804 2323 loco

97 2337 217 2373 frenat
242 2336 392 2373 cohibet
421 2337 453 2371 T
470 2338 482 2383 ΙΙ
501 2340 523 2372 4
550 2335 728 2372 extructis
749 2335 789 2370 F
805 2337 816 2382 ss
836 2337 885 2371 ad
910 2348 971 2376 QVI
996 2349 1028 2371 F.
1048 2348 1077 2372 r.
1098 2346 1132 2371 A.
1154 2349 1184 2370 n.
1210 2346 1238 2370 s.
1258 2347 1290 2372 v.
1317 2346 1384 2380 pro
1411 2335 1588 2370 extructis
1613 2334 1804 2380 tapetibus

98 2384 185 2420 altis
210 2384 368 2430 figurate
397 2384 431 2419 T
445 2385 456 2431 ΙΙ
481 2384 691 2420 exstructus
715 2383 756 2418 F
771 2385 783 2429 ΙΙ
808 2383 980 2429 apel-,ibus
1007 2382 1075 2429 Fu
1094 2383 1191 2419 altus
1217 2382 1266 2427 F,
1293 2382 1380 2418 altis
1406 2383 1545 2418 Daniel
1562 2384 1804 2428 ss-mensarum

98 2443 175 2477 eqo:
202 2443 376 2467 mensura
395 2432 435 2466 F
451 2433 463 2478 ΙΙ
483 2434 503 2466 5
527 2431 603 2467 tori
621 2431 777 2467 struices
797 2431 844 2467 F.
861 2431 1074 2467 Schoellius:
1100 2431 1192 2466 toris
1217 2433 1318 2466 traes
1338 2430 1386 2466 F.
1413 2431 1458 2474 cf.
1475 2429 1572 2466 Fest.
1593 2441 1619 2465 s.
1635 2441 1666 2465 v.
1688 2430 1805 2465 struix

98 2483 131 2514 et
156 2481 207 2524 acl
229 2479 322 2515 Aen.
342 2478 391 2513 IV
414 2483 494 2516 267.
533 2490 663 2515 mensa
689 2481 727 2514 et
751 2478 844 2514 toris
869 2479 1017 2524 tapetes
1043 2477 1287 2524 appellabant
1311 2477 1451 2513 Daniel
1487 2478 1625 2513 mensis
1651 2479 1689 2513 et
1713 2478 1807 2513 toris

97 2527 244 2572 tapetes
270 2526 534 2572 appendebant
559 2527 830 2563 Fabricianum
854 2527 1037 2572 exemplar
1061 2527 1156 2562 anni
1182 2530 1273 2562 1613
1314 2525 1451 2561 mensis
1478 2526 1517 2560 et
1540 2525 1632 2561 toris
1657 2525 1805 2571 tapetes

99 2575 282 2619 aptabant
307 2575 555 2610 Commelinus.
575 2575 588 2620 ΙΙ
617 2579 637 2610 6
662 2574 853 2620 perifrasis
880 2602 888 2610 .
909 2601 917 2609 .
939 2602 947 2610 .
974 2573 1117 2609 diceret
1140 2574 1220 2609 hab.
1250 2573 1282 2608 T
1303 2575 1315 2618 ΙΙ
1340 2572 1554 2618 perifrasius
1581 2572 1622 2607 F
1636 2574 1649 2618 ΙΙ
1673 2573 1806 2608 humili

98 2622 212 2656 uerbo
234 2621 267 2656 T
284 2622 295 2667 ΙΙ
315 2625 335 2657 7
356 2622 575 2658 stertentem
597 2622 630 2656 T
665 2623 866 2657 sterentem
887 2620 928 2656 F
954 2620 1107 2656 humilis
1126 2622 1327 2656 terrentem
1351 2620 1385 2655 G
1404 2622 1415 2667 {l
1435 2624 1456 2656 8
1476 2621 1525 2655 acl
1543 2632 1700 2656 Avcvmo
1725 2631 1751 2655 s.
1773 2631 1804 2656 v.

100 2669 248 2714 augurii
267 2669 424 2705 scientia
446 2669 479 2704 T
491 2670 505 2714 ΙΙ
526 2673 569 2704 10
593 2669 737 2715 versus]
763 2666 845 2705 ἀλλ’
868 2666 937 2704 οὐκ
958 2667 1145 2704 οἰωνοῖσιν
1166 2665 1347 2714 ἐρύσσατο
1367 2669 1464 2713 κῆρα
1485 2666 1668 2713 μέλαιναν
1688 2668 1753 2712 (Ιί.
1771 2668 1805 2702 II

100 2717 184 2760 859)
211 2717 295 2752 add.
316 2716 355 2751 D
373 2718 385 2761 ΙΙ
407 2720 448 2751 11
475 2716 632 2752 fortuitu
652 2716 723 2752 AS
731 2716 817 2751 LH
822 2717 868 2751 M
887 2718 898 2763 ΙΙ
918 2717 967 2752 ad
986 2728 1123 2751 'mmmm
1142 2729 1166 2751 1.
1187 2730 1218 2754 r.
1239 2729 1263 2751 1.
1289 2727 1317 2752 8.
1336 2727 1368 2751 v.
1389 2716 1493 2751 humi
1511 2714 1573 2750 uel
1598 2714 1805 2761 periculose

100 2766 138 2799 et
162 2765 301 2799 temere
327 2764 527 2809 aliquando
555 2763 740 2809 significat
764 2763 886 2799 subito
913 2763 1114 2808 aliquando
1139 2763 1250 2800 facile
1277 2763 1479 2809 aliquando
1506 2763 1585 2798 sine
1612 2774 1724 2798 causa
1745 2762 1806 2809 ΤΗ

100 2811 160 2847 vel
185 2811 290 2846 humi
315 2822 345 2848 e.
372 2823 407 2856 q.
434 2811 478 2857 s.]
506 2813 551 2855 cf.
578 2812 627 2847 ad
651 2822 683 2846 v.
710 2815 779 2847 373
806 2812 818 2857 ΙΙ
851 2815 893 2846 13
918 2810 1070 2856 rapidus
1094 2811 1230 2847 fluuius
1256 2813 1313 2846 est
1337 2810 1399 2847 hic
1428 2810 1589 2846 Plautus
1617 2812 1628 2856 ss
1662 2814 1706 2845 14
1732 2820 1805 2854 quo

102 2859 310 2894 Masvicius
345 2860 358 2904 ΙΙ
398 2862 440 2894 15
465 2860 603 2894 temere
629 2857 784 2893 Daniel:
818 2860 856 2893 te
882 2858 920 2893 in
945 2869 985 2893 re
1010 2858 1051 2893 F
1077 2860 1092 2905 st
1127 2858 1385 2894 catomecariis
1411 2858 1550 2894 Daniel
1588 2860 1640 2893 Ac
1666 2861 1804 2892 temere

101 2906 232 2942 erratis
251 2906 415 2951 Scaliqer
453 2906 560 2942 citati
581 2904 807 2941 catomitarii
827 2906 1044 2942 Masvicius.
1083 2906 1262 2942 Vahlenus
1274 2907 1370 2942 nihil
1389 2907 1463 2941 nisi
1483 2917 1556 2951 quo
1570 2906 1649 2940 tam
1661 2907 1803 2940 temere

100 2953 164 2988 itis
191 2952 298 2988 citati
316 2954 444 2989 Ennio
464 2954 607 2997 tribuit,
632 2954 674 2988 in
700 2952 955 2989 catomerariis
982 2954 1091 2989 latere
1108 2955 1319 2999 suspicatur
1340 2954 1431 2989 Cato
1451 2955 1590 2988 temere
1611 2953 1689 2988 fieri
1715 2964 1806 2998 quae

101 3011 119 3036 e
140 3000 307 3037 Charisia
328 3002 515 3046 adscripta
534 3013 552 3036 e
570 3001 735 3046 marqinc
759 3001 802 3036 in
825 3001 945 3045 ipsum
970 3001 1143 3037 scholium
1167 3002 1289 3036 inlata
1313 3002 1398 3036 sint.
1433 3001 1600 3036 similiter
1625 3001 1806 3035 iudicasse

101 3048 244 3084 videtur
269 3049 478 3094 Hauptius,
513 3060 615 3094 quem
646 3048 793 3083 Keilius
824 3049 873 3084 ad
899 3047 1006 3084 Char.
1034 3049 1056 3084 l.
1084 3050 1105 3084 l.
1131 3049 1203 3084 sibi
1233 3049 1416 3084 indicasse
1447 3051 1696 3083 commemorat
1721 3049 1805 3091 post

102 3095 225 3131 Ennii
259 3097 367 3132 verba
401 3107 473 3141 quo
507 3097 587 3132 tam
620 3098 761 3132 temere
796 3095 859 3131 itis
895 3096 1082 3141 legendum
1113 3107 1184 3131 esse
1216 3096 1309 3131 citat
1339 3107 1359 3130 e
1392 3094 1532 3131 Catone
1565 3093 1762 3130 Charisius.
1794 3093 1806 3139 Η
1831 3132 1836 3136 ,

106 3146 147 3177 17
175 3143 224 3177 ad
250 3155 312 3178 svn
337 3158 361 3179 1.
381 3158 413 3179 n.
439 3155 466 3180 s.
487 3155 519 3180 v.
546 3143 644 3179 inter
667 3143 769 3189 ipsos
797 3154 911 3197 equos
940 3143 972 3178 T
988 3143 1001 3189 ΙΙ
1022 3146 1065 3178 18
1091 3145 1141 3179 acl
1166 3156 1273 3178 secu
1299 3155 1498 3178 mmmmm
1523 3155 1552 3179 c.
1579 3154 1606 3177 s.
1627 3153 1658 3177 v.
1684 3141 1722 3175 id
1749 3140 1807 3175 est

105 3200 261 3233 quorum
287 3191 384 3226 colla
407 3191 623 3236 pendebant
647 3190 802 3226 iacendo
826 3201 905 3226 s1ue
925 3202 1081 3236 quorum
1102 3190 1201 3227 colla
1219 3190 1434 3236 pendebant
1454 3201 1536 3225 cum
1557 3189 1724 3224 secarent
1747 3187 1781 3222 T
1794 3187 1806 3235 Η

104 3238 169 3271 aut
192 3236 247 3272 ita
271 3237 426 3273 Daniel:
452 3238 633 3274 hauddita
657 3238 698 3273 F
731 3237 888 3274 haddita
913 3238 947 3274 G

175 3302 272 3328 Servii
292 3310 399 3330 comm.
418 3304 486 3330 Vol.
505 3305 548 3331 11.
566 3305 655 3330 Fasc.
673 3305 715 3330 H.
1475 3300 1519 3331 23
