2124 3600
509 260 659 297 COMM.
687 261 739 295 IN
765 259 907 295 VERG.
935 260 1045 295 AEN.
1073 260 1122 295 VI
1149 263 1346 296 763—775.
1704 259 1788 300 109

78 372 213 413 civem
246 370 522 422 liberassent,
556 370 651 411 ideo
683 369 783 425 quia
816 371 913 411 ante
940 383 1071 411 causa
1096 369 1211 410 vitae
1238 369 1282 409 in
1309 368 1390 410 hac
1422 369 1575 411 arbore
1607 368 1790 411 homini-

78 443 157 484 bus
183 442 286 496 fuit,
318 442 390 496 qui
418 441 648 496 glandibus
677 441 969 482 vescebantur.
1015 440 1125 482 aliae
1152 440 1265 481 enim
1293 442 1417 481 erant
1443 441 1648 495 murales,
1679 440 1789 482 aliae

79 513 300 568 agonales,
338 512 383 554 id
415 515 482 554 est
512 512 803 554 lemniscatae.
865 511 1045 553 muralis
1078 511 1264 553 dabatur
1296 511 1332 552 ei
1367 510 1440 566 qui
1472 512 1589 565 prior
1620 526 1790 553 murum

79 584 356 626 ascendisset.

199 656 296 698 773.
344 668 394 698 HI
414 667 510 697 ΤΙΒΙ
531 667 792 698 NOMENTVM
819 655 899 697 hae
925 655 1122 697 civitates
1149 656 1249 696 sunt
1274 654 1513 709 priscorum
1535 653 1789 696 Latinorum

78 727 133 769 ab
175 727 360 769 Albanis
405 727 580 782 regibus
625 726 905 768 constitutae:
951 741 1211 782 quamquam
1253 724 1487 768 Collatiam
1529 725 1788 780 Tarquinius

51 798 356 840 -constituisse
389 798 576 852 dicatur,
608 798 698 853 qui,
730 800 778 839 ut
809 800 903 840 erat
936 798 1167 852 superbus,
1205 812 1301 839 eam
1334 813 1385 839 ex
1417 796 1577 839 collata
1608 798 1790 851 pecunia

78 870 326 924 constituit,
368 869 481 911 unde
519 871 563 911 et
602 867 791 912 Collatia
830 868 947 910 dicta
985 871 1063 911 est.
1125 871 1271 923 potest
1308 871 1454 910 tamen
1495 868 1606 922 fieri,
1650 871 1698 910 ut
1735 869 1789 911 ab

79 939 264 982 Albanis
301 940 481 982 fundata
521 940 596 991 sit,
635 942 762 982 aucta
795 955 820 982 a
851 939 1108 995 Tarquinio,
1147 940 1258 982 sicut
1296 955 1427 995 supra
1459 939 1555 994 <III
1585 940 1700 994 551>
1737 941 1788 982 de

77 1011 263 1054 Tarento
296 1011 499 1067 diximus,
531 1011 644 1067 quod
669 1012 803 1054 Taras
835 1011 957 1067 fecit,
990 1011 1112 1053 auxit
1136 1011 1389 1054 Phalantos.
1438 1011 1624 1054 Romam
1657 1012 1788 1054 etiam

77 1081 288 1126 Romulus
313 1082 466 1126 fecisse
493 1083 666 1137 dicitur,
699 1098 828 1138 quam
855 1084 954 1124 ante
974 1082 1177 1124 Euander
1203 1082 1410 1137 condidit,
1442 1085 1491 1125 ut
1515 1081 1651 1137 <VIII
1671 1083 1787 1137 313>

76 1156 198 1196 tunc
229 1157 378 1209 pater
409 1154 681 1196 Euandrus
712 1153 971 1196 Romanae
1004 1154 1245 1196 conditor
1278 1154 1424 1196 arcis.
1534 1166 1787 1205 VRBEMQVE

78 1237 293 1268 FIDENAM
319 1225 534 1268 ‘Fidenae'
561 1225 771 1281 dicuntur,
797 1228 845 1267 ut
871 1224 1093 1280 ‘Thebae’3
1127 1225 1201 1267 sed
1231 1226 1341 1267 dixit
1366 1228 1414 1267 ut
1438 1225 1651 1268 Iuvenalis
1678 1225 1789 1281 <XV

79 1297 134 1351 6>
169 1299 320 1353 atque
353 1299 498 1340 vetus
530 1296 699 1339 Thebe
731 1299 933 1339 centum
966 1297 1102 1339 iacet
1134 1297 1321 1338 obruta
1358 1297 1546 1352 portis:
1584 1311 1685 1338 nam
1717 1312 1787 1339 va-

78 1369 227 1411 rietati
253 1369 409 1411 studet.
454 1368 564 1410 unde
590 1369 722 1410 etiam
748 1368 810 1410 ait
829 1368 972 1422 <776>
996 1367 1259 1423 ‘Pometiosz
1291 1383 1389 1411 cum
1416 1368 1584 1410 dicatur
1609 1382 1787 1410 numero

78 1441 288 1496 singulari
318 1441 526 1484 Pometia.

198 1512 294 1555 775.
345 1524 656 1563 CASTRVMQVE
682 1524 780 1554 INVI
812 1527 898 1554 una
930 1514 996 1554 est
1028 1512 1071 1553 in
1098 1511 1227 1554 Italia
1259 1511 1429 1567 civitas,
1462 1526 1572 1567 quae
1602 1514 1791 1554 castrum

78 1598 238 1626 novum
270 1584 443 1626 dicitur:
475 1584 526 1626 de
558 1583 640 1626 hac
672 1586 816 1625 autem
850 1583 912 1625 ait
943 1583 1157 1626 ‘castrum
1188 1582 1322 1638 Inui',
1353 1583 1396 1625 id
1430 1586 1498 1625 est
1527 1582 1687 1638 Panos,
1719 1583 1792 1639 qui

76 1655 168 1697 illic
194 1656 359 1698 colitur.
402 1654 535 1697 Inuus
562 1657 707 1697 autem
732 1654 866 1697 latine
886 1655 1140 1710 appellatur,
1167 1668 1316 1710 graece
1338 1652 1461 1697 Πάνε
1490 1655 1594 1697 item
1614 1652 1791 1710 Ἐφιάλ-

77 1741 155 1781 της
196 1741 365 1783 graece,
409 1727 543 1770 latine
584 1726 766 1770 Incubo:
810 1727 924 1769 idem
962 1727 1154 1781 Faunus,
1198 1726 1312 1768 idem
1351 1726 1534 1778 Fatuus,
1575 1726 1792 1769 Fatuclus.

79 1797 236 1840 dicitur
274 1802 418 1840 autem
451 1799 581 1841 Inuus
621 1799 676 1841 ab
714 1797 900 1840 ineundo
939 1798 1102 1853 passim
1141 1813 1238 1840 cum
1277 1798 1478 1840 omnibus
1518 1797 1792 1852 animalibus,

81 1868 192 1911 unde
230 1872 273 1911 et
302 1869 463 1912 Incubo
503 1870 669 1912 dicitur.
733 1869 966 1913 ‘castrum'
1006 1872 1150 1911 autem
1190 1870 1344 1911 civitas
1384 1871 1468 1924 est3
1508 1883 1609 1911 nam
1648 1870 1793 1911 castra

178 1990 220 2021 19
248 1987 358 2022 lnuus
383 1985 509 2022 a'utem
537 2016 543 2022 .
566 2016 573 2023 .
597 2016 604 2023 .
631 1987 823 2034 Fatuclus]
851 1987 895 2023 cf.
924 1987 1074 2023 Cledon.
1101 1999 1136 2032 p.
1165 1990 1222 2031 35,
1241 1990 1287 2021 22
1308 1986 1351 2022 K.
1383 1987 1395 2032 ΙΙ
1433 1990 1478 2021 22
1504 1985 1641 2021 dicitur
1666 1989 1792 2021 autem

81 2063 118 2071 ..
141 2063 148 2070 .
175 2033 328 2080 dicitur]
362 2045 475 2069 exscr.
504 2035 588 2070 [sid.
616 2046 672 2082 or„
695 2034 780 2070 vm
809 2039 862 2079 11,
891 2038 958 2069 103

178 2146 195 2176 1
224 2141 373 2177 ciuilem
400 2141 477 2177 FO
499 2141 636 2187 (ciuem
662 2144 694 2183 e)
714 2144 725 2188 fl
746 2142 983 2188 liberassent]
1011 2143 1224 2176 seruassent
1252 2141 1299 2175 M
1316 2141 1328 2193 1}
1357 2144 1378 2175 2
1404 2140 1667 2186 vescebantur]
1694 2139 1791 2174 unde

80 2188 226 2225 Ouidius
257 2189 295 2224 in
326 2190 476 2225 metam.
514 2189 543 2234 (I
571 2192 651 2234 106)
687 2189 741 2225 ‘et
771 2201 866 2235 quae
902 2189 1120 2225 deciderant
1150 2189 1281 2234 patula
1312 2187 1408 2223 iouis
1441 2188 1572 2222 arbore
1606 2187 1793 2232 glandes’‚

82 2237 178 2272 unde
204 2235 299 2272 iouis
324 2238 435 2272 arbor
461 2236 599 2273 dicitur
624 2237 726 2282 quasi
755 2249 821 2282 per
847 2249 959 2280 quam
986 2237 1151 2282 iuppiter
1177 2247 1261 2271 suos
1287 2236 1414 2270 alebat
1438 2235 1596 2280 populos
1618 2235 1703 2270 add.
1724 2235 1763 2269 D
1783 2235 1791 2279 Γ

82 2284 198 2331 enim]
224 2286 348 2320 autem
374 2285 414 2319 F
430 2286 442 2330 n
462 2286 542 2320 etat
566 2285 611 2319 H
626 2286 637 2331 ΙΙ
657 2284 810 2320 muralis
839 2284 869 2319 O
884 2286 895 2331 Η
924 2285 1084 2319 murales
1111 2313 1118 2320 .
1142 2312 1149 2318 .
1171 2313 1178 2319 .
1206 2282 1451 2329 ascendisset]
1480 2282 1640 2317 murales
1668 2294 1791 2317 mura-

82 2332 128 2367 lis
167 2334 291 2367 autem
330 2331 491 2367 dabatur
527 2333 591 2377 qui
630 2332 730 2377 prior
762 2345 907 2367 murum
939 2331 1169 2367 ascendisset
1200 2331 1297 2366 aliae
1324 2358 1331 2364 .
1360 2359 1367 2365 .
1396 2359 1403 2366 .
1433 2331 1674 2365 lemniscatae
1702 2330 1750 2364 M
1781 2330 1792 2375 ῃ

83 2383 104 2415 3
129 2378 386 2426 lemniscatae]
414 2390 509 2424 quae
535 2380 671 2415 collum
698 2380 878 2415 tenebant
902 2391 1017 2425 supra
1037 2390 1105 2414 ser.
1126 2390 1160 2413 m
1179 2380 1191 2425 ΙΙ
1211 2382 1231 2413 5
1252 2391 1290 2413 m
1309 2391 1379 2413 CIRI
1402 2378 1432 2413 G
1448 2379 1460 2423 ΙΙ
1479 2379 1549 2412 hae
1573 2377 1672 2412 SM:
1699 2378 1792 2412 haec

83 2427 214 2471 reliqui
232 2427 244 2473 11
273 2431 292 2462 6
319 2427 366 2462 ab
392 2438 457 2463 om.
478 2427 515 2462 R
534 2429 546 2473 ss
566 2427 767 2463 conlatiam
792 2427 870 2462 FO
886 2429 897 2474 ΙΙ
924 2432 942 2462 7
971 2426 1066 2473 erat]
1094 2428 1151 2462 est
1177 2425 1253 2461 FO
1269 2428 1280 2471 ΙΙ
1300 2426 1450 2461 conlata
1475 2425 1553 2460 FO
1569 2426 1580 2471 ΙΙ
1605 2428 1626 2459 8
1654 2425 1791 2460 consti-

83 2474 174 2520 tuit]
201 2474 364 2510 ostendit
389 2475 434 2509 H
454 2475 466 2521 ΙΙ
497 2475 544 2510 ab
570 2486 635 2511 om.
664 2475 747 2510 MC
770 2476 885 2520 (supr.
911 2485 998 2510 verS.
1027 2475 1111 2510 adel.
1139 2475 1186 2519 m.)
1207 2475 1218 2520 ΙΙ
1250 2478 1270 2508 9
1298 2473 1454 2508 albanus
1483 2473 1514 2508 Ο
1535 2473 1547 2517 ΙΙ
1572 2471 1790 2518 Tarquinio]

85 2521 135 2556 sit
159 2522 244 2556 add.
260 2521 299 2556 F
313 2522 326 2567 ΙΙ
347 2525 390 2557 10
414 2522 542 2557 tharas
568 2522 604 2557 R
623 2524 635 2569 ΙΙ
653 2522 829 2568 phalatos
856 2521 884 2558 S
920 2521 1095 2567 palantus
1118 2521 1154 2556 R
1163 2522 1207 2556 M
1246 2521 1438 2556 falanthus
1465 2520 1504 2554 F
1538 2520 1703 2555 falantus
1730 2518 1761 2554 Ο
1782 2521 1792 2565 [ᾖ

87 2572 129 2603 12
155 2568 259 2614 tunc]
286 2571 366 2604 tum
388 2569 464 2604 FO
478 2571 490 2616 ΙΙ
512 2573 555 2605 13
582 2569 690 2616 dixit]
718 2569 957 2614 singulariter
983 2570 1066 2604 add.
1091 2569 1139 2603 M
1155 2570 1168 2614 ΙΙ
1186 2568 1368 2603 iuvenalis
1393 2570 1436 2603 ut
1459 2567 1545 2612 FO,
1571 2571 1614 2603 ut
1638 2567 1791 2603 Iuvena-

84 2615 130 2651 lis
155 2615 361 2660 Stephanus
391 2618 403 2663 n
436 2621 480 2652 14
505 2619 655 2652 uetusta
680 2617 716 2652 R
743 2619 755 2662 ΙΙ
786 2617 922 2652 thebae
949 2616 1080 2651 AMO
1108 2617 1120 2662 ΙΙ
1152 2617 1311 2660 obrupta
1336 2618 1465 2660 portus
1486 2615 1522 2650 R
1553 2617 1564 2662 ΙΙ
1599 2619 1639 2650 15
1667 2615 1794 2650 studet

84 2663 259 2698 varietati
281 2664 329 2698 M
346 2665 358 2709 ΙΙ
376 2664 598 2700 uarietatem
618 2664 655 2699 R
680 2666 711 2707 (1
730 2663 905 2700 uarietati
931 2675 1109 2708 supet-ser.
1129 2665 1162 2708 r)
1183 2665 1194 2710 ΙΙ
1214 2663 1398 2708 pometios
1424 2662 1480 2698 ait
1501 2663 1546 2698 M
1585 2663 1639 2697 ait
1664 2673 1791 2707 pome-

84 2710 158 2746 tius
185 2710 252 2757 Fu
270 2710 406 2747 dicitur
430 2711 497 2756 1211
519 2716 561 2747 16
588 2712 793 2757 pometiam
820 2712 862 2746 Η
897 2711 1084 2756 prometia
1110 2711 1148 2745 F
1164 2712 1176 2756 ss
1199 2715 1239 2746 17
1269 2722 1343 2745 una
1369 2709 1629 2745 ASRHFO:
1657 2722 1691 2755 q.
1720 2721 1793 2744 una

88 2759 144 2793 M.
181 2758 294 2801 (Lion
326 2760 390 2804 qui
423 2759 637 2795 Burmanni
670 2760 806 2795 codices
837 2759 891 2794 ita.
928 2759 1090 2794 exhibere
1126 2762 1297 2801 testatur,
1335 2758 1549 2793 Burmanni
1585 2758 1791 2793 adnotatio-

85 2816 164 2840 nem
183 2806 275 2841 male
293 2806 553 2852 interpretatus
571 2809 646 2852 est.)
687 2808 778 2841 lnua
797 2807 889 2842 coni.
905 2806 1086 2841 Heinsius
1118 2807 1248 2840 Inuum
1272 2806 1319 2840 M
1320 2806 1489 2840 asi-icius.
1522 2808 1674 2840 ceterum
1693 2816 1791 2840 erra-

1818 1019 1860 1049 10

1817 1377 1858 1408 15

1818 1735 1883 1775 20>

85 2853 138 2887 vit
163 2853 311 2889 Servius
337 2865 416 2889 cum
440 2865 553 2889 unam
578 2865 650 2889 esse
676 2855 717 2889 in
738 2854 858 2889 Italia
883 2854 1063 2889 civitatem
1088 2854 1203 2896 dia-it,
1229 2864 1319 2898 quae
1347 2851 1516 2888 Castrum
1540 2863 1673 2888 novum
1698 2852 1792 2887 dice·
1829 2871 1833 2875 -

85 2903 195 2935 retur.
236 2902 282 2944 cf.
309 2901 410 2936 Plin.
436 2905 510 2936 nat.
538 2902 618 2937 hist.
646 2901 695 2935 III
722 2904 741 2943 ξ
764 2905 809 2936 44
828 2904 860 2936 el
881 2904 936 2944 51,
965 2900 1158 2936 Cluverius
1185 2901 1273 2936 Ital.
1301 2903 1376 2936 ant.
1404 2901 1464 2935 lib.
1486 2901 1518 2934 ΙΙ
1539 2912 1577 2945 p.
1601 2903 1668 2935 488
1689 2903 1722 2935 et
1741 2899 1791 2934 111

81 2957 119 2991 p.
145 2951 213 2982 978
232 2949 244 2993 ΙΙ
262 2948 301 2983 111
325 2948 451 2991 Italia]
478 2948 606 2983 italiae
636 2949 683 2983 M
700 2950 711 2995 ΙΙ
731 2960 825 2993 quae
853 2948 938 2983 Ra:
965 2948 1065 2993 quod
1091 2948 1147 2993 M,
1173 2959 1238 2984 om.
1265 2948 1397 2992 reliqui
1415 2949 1428 2992 ΙΙ
1449 2950 1491 2982 18
1517 2947 1605 2993 hae]
1632 2947 1727 2982 hano
1752 2947 1797 2981 H

88 2994 184 3038 hanc
210 2996 248 3030 G.
289 2995 347 3031 ‘de
371 2995 452 3031 hae’
481 2997 505 3030 i.
526 3007 552 3031 e.
580 2996 623 3031 de
647 3007 689 3031 ea
714 3007 823 3040 quam
850 2995 1034 3041 Vergilius
1059 2996 1361 3037 commemoravit,
1387 3005 1479 3039 quae
1504 3007 1527 3029 a
1550 2994 1676 3030 Castro
1701 3005 1792 3029 novo

88 3042 230 3077 diversa
254 3046 304 3077 est
322 3044 334 3087 ΙΙ
353 3044 478 3078 autem
504 3054 569 3078 om.
586 3045 617 3077 A
630 3042 712 3077 SM
720 3043 760 3078 F
776 3044 787 3089 ΙΙ
806 3043 861 3078 ait
885 3054 951 3079 om.
974 3042 1032 3088 011
1052 3047 1095 3078 19
1123 3054 1196 3087 pan
1216 3043 1249 3077 A
1262 3041 1292 3076 C
1326 3053 1397 3086 pau
1422 3042 1458 3076 R
1476 3043 1488 3086 ΙΙ
1508 3042 1651 3077 efialtes
1677 3041 1763 3076 libri
1781 3040 1793 3086 ΙΙ

90 3091 135 3123 20
160 3089 292 3135 latine]
322 3091 369 3125 ab
393 3089 641 3125 incumbendo
667 3091 752 3127 add.
778 3090 815 3125 R
840 3091 852 3135 n
879 3091 1035 3125 incubus
1060 3090 1132 3125 AS
1158 3091 1188 3132 (1
1213 3089 1348 3124 incubo
1373 3087 1550 3133 superser.
1577 3091 1614 3132 a)
1638 3089 1651 3133 ΙΙ
1674 3088 1789 3132 idem]

90 3134 187 3170 idem
214 3138 253 3171 et
277 3136 313 3170 A
349 3136 447 3172 idem
475 3148 520 3172 ex
544 3137 582 3172 id
608 3139 666 3173 est
691 3137 726 3172 R
763 3137 801 3172 id
829 3138 886 3172 est
910 3137 980 3182 ΗΙΙ
1000 3138 1146 3172 Faunus
1172 3136 1269 3170 idem
1297 3147 1362 3171 om.
1390 3136 1430 3171 F
1446 3138 1457 3182 Η
1482 3135 1596 3181 idem]
1625 3137 1722 3170 idem
1748 3145 1792 3168 επ)

91 3181 214 3216 id-est
238 3182 274 3217 R
310 3182 347 3217 id
376 3186 434 3218 est
459 3185 503 3219 H
526 3186 538 3229 ΙΙ
570 3185 725 3231 Fatuus]
751 3184 891 3219 fatulus
918 3185 947 3219 S
982 3184 1082 3219 fatus
1107 3183 1196 3218 RH
1229 3183 1367 3226 <fatuus
1392 3183 1426 3228 r)
1457 3186 1470 3228 ΙΙ
1509 3183 1670 3218 fatuclus
1702 3181 1788 3218 AS:

91 3227 239 3264 fatudus
265 3229 300 3264 R
338 3231 499 3265 fatuelus
526 3231 623 3266 HM
657 3230 806 3267 fatuclis
834 3231 872 3266 F
907 3231 1092 3267 fatuculus
1119 3231 1149 3266 (J
1174 3233 1186 3278 ΙΙ
1217 3234 1259 3265 21
1287 3232 1418 3267 rassim
1444 3231 1487 3267 H
