2092 3614
289 261 376 302 418
1066 260 1226 296 SERVII

409 370 509 412 235.
556 382 703 411 Dnm'r
746 381 857 412 Essa
902 361 1020 413 DEAs
1066 369 1232 412 Graeca
1278 370 1434 425 figura,
1481 373 1527 412 at
1571 370 1640 425 <V
1680 370 1795 425 262>
1840 371 1997 413 donat

290 442 480 484 habere
499 441 624 484 viro.
716 458 859 484 AEVVM
874 442 1224 484 inmortalitatem.
1315 459 1485 484 AGITARE
1503 440 1687 496 διάγειν,
1706 441 1778 484 hoe
1795 445 1854 484 est
1869 455 1997 495 ayere.

409 513 508 555 238.
558 524 641 554 IAM
666 524 791 556 LOCA
816 525 946 556 IVSSA
973 525 1158 555 TENENT
1191 515 1240 555 ut
1272 515 1315 554 et
1344 528 1475 566 supra
1502 512 1638 568 <VIII
1659 512 1774 566 547>
1802 512 1999 568 diximus,

290 585 373 627 hoe
403 581 513 627 κατὰ
544 581 593 626 τὸ
629 582 921 639 σιωπώμενον
959 584 1254 639 accipiendum
1292 585 1375 639 est3
1415 599 1516 626 nam
1554 583 1865 639 intellegimus,
1903 599 1999 626 eum

245 666 265 697 5
292 656 457 711 equites
490 656 660 697 misisse
690 670 768 711 per
798 658 975 698 terram.

411 728 511 770 240.
560 739 620 770 NE
647 739 834 770 CASTms
860 739 1070 770 IVNeANT
1104 729 1179 770 aut
1206 726 1283 769 ‘se'
1316 726 1539 769 subaudis:
1574 728 1648 768 aut
1673 726 1887 782 ‘iungant'
1920 742 2009 782 pro,

292 798 575 855 ‘iungantur'.

410 871 509 913 241.
559 887 686 914 soczos
711 888 904 915 νΕΝῙΕΝΤΕ
927 888 1068 914 Vocmez
1094 871 1264 924 antiquo
1294 870 1409 912 verbo
1440 870 1616 912 militiae
1644 884 1745 912 usus
1774 873 1853 912 est:
1891 870 2002 911 viros

293 943 403 984 enim
435 941 614 985 ‘vocari’
652 944 862 997 siynificat
895 956 977 997 eos,
1019 943 1092 996 qui
1127 943 1358 984 necessitate
1395 942 1441 983 in
1478 941 1625 983 bellum
1632 974 1642 995 ,
1678 955 1763 984 non
1798 941 2003 983 voluntate

225 1023 268 1055 10
293 1014 547 1056 conveniunt.

412 1086 511 1127 244.
564 1102 750 1128 GRASTINA
776 1102 859 1128 zvx
887 1086 995 1128 deest
1025 1083 1209 1139 ‘veniat'‚
1239 1084 1312 1127 boc
1342 1088 1399 1127 est
1427 1085 1612 1144 crastina
1644 1085 1716 1127 lux
1745 1085 1883 1126 veniat
1913 1087 2001 1126 tan-

294 1160 392 1198 tum.
439 1158 495 1210 [et
524 1157 709 1199 crastina
741 1157 831 1210 lux]
862 1157 902 1199 si
932 1157 988 1198 ad
1016 1156 1200 1198 Aeneam
1231 1156 1388 1209 referas
1418 1155 1644 1210 ‘spectabis'
1676 1159 1714 1198 et
1743 1155 1842 1197 ‘non
1871 1155 2004 1197 inrita

293 1229 402 1271 dicta
424 1227 622 1282 putaris'‚
654 1227 854 1270 ‘crastina
880 1227 966 1270 lux'
997 1228 1324 1270 subaudiendum
1356 1226 1462 1269 ‘cum
1478 1226 1671 1270 svenerit'.
1720 1228 1759 1269 si
1782 1229 1919 1268 autem
1948 1226 2006 1268 ad

294 1300 421 1342 lucem
446 1298 669 1353 ‘spectabit'
697 1300 824 1355 leyas,
855 1298 1054 1341 ‘crastina
1081 1298 1169 1342 luoe’
1195 1299 1532 1352 suspendendum.
1575 1299 1746 1352 quidam
1772 1309 2003 1340 CRASTINA

226 1381 267 1413 15
295 1383 390 1413 va
421 1382 518 1413 ΜΕΑ
550 1383 591 1413 SI
623 1382 721 1414 NON
759 1383 925 1413 INRITA
963 1382 1107 1414 DICTA
1143 1381 1337 1413 PVTARIS
1376 1381 1609 1412 INGENTES
1647 1381 1863 1412 RVTVLAE
1903 1380 2003 1411 SPE-

296 1454 467 1485 ΟΤΑΒΙΤ
505 1454 672 1486 CAEDIS
704 1453 915 1486 ACERVOS
948 1441 1196 1498 ‘spectabit'
1229 1444 1296 1484 est
1326 1455 1426 1483 vera
1457 1441 1605 1497 lectio,
1641 1444 1684 1483 et
1716 1440 1820 1483 ordo
1853 1442 1919 1482 est
1951 1438 2005 1481 ‘si

297 1529 392 1557 mea
424 1514 540 1556 dieta
570 1514 702 1557 inrita
739 1529 828 1557 non
865 1513 1052 1569 putaris,
1093 1512 1282 1556 crastina
1320 1512 1394 1554 lux
1425 1513 1621 1568 ingentes
1656 1526 1830 1554 acervos
1863 1509 2004 1553 caedis

297 1584 496 1628 videbit':
528 1600 629 1627 nam
661 1585 776 1628 male
809 1585 984 1640 quidam
1011 1583 1260 1640 ‘spectabis’
1291 1584 1443 1640 legunt
1474 1586 1517 1626 et
1549 1584 1602 1625 ad
1633 1585 1771 1625 lueem
1802 1582 2006 1624 referunt.

297 1658 410 1714 quod
448 1672 536 1700 non
573 1657 784 1712 procedit3
827 1656 973 1699 nullus
1013 1644 1127 1698 enim
1167 1656 1228 1698 sic
1265 1655 1475 1711 loquitur:
1518 1670 1542 1697 0
1574 1653 1739 1706 Aenea,
1776 1654 1860 1696 nisi
1898 1667 2006 1709 quae

225 1740 272 1772 *20
298 1729 393 1772 dieo
425 1729 605 1771 minime
638 1728 796 1783 credis,
827 1743 852 1770 0
885 1728 958 1770 lux
990 1728 1182 1771 crastina
1214 1728 1411 1784 ingentes
1445 1726 1585 1769 caedis
1618 1740 1792 1768 acervos
1824 1724 2004 1767 videbis.

297 1801 377 1843 alii
407 1815 517 1843 more
546 1801 716 1854 antiquo
748 1799 863 1843 ‘lux'
892 1814 969 1853 pro
1003 1799 1129 1842 ‘luce’
1168 1800 1395 1854 accipiunt:
1434 1798 1624 1840 Lucilius
1659 1798 1707 1839 in
1744 1797 1859 1839 tertio
1894 1795 2008 1838 hinc

298 1874 457 1915 media
495 1873 644 1915 remis
676 1871 979 1914 Palinurum
1011 1871 1246 1925 pervenio
1283 1885 1378 1912 nox
1406 1883 1487 1924 pro
1520 1867 1683 1911 ‘nocte'.
1743 1868 1911 1922 Lonyus
1945 1867 2010 1908 ait

298 1945 430 1987 deest
459 1942 712 1986 ‘venerit'.·
742 1943 851 1985 unde
881 1946 919 1985 et
947 1943 1034 1997 ipse
1065 1941 1290 1996 ‘spectabis'
1323 1942 1429 1996 leyit.

418 2015 518 2058 246.
567 2032 723 2058 DEXTRA
751 2031 967 2057 mscEDENs
992 2030 1156 2057 INPVLIT
1187 2014 1292 2056 mire
1329 2011 1596 2055 ‘discedens'.·
1639 2012 1863 2053 adiuvatwr
1898 2010 2008 2052 enim

230 2099 274 2131 25
293 2088 443 2142 pulsus
472 2087 673 2129 recedente
702 2099 746 2127 eo
776 2087 848 2139 qui
877 2086 1086 2141 inpulerit.

418 2159 518 2201 247.
566 2169 696 2199 HAVD
741 2168 918 2200 IGNARA
959 2168 1079 2200 MOD1
1122 2157 1277 2211 inpulit
1316 2170 1462 2199 navem
1506 2155 1740 2198 libramenti
1774 2154 1933 2208 peritia
1973 2157 2010 2196 et

300 2229 627 2274 moderationis:
660 2229 818 2285 quippe
843 2243 954 2284 quae
979 2228 1121 2271 fuerat
1145 2228 1280 2271 navis.
1380 2244 1503 2270 FVGIT
1518 2241 1597 2281 pro
1623 2224 1836 2268 ‘velociter'
1854 2225 2008 2279 posuit.

396 2340 440 2371 21
467 2333 631 2370 Lucilius
656 2334 696 2369 in
720 2334 850 2381 tertio]
876 2334 1009 2380 fragm.
1036 2333 1105 2369 XV
1130 2344 1189 2378 ap.
1216 2332 1341 2368 Muell.
1368 2344 1404 2378 p.
1433 2336 1476 2367 13

397 2435 417 2466 2
445 2431 495 2466 ad
519 2442 640 2466 AEva
664 2441 690 2465 s.
717 2441 749 2465 v.
775 2428 1120 2471 immortalitatem,
1147 2428 1197 2463 ad
1221 2439 1375 2462 AGITARF:
1400 2437 1427 2462 s.
1454 2437 1485 2461 v.
1512 2436 1622 2471 agere
1652 2425 1685 2459 T
1719 2426 1731 2471 ΙΙ
1768 2424 1910 2468 diatein
1936 2424 1977 2459 F
1997 2424 2009 2471 Η

303 2483 323 2513 3
350 2491 461 2514 TENET
483 2478 532 2512 M
538 2478 578 2512 F
594 2479 606 2523 ΙΙ
626 2476 722 2512 dixit
740 2477 780 2511 F
795 2478 808 2523 ΙΙ
827 2481 849 2512 4
874 2488 960 2512 nam
985 2475 1240 2520 intellegimus
1262 2475 1405 2519 equites
1426 2484 1508 2508 eum
1534 2484 1602 2518 per
1619 2473 1757 2508 terram
1784 2483 1876 2517 quas
1895 2471 2008 2517 paulo

302 2528 389 2571 post
412 2525 534 2571 pallas
559 2524 746 2570 fugientes
771 2525 926 2559 reuocat
950 2522 1094 2558 misisse
1121 2521 1161 2556 F
1186 2523 1197 2568 ΙΙ
1226 2525 1246 2556 8
1274 2522 1323 2557 ad
1347 2533 1378 2556 v.
1406 2525 1474 2556 241
1501 2522 1542 2555 in
1566 2531 1680 2565 mary.
1709 2531 1792 2555 eum
1826 2519 1919 2564 dicit
1950 2529 2009 2554 so-

304 2573 381 2608 cios
406 2571 537 2608 uocari
561 2572 702 2617 primus
728 2572 766 2606 iu
792 2582 896 2606 arma
920 2570 1005 2605 iube
1031 2570 1186 2614 antiquo
1212 2569 1325 2604 uerbo
1353 2596 1360 2603 .
1382 2597 1389 2604 .
1412 2598 1420 2605 .
1446 2568 1674 2603 conueniunt
1702 2567 1736 2602 T
1749 2568 1762 2614 ΙΙ
1782 2571 1824 2602 11
1851 2568 1901 2602 ad
1926 2579 2008 2602 cml-

305 2632 408 2659 amu
432 2632 463 2655 L.
489 2630 517 2655 s.
544 2630 577 2655 v.
604 2618 748 2655 seilicet
770 2618 898 2654 ueniat
922 2618 1071 2653 tantum
1099 2617 1132 2651 T
1146 2618 1158 2663 ΙΙ
1184 2619 1226 2651 12
1254 2617 1293 2651 et
1318 2616 1477 2652 crastina
1501 2616 1565 2650 lux
1589 2615 1720 2650 seclusi
1737 2616 1749 2661 ΙΙ
1778 2614 1830 2660 et]
1856 2615 1942 2658 fort.
1968 2616 2011 2649 ut

304 2669 359 2703 vel
380 2668 422 2702 ut
441 2668 480 2706 et
497 2668 509 2713 11
531 2670 573 2701 13
599 2666 777 2712 crastina]
805 2667 843 2701 et
862 2664 1025 2700 crastina
1044 2664 1183 2700 Daniel
1202 2665 1213 2710 ΙΙ
1233 2664 1264 2700 si
1283 2665 1409 2699 autem
1428 2663 1476 2698 ad
1496 2663 1633 2709 lucem]
1660 2662 1795 2697 scilicet
1822 2661 2006 2706 ‘referens’

303 2716 315 2762 Η
349 2719 394 2750 14
420 2714 583 2749 crastina
612 2714 677 2749 lux
707 2711 1023 2758 suspendendum]
1056 2713 1080 2747 i.
1107 2723 1134 2747 e.
1154 2715 1240 2756 post
1268 2712 1448 2746 ‘crastina
1473 2711 1559 2746 lux’
1593 2720 1707 2745 sermo
1737 2709 2010 2754 suspendendus

305 2766 365 2798 est.
416 2761 713 2807 suspendendum
738 2760 912 2803 distinxi,
947 2763 989 2794 ut
1013 2759 1166 2804 quidam
1191 2759 1241 2795 ad
1266 2758 1434 2795 Servium
1458 2769 1583 2803 eosque
1606 2758 1672 2803 qui
1695 2757 1909 2792 sententiam
1933 2757 2010 2791 eius

303 2810 464 2856 probant
485 2809 679 2853 referatur.
724 2808 865 2844 Daniel
882 2810 967 2852 post
992 2806 1292 2852 suspendendum
1317 2806 1469 2851 quidam
1494 2806 1665 2841 lacunam
1689 2803 1879 2839 indicavit.
1923 2806 2009 2838 cete-

304 2869 387 2893 rum
406 2857 610 2892 Masvieius
635 2860 668 2891 et
685 2856 929 2891 Burmannus
954 2866 1122 2890 ansTmA
1140 2867 1209 2890 va
1307 2853 1459 2899 quidam
1483 2863 1558 2888 non
1582 2852 1784 2888 ediderwnt.
1819 2861 1863 2886 ac
1886 2861 2010 2885 verum

305 2909 358 2941 est
382 2904 488 2939 deest
514 2931 522 2939 .
543 2932 550 2939 .
572 2931 580 2939 .
605 2904 754 2939 tantum
778 2907 812 2938 et
837 2903 868 2937 si
893 2902 942 2937 ad
969 2903 1130 2937 Aeneam
1157 2930 1165 2937 .
1187 2929 1194 2936 .
1217 2929 1224 2937 .
1253 2913 1337 2937 cum
1368 2900 1513 2936 venerit
1543 2900 1652 2935 verba
1675 2908 1751 2933 non
1774 2898 1889 2933 solum
1913 2897 2010 2932 inter

306 2963 343 2988 se
365 2951 554 2987 simillima
579 2961 668 2995 esse,
693 2952 755 2986 sed
779 2951 888 2986 etiam
913 2950 962 2985 ad
986 2950 1080 2984 illud
1104 2950 1224 2985 redire
1241 2949 1338 2994 quod
1356 2949 1463 2992 infra
1481 2947 1611 2992 Lonyo
1629 2946 1807 2981 tribuitur
1825 2946 1838 2990 ss
1859 2948 1902 2979 16
1928 2955 2010 2990 spe-

307 2999 428 3035 ctabit
451 3009 516 3034 om.
545 2998 584 3033 F
611 2999 622 3044 ΙΙ
653 2999 744 3034 haec
770 2999 827 3034 est
850 3008 940 3032 uera
964 2996 1077 3032 lectio
1104 2996 1143 3031 F
1171 2997 1183 3043 ΙΙ
1216 3000 1258 3031 18
1284 2995 1499 3041 spectabilis
1524 2994 1568 3029 H
1595 2994 1607 3040 ΙΙ
1639 2996 1683 3028 19
1708 2991 1780 3027 nisi
1803 2992 1951 3036 scripsi:
1978 2992 2010 3027 si

308 3047 396 3083 libri
414 3047 425 3093 ΙΙ
445 3050 490 3081 20
516 3092 519 3094 .
553 3044 682 3092 inime]
709 3045 864 3080 firmiter
885 3045 951 3080 Ml
970 3045 982 3091 ΙΙ
1001 3048 1045 3079 22
1071 3055 1138 3089 pro
1165 3043 1268 3079 noeit
1286 3043 1337 3087 F,
1363 3053 1454 3078 corr.
1468 3042 1607 3077 Daniel
1624 3041 1637 3085 ΙΙ
1655 3043 1701 3074 24
1726 3038 1925 3074 adiuuator
1943 3038 1983 3074 F
2000 3041 2009 3085 Η

308 3098 353 3130 25
378 3094 505 3140 pulsas
579 3094 592 3140 ΙΙ
617 3097 663 3128 26
688 3104 822 3128 nouem
842 3092 883 3127 F
898 3093 910 3139 ΙΙ
928 3091 1142 3127 libramenti
1169 3091 1302 3136 peritia
1326 3090 1496 3136 Heynius
1521 3088 1642 3124 adnot.
1663 3087 1713 3122 ad
1731 3097 1762 3121 v.
1785 3090 1851 3121 247
1863 3101 1871 3121 ε
1897 3086 2011 3121 libra-

307 3143 434 3177 mento
464 3139 623 3187 peritiae
648 3140 689 3175 F
722 3141 734 3187 ΙΙ
770 3144 815 3176 27
841 3140 948 3176 schol.
974 3139 1024 3175 ad
1047 3151 1155 3174 nvem*
1182 3142 1266 3173 ante
1290 3138 1396 3174 schol.
1422 3137 1472 3172 ad
1494 3147 1592 3170 HAVD
1618 3148 1643 3171 1.
1667 3146 1704 3170 u.
1736 3134 1818 3169 hab.
1846 3133 1887 3168 F
1913 3134 1925 3180 ΙΙ
1961 3134 2011 3168 ad

308 3202 416 3226 sven·
439 3199 468 3225 s.
493 3199 526 3224 v.
551 3187 652 3233 fugit
675 3199 698 3223 a
724 3189 761 3233 (l.
788 3188 850 3233 ad)
877 3186 1106 3223 celeritatem
1130 3185 1286 3220 nimiam
1311 3183 1473 3230 pertinet
1501 3183 1534 3217 T
1561 3183 1574 3228 ΙΙ
1609 3183 1694 3226 fort.
1720 3192 1788 3226 pro
1817 3181 2011 3217 ‘velociter

309 3237 434 3283 pergit
456 3237 512 3272 vel
535 3235 720 3281 procedit'
748 3235 882 3281 posuit.
915 3234 1036 3280 possis
1060 3236 1094 3269 et
1117 3233 1270 3279 propter
1295 3231 1535 3269 velocitatem
1560 3228 1689 3278 posuit
