<?xml version="1.0" encoding="UTF-8"?>
<!DOCTYPE html PUBLIC "-//W3C//DTD XHTML 1.0 Transitional//EN"
    "http://www.w3.org/TR/xhtml1/DTD/xhtml1-transitional.dtd">
<html xmlns="http://www.w3.org/1999/xhtml" xml:lang="en" lang="en">
 <head>
  <title>
</title>
<meta http-equiv="Content-Type" content="text/html;charset=utf-8" />
  <meta name='ocr-system' content='tesseract 3.04.00' />
  <meta name='ocr-capabilities' content='ocr_page ocr_carea ocr_par ocr_line ocrx_word'/>
</head>
<body>
  <div class='ocr_page' id='page_1' title='image "./invergiliicarmin02servuoft_0049.png"; bbox 0 0 2124 3600; ppageno 0'>
   <div class='ocr_carea' id='block_1_1' title="bbox 513 257 1797 299">
    <p class='ocr_par' dir='ltr' id='par_1_1' title="bbox 513 257 1797 299">
     <span class='ocr_line' id='line_1_1' title="bbox 513 257 1797 299; baseline 0.002 -2"><span class='ocrx_word' id='word_1_1' title='bbox 513 261 663 297; x_wconf 81' lang='lat' dir='ltr'>GOMM.</span> <span class='ocrx_word' id='word_1_2' title='bbox 690 260 744 296; x_wconf 82' lang='lat' dir='ltr'>IN</span> <span class='ocrx_word' id='word_1_3' title='bbox 768 259 913 296; x_wconf 78' lang='lat' dir='ltr'>VERG.</span> <span class='ocrx_word' id='word_1_4' title='bbox 939 259 1050 295; x_wconf 83' lang='lat' dir='ltr'>AEN.</span> <span class='ocrx_word' id='word_1_5' title='bbox 1078 260 1129 295; x_wconf 86' lang='lat' dir='ltr'>VI</span> <span class='ocrx_word' id='word_1_6' title='bbox 1156 263 1355 296; x_wconf 80' lang='lat'>156—176.</span> <span class='ocrx_word' id='word_1_7' title='bbox 1740 257 1797 299; x_wconf 83' lang='lat'>35</span> 
     </span>
    </p>
   </div>
   <div class='ocr_carea' id='block_1_2' title="bbox 84 368 1802 2144">
    <p class='ocr_par' dir='ltr' id='par_1_2' title="bbox 84 368 1798 497">
     <span class='ocr_line' id='line_1_2' title="bbox 208 368 1798 424; baseline -0.001 -12"><span class='ocrx_word' id='word_1_8' title='bbox 208 370 305 413; x_wconf 90' lang='grc'><strong>160.</strong></span> <span class='ocrx_word' id='word_1_9' title='bbox 353 382 515 413; x_wconf 83' lang='lat' dir='ltr'>MVLTA</span> <span class='ocrx_word' id='word_1_10' title='bbox 547 382 686 413; x_wconf 81' lang='lat' dir='ltr'>INTER</span> <span class='ocrx_word' id='word_1_11' title='bbox 719 381 826 412; x_wconf 92' lang='lat' dir='ltr'>SESE</span> <span class='ocrx_word' id='word_1_12' title='bbox 865 381 1010 412; x_wconf 81' lang='lat' dir='ltr'>VARIO</span> <span class='ocrx_word' id='word_1_13' title='bbox 1049 380 1265 412; x_wconf 81' lang='lat' dir='ltr'>SERMONE</span> <span class='ocrx_word' id='word_1_14' title='bbox 1306 379 1541 411; x_wconf 81' lang='lat' dir='ltr'>SEREBANT</span> <span class='ocrx_word' id='word_1_15' title='bbox 1587 368 1659 410; x_wconf 89' lang='lat' dir='ltr'>hic</span> <span class='ocrx_word' id='word_1_16' title='bbox 1698 382 1798 424; x_wconf 89' lang='lat' dir='ltr'>pro—</span> 
     </span>
     <span class='ocr_line' id='line_1_3' title="bbox 84 439 1350 497; baseline -0.001 -15"><span class='ocrx_word' id='word_1_17' title='bbox 84 441 177 496; x_wconf 90' lang='lat' dir='ltr'>prie</span> <span class='ocrx_word' id='word_1_18' title='bbox 209 440 349 484; x_wconf 86' lang='lat' dir='ltr'>dictus</span> <span class='ocrx_word' id='word_1_19' title='bbox 383 443 449 483; x_wconf 89' lang='lat' dir='ltr'>est</span> <span class='ocrx_word' id='word_1_20' title='bbox 481 456 640 497; x_wconf 89' lang='lat' dir='ltr'>sermo,</span> <span class='ocrx_word' id='word_1_21' title='bbox 672 442 747 497; x_wconf 90' lang='lat' dir='ltr'>qui</span> <span class='ocrx_word' id='word_1_22' title='bbox 777 442 888 484; x_wconf 91' lang='lat' dir='ltr'>inter</span> <span class='ocrx_word' id='word_1_23' title='bbox 918 443 1150 496; x_wconf 90' lang='lat' dir='ltr'>utrumque</span> <span class='ocrx_word' id='word_1_24' title='bbox 1183 439 1350 482; x_wconf 89' lang='lat' dir='ltr'>seritur.</span> 
     </span>
    </p>

    <p class='ocr_par' dir='ltr' id='par_1_3' title="bbox 85 511 1798 640">
     <span class='ocr_line' id='line_1_4' title="bbox 207 511 1798 568; baseline -0.001 -14"><span class='ocrx_word' id='word_1_25' title='bbox 207 513 303 556; x_wconf 86' lang='lat'>163.</span> <span class='ocrx_word' id='word_1_26' title='bbox 352 524 554 555; x_wconf 78' lang='lat' dir='ltr'>INDIGNA</span> <span class='ocrx_word' id='word_1_27' title='bbox 579 525 739 556; x_wconf 83' lang='lat' dir='ltr'>MORTE</span> <span class='ocrx_word' id='word_1_28' title='bbox 772 512 1028 566; x_wconf 83' lang='lat' dir='ltr'>miserabili,</span> <span class='ocrx_word' id='word_1_29' title='bbox 1058 526 1147 554; x_wconf 89' lang='lat' dir='ltr'>non</span> <span class='ocrx_word' id='word_1_30' title='bbox 1172 525 1366 568; x_wconf 86' lang='lat' dir='ltr'>congrua</span> <span class='ocrx_word' id='word_1_31' title='bbox 1392 511 1481 553; x_wconf 88' lang='lat' dir='ltr'>eius</span> <span class='ocrx_word' id='word_1_32' title='bbox 1509 511 1698 554; x_wconf 87' lang='lat' dir='ltr'>meritis:</span> <span class='ocrx_word' id='word_1_33' title='bbox 1727 511 1798 554; x_wconf 88' lang='lat' dir='ltr'>vel</span> 
     </span>
     <span class='ocr_line' id='line_1_5' title="bbox 85 583 1560 640; baseline -0.002 -13"><span class='ocrx_word' id='word_1_34' title='bbox 85 586 262 640; x_wconf 88' lang='lat' dir='ltr'>propter</span> <span class='ocrx_word' id='word_1_35' title='bbox 293 584 462 627; x_wconf 90' lang='lat' dir='ltr'>animae</span> <span class='ocrx_word' id='word_1_36' title='bbox 495 585 628 627; x_wconf 88' lang='lat' dir='ltr'>etiam</span> <span class='ocrx_word' id='word_1_37' title='bbox 660 584 970 627; x_wconf 87' lang='lat' dir='ltr'>extinctionem</span> <span class='ocrx_word' id='word_1_38' title='bbox 1003 583 1207 626; x_wconf 89' lang='lat' dir='ltr'>elementi</span> <span class='ocrx_word' id='word_1_39' title='bbox 1240 583 1560 626; x_wconf 88' lang='lat' dir='ltr'>contrarietate.</span> 
     </span>
    </p>

    <p class='ocr_par' dir='ltr' id='par_1_4' title="bbox 86 654 1800 785">
     <span class='ocr_line' id='line_1_6' title="bbox 207 654 1800 707; baseline -0.001 -9"><span class='ocrx_word' id='word_1_40' title='bbox 207 656 304 699; x_wconf 82' lang='lat'>165.</span> <span class='ocrx_word' id='word_1_41' title='bbox 353 668 643 707; x_wconf 79' lang='lat' dir='ltr'>MARTEMQVE</span> <span class='ocrx_word' id='word_1_42' title='bbox 676 667 954 699; x_wconf 82' lang='lat' dir='ltr'>ACCENDERE</span> <span class='ocrx_word' id='word_1_43' title='bbox 989 666 1141 698; x_wconf 82' lang='lat' dir='ltr'>CANTV</span> <span class='ocrx_word' id='word_1_44' title='bbox 1172 655 1497 697; x_wconf 76' lang='lat' dir='ltr'>hemistichium</span> <span class='ocrx_word' id='word_1_45' title='bbox 1527 654 1611 697; x_wconf 93' lang='lat' dir='ltr'>hoc</span> <span class='ocrx_word' id='word_1_46' title='bbox 1643 654 1800 697; x_wconf 84' lang='lat' dir='ltr'>dicitur</span> 
     </span>
     <span class='ocr_line' id='line_1_7' title="bbox 86 727 1499 785; baseline 0.001 -16"><span class='ocrx_word' id='word_1_47' title='bbox 86 727 299 770; x_wconf 85' lang='lat' dir='ltr'>addidisse</span> <span class='ocrx_word' id='word_1_48' title='bbox 333 727 435 770; x_wconf 89' lang='lat' dir='ltr'>dum</span> <span class='ocrx_word' id='word_1_49' title='bbox 466 728 631 770; x_wconf 88' lang='lat' dir='ltr'>recitat.</span> <span class='ocrx_word' id='word_1_50' title='bbox 1497 783 1499 785; x_wconf 41' lang='lat'>.</span> 
     </span>
    </p>

    <p class='ocr_par' dir='ltr' id='par_1_5' title="bbox 87 798 1800 913">
     <span class='ocr_line' id='line_1_8' title="bbox 207 798 1800 854; baseline -0.001 -12"><span class='ocrx_word' id='word_1_51' title='bbox 207 799 302 842; x_wconf 86' lang='lat'>168.</span> <span class='ocrx_word' id='word_1_52' title='bbox 353 811 467 842; x_wconf 83' lang='lat' dir='ltr'>VITA</span> <span class='ocrx_word' id='word_1_53' title='bbox 499 810 745 842; x_wconf 84' lang='lat' dir='ltr'>SPOLIAVIT</span> <span class='ocrx_word' id='word_1_54' title='bbox 788 798 842 841; x_wconf 89' lang='lat' dir='ltr'>ad</span> <span class='ocrx_word' id='word_1_55' title='bbox 880 799 1042 841; x_wconf 87' lang='lat' dir='ltr'>bellum</span> <span class='ocrx_word' id='word_1_56' title='bbox 1080 798 1252 854; x_wconf 90' lang='lat' dir='ltr'>retulit,</span> <span class='ocrx_word' id='word_1_57' title='bbox 1291 798 1337 840; x_wconf 91' lang='lat' dir='ltr'>in</span> <span class='ocrx_word' id='word_1_58' title='bbox 1369 813 1454 854; x_wconf 90' lang='lat' dir='ltr'>quo</span> <span class='ocrx_word' id='word_1_59' title='bbox 1486 798 1612 841; x_wconf 90' lang='lat' dir='ltr'>victis</span> <span class='ocrx_word' id='word_1_60' title='bbox 1644 798 1800 840; x_wconf 89' lang='lat' dir='ltr'>tollun—</span> 
     </span>
     <span class='ocr_line' id='line_1_9' title="bbox 87 871 380 913; baseline 0.003 -1"><span class='ocrx_word' id='word_1_61' title='bbox 87 874 159 913; x_wconf 88' lang='lat' dir='ltr'>tur</span> <span class='ocrx_word' id='word_1_62' title='bbox 191 871 380 913; x_wconf 85' lang='lat' dir='ltr'>exuviae.</span> 
     </span>
    </p>

    <p class='ocr_par' dir='ltr' id='par_1_6' title="bbox 86 941 1801 1128">
     <span class='ocr_line' id='line_1_10' title="bbox 207 941 1801 998; baseline 0 -14"><span class='ocrx_word' id='word_1_63' title='bbox 207 943 303 984; x_wconf 84' lang='lat'>170.</span> <span class='ocrx_word' id='word_1_64' title='bbox 352 954 448 985; x_wconf 81' lang='lat' dir='ltr'>NON</span> <span class='ocrx_word' id='word_1_65' title='bbox 475 954 733 985; x_wconf 81' lang='lat' dir='ltr'>INFERIORA</span> <span class='ocrx_word' id='word_1_66' title='bbox 760 953 963 985; x_wconf 82' lang='lat' dir='ltr'>SECVTVS</span> <span class='ocrx_word' id='word_1_67' title='bbox 989 941 1149 997; x_wconf 89' lang='lat' dir='ltr'>ubique</span> <span class='ocrx_word' id='word_1_68' title='bbox 1168 942 1348 985; x_wconf 86' lang='lat' dir='ltr'>Aenean</span> <span class='ocrx_word' id='word_1_69' title='bbox 1372 941 1553 984; x_wconf 89' lang='lat' dir='ltr'>Hectori</span> <span class='ocrx_word' id='word_1_70' title='bbox 1580 944 1801 998; x_wconf 74' lang='lat' dir='ltr'>conparat,</span> 
     </span>
     <span class='ocr_line' id='line_1_11' title="bbox 86 1013 1800 1069; baseline -0.001 -13"><span class='ocrx_word' id='word_1_71' title='bbox 86 1016 135 1055; x_wconf 88' lang='lat' dir='ltr'>ut</span> <span class='ocrx_word' id='word_1_72' title='bbox 177 1013 267 1068; x_wconf 85' lang='lat' dir='ltr'>&lt;XI</span> <span class='ocrx_word' id='word_1_73' title='bbox 299 1014 415 1069; x_wconf 82' lang='lat'>291&gt;</span> <span class='ocrx_word' id='word_1_74' title='bbox 459 1014 605 1056; x_wconf 91' lang='lat' dir='ltr'>ambo</span> <span class='ocrx_word' id='word_1_75' title='bbox 656 1014 867 1069; x_wconf 90' lang='lat' dir='ltr'>animis,</span> <span class='ocrx_word' id='word_1_76' title='bbox 917 1014 1064 1056; x_wconf 91' lang='lat' dir='ltr'>ambo</span> <span class='ocrx_word' id='word_1_77' title='bbox 1114 1014 1350 1069; x_wconf 87' lang='lat' dir='ltr'>insignes</span> <span class='ocrx_word' id='word_1_78' title='bbox 1401 1014 1800 1069; x_wconf 72' lang='lat' dir='ltr'>praestantibus</span> 
     </span>
     <span class='ocr_line' id='line_1_12' title="bbox 87 1085 258 1128; baseline 0.012 -2"><span class='ocrx_word' id='word_1_79' title='bbox 87 1085 258 1128; x_wconf 88' lang='lat' dir='ltr'>armis.</span> 
     </span>
    </p>

    <p class='ocr_par' dir='ltr' id='par_1_7' title="bbox 90 1157 1801 1284">
     <span class='ocr_line' id='line_1_13' title="bbox 210 1157 1801 1213; baseline -0.001 -14"><span class='ocrx_word' id='word_1_80' title='bbox 210 1157 306 1200; x_wconf 82' lang='lat'>171.</span> <span class='ocrx_word' id='word_1_81' title='bbox 356 1169 475 1200; x_wconf 80' lang='lat' dir='ltr'>cAVA</span> <span class='ocrx_word' id='word_1_82' title='bbox 519 1170 621 1200; x_wconf 87' lang='lat' dir='ltr'>DVM</span> <span class='ocrx_word' id='word_1_83' title='bbox 664 1169 908 1201; x_wconf 84' lang='lat' dir='ltr'>PERSONAT</span> <span class='ocrx_word' id='word_1_84' title='bbox 953 1169 1170 1208; x_wconf 83' lang='lat' dir='ltr'>AEQVORA</span> <span class='ocrx_word' id='word_1_85' title='bbox 1217 1169 1401 1200; x_wconf 85' lang='lat' dir='ltr'>CONCHA</span> <span class='ocrx_word' id='word_1_86' title='bbox 1448 1159 1524 1200; x_wconf 84' lang='lat' dir='ltr'>aut</span> <span class='ocrx_word' id='word_1_87' title='bbox 1567 1171 1801 1213; x_wconf 85' lang='lat' dir='ltr'>personare</span> 
     </span>
     <span class='ocr_line' id='line_1_14' title="bbox 90 1228 1545 1284; baseline 0.001 -15"><span class='ocrx_word' id='word_1_88' title='bbox 90 1228 215 1270; x_wconf 85' lang='lat' dir='ltr'>facit:</span> <span class='ocrx_word' id='word_1_89' title='bbox 247 1230 322 1271; x_wconf 88' lang='lat' dir='ltr'>aut</span> <span class='ocrx_word' id='word_1_90' title='bbox 354 1229 658 1284; x_wconf 74' lang='lat' dir='ltr'>hysterologia</span> <span class='ocrx_word' id='word_1_91' title='bbox 690 1231 773 1283; x_wconf 91' lang='lat' dir='ltr'>est,</span> <span class='ocrx_word' id='word_1_92' title='bbox 807 1228 907 1270; x_wconf 88' lang='lat' dir='ltr'>dum</span> <span class='ocrx_word' id='word_1_93' title='bbox 939 1243 1016 1284; x_wconf 89' lang='lat' dir='ltr'>per</span> <span class='ocrx_word' id='word_1_94' title='bbox 1049 1243 1155 1271; x_wconf 87' lang='lat' dir='ltr'>cava</span> <span class='ocrx_word' id='word_1_95' title='bbox 1187 1243 1375 1283; x_wconf 91' lang='lat' dir='ltr'>aequora</span> <span class='ocrx_word' id='word_1_96' title='bbox 1407 1231 1545 1271; x_wconf 90' lang='lat' dir='ltr'>sonat.</span> 
     </span>
    </p>

    <p class='ocr_par' dir='ltr' id='par_1_8' title="bbox 84 1299 1801 1427">
     <span class='ocr_line' id='line_1_15' title="bbox 210 1299 1801 1356; baseline 0 -14"><span class='ocrx_word' id='word_1_97' title='bbox 210 1300 307 1342; x_wconf 82' lang='lat'>172.</span> <span class='ocrx_word' id='word_1_98' title='bbox 356 1312 544 1343; x_wconf 84' lang='lat' dir='ltr'>DEMENS</span> <span class='ocrx_word' id='word_1_99' title='bbox 584 1300 855 1356; x_wconf 84' lang='lat' dir='ltr'>inprovidus,</span> <span class='ocrx_word' id='word_1_100' title='bbox 897 1300 971 1356; x_wconf 88' lang='lat' dir='ltr'>qui</span> <span class='ocrx_word' id='word_1_101' title='bbox 1008 1315 1095 1343; x_wconf 88' lang='lat' dir='ltr'>non</span> <span class='ocrx_word' id='word_1_102' title='bbox 1134 1300 1427 1343; x_wconf 87' lang='lat' dir='ltr'>consideravit</span> <span class='ocrx_word' id='word_1_103' title='bbox 1459 1300 1590 1342; x_wconf 87' lang='lat' dir='ltr'>etiam</span> <span class='ocrx_word' id='word_1_104' title='bbox 1622 1299 1724 1342; x_wconf 89' lang='lat' dir='ltr'>deos</span> <span class='ocrx_word' id='word_1_105' title='bbox 1756 1300 1801 1342; x_wconf 90' lang='lat' dir='ltr'>in</span> 
     </span>
     <span class='ocr_line' id='line_1_16' title="bbox 84 1370 882 1427; baseline 0.003 -15"><span class='ocrx_word' id='word_1_106' title='bbox 84 1370 427 1414; x_wconf 40' lang='lat' dir='ltr'>aemulationem*</span> <span class='ocrx_word' id='word_1_107' title='bbox 452 1387 579 1427; x_wconf 87' lang='lat' dir='ltr'>posse</span> <span class='ocrx_word' id='word_1_108' title='bbox 612 1371 882 1414; x_wconf 82' lang='lat' dir='ltr'>descendere.</span> 
     </span>
    </p>

    <p class='ocr_par' dir='ltr' id='par_1_9' title="bbox 84 1442 1802 1857">
     <span class='ocr_line' id='line_1_17' title="bbox 206 1442 1801 1499; baseline 0 -14"><span class='ocrx_word' id='word_1_109' title='bbox 206 1443 301 1486; x_wconf 83' lang='lat'>173.</span> <span class='ocrx_word' id='word_1_110' title='bbox 351 1455 567 1487; x_wconf 81' lang='lat' dir='ltr'>AEMVLVS</span> <span class='ocrx_word' id='word_1_111' title='bbox 608 1443 736 1486; x_wconf 90' lang='lat' dir='ltr'>modo</span> <span class='ocrx_word' id='word_1_112' title='bbox 777 1442 989 1485; x_wconf 75' lang='lat' dir='ltr'>‘eiusdem</span> <span class='ocrx_word' id='word_1_113' title='bbox 1021 1443 1083 1486; x_wconf 89' lang='lat' dir='ltr'>rei</span> <span class='ocrx_word' id='word_1_114' title='bbox 1122 1442 1378 1499; x_wconf 82' lang='lat' dir='ltr'>studiosus&#39;,</span> <span class='ocrx_word' id='word_1_115' title='bbox 1415 1443 1523 1485; x_wconf 87' lang='lat' dir='ltr'>alias</span> <span class='ocrx_word' id='word_1_116' title='bbox 1557 1442 1801 1485; x_wconf 72' lang='lat' dir='ltr'>‘inimicus&#39;</span> 
     </span>
     <span class='ocr_line' id='line_1_18' title="bbox 84 1503 1802 1571; baseline 0.001 -15"><span class='ocrx_word' id='word_1_117' title='bbox 84 1514 313 1558; x_wconf 86' lang='lat' dir='ltr'>invenitur.</span> <span class='ocrx_word' id='word_1_118' title='bbox 434 1527 686 1558; x_wconf 83' lang='lat' dir='ltr'>EXCEPTVM</span> <span class='ocrx_word' id='word_1_119' title='bbox 726 1529 980 1570; x_wconf 89' lang='lat' dir='ltr'>oppressum</span> <span class='ocrx_word' id='word_1_120' title='bbox 1018 1514 1204 1557; x_wconf 86' lang='lat' dir='ltr'>insidiis:</span> <span class='ocrx_word' id='word_1_121' title='bbox 1248 1530 1332 1571; x_wconf 90' lang='lat' dir='ltr'>quo</span> <span class='ocrx_word' id='word_1_122' title='bbox 1372 1529 1570 1557; x_wconf 85' lang='lat' dir='ltr'>sermone</span> <span class='ocrx_word' id='word_1_123' title='bbox 1610 1503 1802 1558; x_wconf 85' lang='lat' dir='ltr'>ostendit</span> 
     </span>
     <span class='ocr_line' id='line_1_19' title="bbox 84 1586 1802 1643; baseline 0.001 -15"><span class='ocrx_word' id='word_1_124' title='bbox 84 1602 182 1629; x_wconf 91' lang='lat' dir='ltr'>eum</span> <span class='ocrx_word' id='word_1_125' title='bbox 224 1589 371 1630; x_wconf 85' lang='lat' dir='ltr'>tantae</span> <span class='ocrx_word' id='word_1_126' title='bbox 415 1587 548 1630; x_wconf 87' lang='lat' dir='ltr'>fuisse</span> <span class='ocrx_word' id='word_1_127' title='bbox 595 1586 788 1643; x_wconf 86' lang='lat' dir='ltr'>virtutis,</span> <span class='ocrx_word' id='word_1_128' title='bbox 832 1589 882 1629; x_wconf 90' lang='lat' dir='ltr'>ut</span> <span class='ocrx_word' id='word_1_129' title='bbox 921 1602 975 1629; x_wconf 91' lang='lat' dir='ltr'>ne</span> <span class='ocrx_word' id='word_1_130' title='bbox 1014 1602 1039 1629; x_wconf 91' lang='lat' dir='ltr'>a</span> <span class='ocrx_word' id='word_1_131' title='bbox 1075 1587 1251 1629; x_wconf 86' lang='lat' dir='ltr'>numine</span> <span class='ocrx_word' id='word_1_132' title='bbox 1294 1587 1466 1642; x_wconf 90' lang='lat' dir='ltr'>quidem</span> <span class='ocrx_word' id='word_1_133' title='bbox 1506 1587 1591 1629; x_wconf 89' lang='lat' dir='ltr'>nisi</span> <span class='ocrx_word' id='word_1_134' title='bbox 1630 1587 1802 1629; x_wconf 87' lang='lat' dir='ltr'>insidiis</span> 
     </span>
     <span class='ocr_line' id='line_1_20' title="bbox 86 1658 1801 1715; baseline 0 -14"><span class='ocrx_word' id='word_1_135' title='bbox 86 1659 413 1715; x_wconf 88' lang='lat' dir='ltr'>opprimeretur.</span> <span class='ocrx_word' id='word_1_136' title='bbox 528 1671 705 1702; x_wconf 82' lang='lat' dir='ltr'>TRITON</span> <span class='ocrx_word' id='word_1_137' title='bbox 737 1658 1008 1714; x_wconf 88' lang='lat' dir='ltr'>paenultima</span> <span class='ocrx_word' id='word_1_138' title='bbox 1040 1660 1263 1701; x_wconf 88' lang='lat' dir='ltr'>accentum</span> <span class='ocrx_word' id='word_1_139' title='bbox 1293 1658 1445 1714; x_wconf 91' lang='lat' dir='ltr'>habet,</span> <span class='ocrx_word' id='word_1_140' title='bbox 1476 1674 1579 1701; x_wconf 89' lang='lat' dir='ltr'>nam</span> <span class='ocrx_word' id='word_1_141' title='bbox 1606 1658 1801 1701; x_wconf 84' lang='lat' dir='ltr'>Tritonis</span> 
     </span>
     <span class='ocr_line' id='line_1_21' title="bbox 85 1729 1802 1786; baseline 0 -14"><span class='ocrx_word' id='word_1_142' title='bbox 85 1730 212 1772; x_wconf 89' lang='lat' dir='ltr'>facit:</span> <span class='ocrx_word' id='word_1_143' title='bbox 244 1730 282 1773; x_wconf 90' lang='lat' dir='ltr'>si</span> <span class='ocrx_word' id='word_1_144' title='bbox 308 1730 421 1772; x_wconf 91' lang='lat' dir='ltr'>enim</span> <span class='ocrx_word' id='word_1_145' title='bbox 447 1731 603 1773; x_wconf 89' lang='lat' dir='ltr'>ultima</span> <span class='ocrx_word' id='word_1_146' title='bbox 627 1731 806 1786; x_wconf 87' lang='lat' dir='ltr'>habeat,</span> <span class='ocrx_word' id='word_1_147' title='bbox 839 1729 1054 1776; x_wconf 85' lang='lat' dir='ltr'>Tritontis</span> <span class='ocrx_word' id='word_1_148' title='bbox 1086 1730 1208 1786; x_wconf 89' lang='lat' dir='ltr'>facit,</span> <span class='ocrx_word' id='word_1_149' title='bbox 1241 1730 1356 1786; x_wconf 90' lang='lat' dir='ltr'>quod</span> <span class='ocrx_word' id='word_1_150' title='bbox 1386 1745 1474 1773; x_wconf 90' lang='lat' dir='ltr'>non</span> <span class='ocrx_word' id='word_1_151' title='bbox 1506 1730 1719 1785; x_wconf 84' lang='lat' dir='ltr'>procedit:</span> <span class='ocrx_word' id='word_1_152' title='bbox 1753 1732 1802 1772; x_wconf 90' lang='lat' dir='ltr'>ut</span> 
     </span>
     <span class='ocr_line' id='line_1_22' title="bbox 86 1800 779 1857; baseline 0.001 -14"><span class='ocrx_word' id='word_1_153' title='bbox 86 1800 390 1857; x_wconf 85' lang='lat' dir='ltr'>Demophoon,</span> <span class='ocrx_word' id='word_1_154' title='bbox 420 1801 779 1857; x_wconf 89' lang='lat' dir='ltr'>Demophoontis.</span> 
     </span>
    </p>

    <p class='ocr_par' dir='ltr' id='par_1_10' title="bbox 87 1872 1801 1999">
     <span class='ocr_line' id='line_1_23' title="bbox 208 1872 1801 1929; baseline 0.001 -14"><span class='ocrx_word' id='word_1_155' title='bbox 208 1872 305 1915; x_wconf 82' lang='lat'>175.</span> <span class='ocrx_word' id='word_1_156' title='bbox 354 1884 479 1916; x_wconf 83' lang='lat' dir='ltr'>ERGO</span> <span class='ocrx_word' id='word_1_157' title='bbox 520 1876 597 1916; x_wconf 88' lang='lat' dir='ltr'>aut</span> <span class='ocrx_word' id='word_1_158' title='bbox 634 1874 736 1929; x_wconf 88' lang='lat' dir='ltr'>quia</span> <span class='ocrx_word' id='word_1_159' title='bbox 774 1874 875 1916; x_wconf 87' lang='lat' dir='ltr'>talis</span> <span class='ocrx_word' id='word_1_160' title='bbox 913 1873 1120 1929; x_wconf 89' lang='lat' dir='ltr'>perierat,</span> <span class='ocrx_word' id='word_1_161' title='bbox 1163 1876 1239 1916; x_wconf 86' lang='lat' dir='ltr'>aut</span> <span class='ocrx_word' id='word_1_162' title='bbox 1269 1873 1372 1929; x_wconf 87' lang='lat' dir='ltr'>quia</span> <span class='ocrx_word' id='word_1_163' title='bbox 1404 1874 1465 1916; x_wconf 90' lang='lat' dir='ltr'>sic</span> <span class='ocrx_word' id='word_1_164' title='bbox 1496 1873 1640 1916; x_wconf 88' lang='lat' dir='ltr'>fuerat</span> <span class='ocrx_word' id='word_1_165' title='bbox 1671 1874 1801 1917; x_wconf 89' lang='lat' dir='ltr'>inter-</span> 
     </span>
     <span class='ocr_line' id='line_1_24' title="bbox 87 1946 269 1999; baseline 0.005 -13"><span class='ocrx_word' id='word_1_166' title='bbox 87 1946 269 1999; x_wconf 87' lang='lat' dir='ltr'>emptus.</span> 
     </span>
    </p>

    <p class='ocr_par' dir='ltr' id='par_1_11' title="bbox 89 2016 1801 2144">
     <span class='ocr_line' id='line_1_25' title="bbox 209 2016 1801 2073; baseline 0.001 -14"><span class='ocrx_word' id='word_1_167' title='bbox 209 2017 303 2059; x_wconf 81' lang='grc'><strong>176.</strong></span> <span class='ocrx_word' id='word_1_168' title='bbox 353 2028 613 2059; x_wconf 82' lang='lat' dir='ltr'>PRAEOIPVE</span> <span class='ocrx_word' id='word_1_169' title='bbox 660 2027 764 2059; x_wconf 79' lang='lat' dir='ltr'>PIVS</span> <span class='ocrx_word' id='word_1_170' title='bbox 809 2027 987 2059; x_wconf 81' lang='lat' dir='ltr'>AENEAS</span> <span class='ocrx_word' id='word_1_171' title='bbox 1032 2016 1192 2072; x_wconf 88' lang='lat' dir='ltr'>ubique</span> <span class='ocrx_word' id='word_1_172' title='bbox 1233 2017 1415 2059; x_wconf 87' lang='lat' dir='ltr'>Aenean</span> <span class='ocrx_word' id='word_1_173' title='bbox 1459 2032 1590 2073; x_wconf 88' lang='lat' dir='ltr'>supra</span> <span class='ocrx_word' id='word_1_174' title='bbox 1634 2020 1801 2060; x_wconf 85' lang='lat' dir='ltr'>ceteros</span> 
     </span>
     <span class='ocr_line' id='line_1_26' title="bbox 89 2087 1801 2144; baseline 0.001 -14"><span class='ocrx_word' id='word_1_175' title='bbox 89 2088 255 2131; x_wconf 83' lang='lat' dir='ltr'>inducit</span> <span class='ocrx_word' id='word_1_176' title='bbox 286 2091 470 2131; x_wconf 91' lang='lat' dir='ltr'>mortem</span> <span class='ocrx_word' id='word_1_177' title='bbox 502 2088 733 2131; x_wconf 86' lang='lat' dir='ltr'>cuiuslibet</span> <span class='ocrx_word' id='word_1_178' title='bbox 764 2088 920 2144; x_wconf 90' lang='lat' dir='ltr'>dolere,</span> <span class='ocrx_word' id='word_1_179' title='bbox 952 2090 1001 2130; x_wconf 88' lang='lat' dir='ltr'>ut</span> <span class='ocrx_word' id='word_1_180' title='bbox 1034 2087 1084 2143; x_wconf 89' lang='grc' dir='ltr'>&lt;Ι</span> <span class='ocrx_word' id='word_1_181' title='bbox 1109 2089 1224 2143; x_wconf 81' lang='lat'>221&gt;</span> <span class='ocrx_word' id='word_1_182' title='bbox 1256 2102 1387 2131; x_wconf 89' lang='lat' dir='ltr'>nunc</span> <span class='ocrx_word' id='word_1_183' title='bbox 1412 2087 1595 2143; x_wconf 84' lang='lat' dir='ltr'>Amyci</span> <span class='ocrx_word' id='word_1_184' title='bbox 1627 2104 1801 2131; x_wconf 85' lang='lat' dir='ltr'>casum</span> 
     </span>
    </p>
   </div>
   <div class='ocr_carea' id='block_1_3' title="bbox 87 2205 1718 2301">
    <p class='ocr_par' dir='ltr' id='par_1_12' title="bbox 87 2205 1795 2301">
     <span class='ocr_line' id='line_1_27' title="bbox 184 2205 1718 2253; baseline 0.002 -13"><span class='ocrx_word' id='word_1_185' title='bbox 184 2212 201 2241; x_wconf 93' lang='lat'>1</span> <span class='ocrx_word' id='word_1_186' title='bbox 228 2206 393 2242; x_wconf 87' lang='lat' dir='ltr'>hinc</span> <span class='ocrx_word' id='word_1_187' title='bbox 415 2206 566 2253; x_wconf 87' lang='lat' dir='ltr'>seritur]</span> <span class='ocrx_word' id='word_1_188' title='bbox 601 2217 715 2242; x_wconf 86' lang='lat' dir='ltr'>exscr.</span> <span class='ocrx_word' id='word_1_189' title='bbox 742 2205 827 2241; x_wconf 88' lang='lat' dir='ltr'>Isid.</span> <span class='ocrx_word' id='word_1_190' title='bbox 855 2217 907 2241; x_wconf 87' lang='lat' dir='ltr'>or.</span> <span class='ocrx_word' id='word_1_191' title='bbox 933 2205 984 2241; x_wconf 93' lang='lat' dir='ltr'>VI</span> <span class='ocrx_word' id='word_1_192' title='bbox 1010 2209 1044 2250; x_wconf 88' lang='grc'>8,</span> <span class='ocrx_word' id='word_1_193' title='bbox 1070 2210 1109 2250; x_wconf 84' lang='grc'>3;</span> <span class='ocrx_word' id='word_1_194' title='bbox 1145 2205 1222 2240; x_wconf 86' lang='lat' dir='ltr'>diff.</span> <span class='ocrx_word' id='word_1_195' title='bbox 1249 2206 1350 2242; x_wconf 86' lang='lat' dir='ltr'>verb.</span> <span class='ocrx_word' id='word_1_196' title='bbox 1378 2209 1446 2241; x_wconf 83' lang='lat'>578</span> <span class='ocrx_word' id='word_1_197' title='bbox 1485 2207 1497 2252; x_wconf 83' lang='grc' dir='ltr'>ΙΙ</span> <span class='ocrx_word' id='word_1_198' title='bbox 1536 2210 1579 2241; x_wconf 87' lang='grc'>16</span> <span class='ocrx_word' id='word_1_199' title='bbox 1606 2207 1795 2244; x_wconf 90' lang='lat' dir='ltr'>modo</span> 
     </span>
     <span class='ocr_line' id='line_1_28' title="bbox 87 2253 735 2301; baseline 0 -11"><span class='ocrx_word' id='word_1_200' title='bbox 87 2254 291 2301; x_wconf 89' lang='lat' dir='ltr'>invenitur]</span> <span class='ocrx_word' id='word_1_201' title='bbox 321 2265 435 2290; x_wconf 87' lang='lat' dir='ltr'>exscr.</span> <span class='ocrx_word' id='word_1_202' title='bbox 462 2254 549 2290; x_wconf 88' lang='lat' dir='ltr'>Isid.</span> <span class='ocrx_word' id='word_1_203' title='bbox 577 2265 628 2291; x_wconf 92' lang='lat' dir='ltr'>or.</span> <span class='ocrx_word' id='word_1_204' title='bbox 654 2253 688 2288; x_wconf 93' lang='lat' dir='ltr'>X</span> <span class='ocrx_word' id='word_1_205' title='bbox 716 2258 735 2290; x_wconf 95' lang='grc'><strong>7</strong></span> 
     </span>
    </p>
   </div>
   <div class='ocr_carea' id='block_1_4' title="bbox 88 2328 280 2332">
    <p class='ocr_par' dir='ltr' id='par_1_13' title="bbox 88 2328 280 2332">
     <span class='ocr_line' id='line_1_29' title="bbox 88 2328 280 2332; baseline 0 0"><span class='ocrx_word' id='word_1_206' title='bbox 88 2328 280 2332; x_wconf 95' lang='lat' dir='ltr'> </span> 
     </span>
    </p>
   </div>
   <div class='ocr_carea' id='block_1_5' title="bbox 59 2360 1802 2911">
    <p class='ocr_par' dir='ltr' id='par_1_14' title="bbox 59 2360 1802 2884">
     <span class='ocr_line' id='line_1_30' title="bbox 185 2360 1800 2409; baseline 0.001 -13"><span class='ocrx_word' id='word_1_207' title='bbox 185 2366 202 2396; x_wconf 99' lang='grc'>1</span> <span class='ocrx_word' id='word_1_208' title='bbox 229 2361 291 2397; x_wconf 89' lang='grc'><strong>1110</strong></span> <span class='ocrx_word' id='word_1_209' title='bbox 319 2362 383 2397; x_wconf 87' lang='lat' dir='ltr'>M:</span> <span class='ocrx_word' id='word_1_210' title='bbox 410 2360 472 2397; x_wconf 88' lang='lat' dir='ltr'>hic</span> <span class='ocrx_word' id='word_1_211' title='bbox 497 2362 559 2397; x_wconf 88' lang='grc'><strong>1101</strong></span> <span class='ocrx_word' id='word_1_212' title='bbox 584 2360 672 2398; x_wconf 85' lang='lat' dir='ltr'>hinc</span> <span class='ocrx_word' id='word_1_213' title='bbox 691 2361 736 2396; x_wconf 88' lang='lat' dir='ltr'><em>H</em></span> <span class='ocrx_word' id='word_1_214' title='bbox 768 2360 855 2396; x_wconf 92' lang='lat' dir='ltr'>hinc</span> <span class='ocrx_word' id='word_1_215' title='bbox 881 2360 1085 2396; x_wconf 77' lang='lat' dir='ltr'>FGRAS</span> <span class='ocrx_word' id='word_1_216' title='bbox 1109 2362 1120 2407; x_wconf 86' lang='grc' dir='ltr'>ΙΙ</span> <span class='ocrx_word' id='word_1_217' title='bbox 1151 2365 1172 2396; x_wconf 80' lang='lat'>2</span> <span class='ocrx_word' id='word_1_218' title='bbox 1199 2360 1323 2406; x_wconf 85' lang='lat' dir='ltr'>quiter</span> <span class='ocrx_word' id='word_1_219' title='bbox 1342 2361 1377 2395; x_wconf 81' lang='lat' dir='ltr'>A</span> <span class='ocrx_word' id='word_1_220' title='bbox 1405 2361 1484 2407; x_wconf 89' lang='lat' dir='ltr'>(qui</span> <span class='ocrx_word' id='word_1_221' title='bbox 1511 2361 1608 2398; x_wconf 90' lang='lat' dir='ltr'>inter</span> <span class='ocrx_word' id='word_1_222' title='bbox 1627 2363 1664 2408; x_wconf 87' lang='lat' dir='ltr'>a)</span> <span class='ocrx_word' id='word_1_223' title='bbox 1683 2363 1696 2407; x_wconf 85' lang='grc' dir='ltr'>ΙΙ</span> <span class='ocrx_word' id='word_1_224' title='bbox 1721 2362 1800 2409; x_wconf 89' lang='lat' dir='ltr'>qui]</span> 
     </span>
     <span class='ocr_line' id='line_1_31' title="bbox 90 2408 1800 2456; baseline 0.001 -12"><span class='ocrx_word' id='word_1_225' title='bbox 90 2408 178 2453; x_wconf 87' lang='lat' dir='ltr'>quid</span> <span class='ocrx_word' id='word_1_226' title='bbox 203 2408 240 2444; x_wconf 84' lang='lat' dir='ltr'><em>R</em></span> <span class='ocrx_word' id='word_1_227' title='bbox 270 2409 283 2454; x_wconf 89' lang='grc' dir='ltr'>ΙΙ</span> <span class='ocrx_word' id='word_1_228' title='bbox 319 2410 534 2456; x_wconf 87' lang='lat' dir='ltr'>utrumque]</span> <span class='ocrx_word' id='word_1_229' title='bbox 572 2408 664 2445; x_wconf 84' lang='lat' dir='ltr'>duos</span> <span class='ocrx_word' id='word_1_230' title='bbox 690 2409 894 2445; x_wconf 80' lang='lat' dir='ltr'>Fabricius</span> <span class='ocrx_word' id='word_1_231' title='bbox 924 2410 937 2455; x_wconf 84' lang='grc' dir='ltr'>ΙΙ</span> <span class='ocrx_word' id='word_1_232' title='bbox 973 2409 1123 2456; x_wconf 86' lang='lat' dir='ltr'>seritur]</span> <span class='ocrx_word' id='word_1_233' title='bbox 1157 2409 1283 2455; x_wconf 87' lang='lat' dir='ltr'>agitur</span> <span class='ocrx_word' id='word_1_234' title='bbox 1308 2409 1362 2444; x_wconf 86' lang='lat' dir='ltr'>M.</span> <span class='ocrx_word' id='word_1_235' title='bbox 1403 2411 1440 2444; x_wconf 85' lang='lat' dir='ltr'>et</span> <span class='ocrx_word' id='word_1_236' title='bbox 1470 2409 1569 2444; x_wconf 89' lang='lat' dir='ltr'>inter</span> <span class='ocrx_word' id='word_1_237' title='bbox 1599 2412 1800 2455; x_wconf 84' lang='lat' dir='ltr'>utrumque</span> 
     </span>
     <span class='ocr_line' id='line_1_32' title="bbox 88 2455 1800 2504; baseline 0.001 -13"><span class='ocrx_word' id='word_1_238' title='bbox 88 2456 213 2503; x_wconf 82' lang='lat' dir='ltr'>agitur</span> <span class='ocrx_word' id='word_1_239' title='bbox 239 2457 323 2492; x_wconf 82' lang='lat' dir='ltr'>add.</span> <span class='ocrx_word' id='word_1_240' title='bbox 349 2455 389 2491; x_wconf 88' lang='lat' dir='ltr'><em>D</em></span> <span class='ocrx_word' id='word_1_241' title='bbox 416 2458 428 2502; x_wconf 88' lang='grc' dir='ltr'>ΙΙ</span> <span class='ocrx_word' id='word_1_242' title='bbox 460 2462 480 2492; x_wconf 87' lang='grc'><strong>3</strong></span> <span class='ocrx_word' id='word_1_243' title='bbox 506 2457 643 2492; x_wconf 75' lang='lat' dir='ltr'>scholia</span> <span class='ocrx_word' id='word_1_244' title='bbox 668 2457 718 2493; x_wconf 82' lang='lat' dir='ltr'>ad</span> <span class='ocrx_word' id='word_1_245' title='bbox 742 2468 774 2493; x_wconf 84' lang='lat' dir='ltr'>v.</span> <span class='ocrx_word' id='word_1_246' title='bbox 802 2460 988 2492; x_wconf 82' lang='lat'><strong>163—171</strong></span> <span class='ocrx_word' id='word_1_247' title='bbox 1016 2467 1082 2493; x_wconf 89' lang='lat' dir='ltr'>om.</span> <span class='ocrx_word' id='word_1_248' title='bbox 1110 2456 1144 2491; x_wconf 81' lang='lat' dir='ltr'><em>G</em></span> <span class='ocrx_word' id='word_1_249' title='bbox 1170 2458 1181 2503; x_wconf 91' lang='grc' dir='ltr'>ΙΙ</span> <span class='ocrx_word' id='word_1_250' title='bbox 1212 2456 1288 2502; x_wconf 88' lang='lat' dir='ltr'>vel]</span> <span class='ocrx_word' id='word_1_251' title='bbox 1317 2467 1383 2493; x_wconf 85' lang='lat' dir='ltr'>om.</span> <span class='ocrx_word' id='word_1_252' title='bbox 1410 2456 1458 2500; x_wconf 83' lang='lat' dir='ltr'>R,</span> <span class='ocrx_word' id='word_1_253' title='bbox 1483 2468 1551 2492; x_wconf 92' lang='lat' dir='ltr'>nec</span> <span class='ocrx_word' id='word_1_254' title='bbox 1577 2458 1622 2492; x_wconf 91' lang='lat' dir='ltr'><em>H</em></span> <span class='ocrx_word' id='word_1_255' title='bbox 1649 2458 1660 2504; x_wconf 85' lang='grc' dir='ltr'>ΙΙ</span> <span class='ocrx_word' id='word_1_256' title='bbox 1692 2462 1714 2492; x_wconf 81' lang='lat'>4</span> <span class='ocrx_word' id='word_1_257' title='bbox 1740 2469 1800 2493; x_wconf 84' lang='lat' dir='ltr'>ex-</span> 
     </span>
     <span class='ocr_line' id='line_1_33' title="bbox 88 2503 1801 2551; baseline 0 -12"><span class='ocrx_word' id='word_1_258' title='bbox 88 2503 327 2539; x_wconf 84' lang='lat' dir='ltr'>stinctionem</span> <span class='ocrx_word' id='word_1_259' title='bbox 353 2504 393 2538; x_wconf 90' lang='lat' dir='ltr'><em>F</em></span> <span class='ocrx_word' id='word_1_260' title='bbox 407 2505 420 2549; x_wconf 87' lang='grc' dir='ltr'>ΙΙ</span> <span class='ocrx_word' id='word_1_261' title='bbox 446 2504 703 2540; x_wconf 85' lang='lat' dir='ltr'>contrarietati</span> <span class='ocrx_word' id='word_1_262' title='bbox 729 2504 769 2539; x_wconf 98' lang='lat' dir='ltr'><em>F</em></span> <span class='ocrx_word' id='word_1_263' title='bbox 791 2505 802 2551; x_wconf 83' lang='grc' dir='ltr'>ΙΙ</span> <span class='ocrx_word' id='word_1_264' title='bbox 831 2507 851 2539; x_wconf 88' lang='grc'>5</span> <span class='ocrx_word' id='word_1_265' title='bbox 879 2503 1139 2540; x_wconf 87' lang='lat' dir='ltr'>emithichium</span> <span class='ocrx_word' id='word_1_266' title='bbox 1166 2504 1202 2538; x_wconf 74' lang='lat' dir='ltr'><em>R</em></span> <span class='ocrx_word' id='word_1_267' title='bbox 1241 2503 1491 2539; x_wconf 85' lang='lat' dir='ltr'>emistichium</span> <span class='ocrx_word' id='word_1_268' title='bbox 1518 2504 1553 2540; x_wconf 84' lang='lat' dir='ltr'>A</span> <span class='ocrx_word' id='word_1_269' title='bbox 1590 2504 1801 2541; x_wconf 88' lang='lat' dir='ltr'>emisticum</span> 
     </span>
     <span class='ocr_line' id='line_1_34' title="bbox 88 2550 1800 2598; baseline 0.001 -13"><span class='ocrx_word' id='word_1_270' title='bbox 88 2551 134 2586; x_wconf 87' lang='lat' dir='ltr'><strong><em>H</em></strong></span> <span class='ocrx_word' id='word_1_271' title='bbox 168 2550 429 2596; x_wconf 84' lang='lat' dir='ltr'>emystichium</span> <span class='ocrx_word' id='word_1_272' title='bbox 450 2552 500 2586; x_wconf 89' lang='lat' dir='ltr'><em>M</em></span> <span class='ocrx_word' id='word_1_273' title='bbox 516 2554 528 2597; x_wconf 82' lang='grc' dir='ltr'>Ι]</span> <span class='ocrx_word' id='word_1_274' title='bbox 546 2563 759 2591; x_wconf 76' lang='lat' dir='ltr'>MARTEMQVE</span> <span class='ocrx_word' id='word_1_275' title='bbox 786 2581 793 2587; x_wconf 96' lang='lat'>.</span> <span class='ocrx_word' id='word_1_276' title='bbox 816 2580 824 2588; x_wconf 92' lang='lat'>.</span> <span class='ocrx_word' id='word_1_277' title='bbox 847 2580 854 2587; x_wconf 96' lang='lat'>.</span> <span class='ocrx_word' id='word_1_278' title='bbox 880 2552 1030 2598; x_wconf 84' lang='lat' dir='ltr'>recitat]</span> <span class='ocrx_word' id='word_1_279' title='bbox 1057 2563 1261 2587; x_wconf 71' lang='lat' dir='ltr'>Aconum-:RE</span> <span class='ocrx_word' id='word_1_280' title='bbox 1287 2563 1431 2587; x_wconf 81' lang='lat' dir='ltr'>MARTEM</span> <span class='ocrx_word' id='word_1_281' title='bbox 1455 2552 1736 2588; x_wconf 84' lang='lat' dir='ltr'>hemistichium</span> <span class='ocrx_word' id='word_1_282' title='bbox 1762 2553 1800 2587; x_wconf 85' lang='lat' dir='ltr'>id</span> 
     </span>
     <span class='ocr_line' id='line_1_35' title="bbox 88 2598 1799 2645; baseline 0.001 -11"><span class='ocrx_word' id='word_1_283' title='bbox 88 2599 146 2634; x_wconf 88' lang='lat' dir='ltr'>est</span> <span class='ocrx_word' id='word_1_284' title='bbox 172 2598 368 2634; x_wconf 88' lang='lat' dir='ltr'>dimidium</span> <span class='ocrx_word' id='word_1_285' title='bbox 394 2610 543 2634; x_wconf 84' lang='lat' dir='ltr'>uersum</span> <span class='ocrx_word' id='word_1_286' title='bbox 569 2600 640 2634; x_wconf 90' lang='lat' dir='ltr'>hoc</span> <span class='ocrx_word' id='word_1_287' title='bbox 665 2600 802 2635; x_wconf 86' lang='lat' dir='ltr'>dicitur</span> <span class='ocrx_word' id='word_1_288' title='bbox 826 2599 1015 2635; x_wconf 88' lang='lat' dir='ltr'>addidisse</span> <span class='ocrx_word' id='word_1_289' title='bbox 1036 2598 1126 2634; x_wconf 89' lang='lat' dir='ltr'>dum</span> <span class='ocrx_word' id='word_1_290' title='bbox 1144 2599 1304 2645; x_wconf 87' lang='lat' dir='ltr'>augusto</span> <span class='ocrx_word' id='word_1_291' title='bbox 1330 2600 1430 2634; x_wconf 90' lang='lat' dir='ltr'>hunc</span> <span class='ocrx_word' id='word_1_292' title='bbox 1455 2599 1593 2635; x_wconf 87' lang='lat' dir='ltr'>librum</span> <span class='ocrx_word' id='word_1_293' title='bbox 1614 2601 1799 2636; x_wconf 85' lang='lat' dir='ltr'>recitaret.</span> 
     </span>
     <span class='ocr_line' id='line_1_36' title="bbox 90 2646 1800 2693; baseline 0.001 -12"><span class='ocrx_word' id='word_1_294' title='bbox 90 2657 177 2681; x_wconf 89' lang='lat' dir='ltr'>nam</span> <span class='ocrx_word' id='word_1_295' title='bbox 204 2648 291 2681; x_wconf 86' lang='lat' dir='ltr'>ante</span> <span class='ocrx_word' id='word_1_296' title='bbox 316 2646 596 2682; x_wconf 83' lang='lat' dir='ltr'>hemistichium</span> <span class='ocrx_word' id='word_1_297' title='bbox 621 2646 763 2683; x_wconf 87' lang='lat' dir='ltr'>fecerat</span> <span class='ocrx_word' id='word_1_298' title='bbox 788 2646 945 2682; x_wconf 86' lang='lat' dir='ltr'>dicendo</span> <span class='ocrx_word' id='word_1_299' title='bbox 971 2657 1056 2682; x_wconf 87' lang='lat' dir='ltr'>aere</span> <span class='ocrx_word' id='word_1_300' title='bbox 1083 2646 1180 2682; x_wconf 89' lang='lat' dir='ltr'>ciere</span> <span class='ocrx_word' id='word_1_301' title='bbox 1206 2646 1306 2682; x_wconf 89' lang='lat' dir='ltr'>uiros</span> <span class='ocrx_word' id='word_1_302' title='bbox 1327 2658 1351 2691; x_wconf 76' lang='lat' dir='ltr'>q</span> <span class='ocrx_word' id='word_1_303' title='bbox 1370 2648 1502 2693; x_wconf 85' lang='lat' dir='ltr'>postea</span> <span class='ocrx_word' id='word_1_304' title='bbox 1526 2646 1565 2683; x_wconf 91' lang='lat' dir='ltr'>in</span> <span class='ocrx_word' id='word_1_305' title='bbox 1584 2648 1800 2693; x_wconf 85' lang='lat' dir='ltr'>praesentia</span> 
     </span>
     <span class='ocr_line' id='line_1_37' title="bbox 89 2693 1799 2739; baseline 0.001 -11"><span class='ocrx_word' id='word_1_306' title='bbox 89 2693 237 2739; x_wconf 84' lang='lat' dir='ltr'>augusti</span> <span class='ocrx_word' id='word_1_307' title='bbox 263 2705 308 2729; x_wconf 88' lang='lat' dir='ltr'>ex</span> <span class='ocrx_word' id='word_1_308' title='bbox 332 2693 566 2730; x_wconf 84' lang='lat' dir='ltr'>abundantia</span> <span class='ocrx_word' id='word_1_309' title='bbox 590 2695 802 2731; x_wconf 89' lang='lat' dir='ltr'>intellectus</span> <span class='ocrx_word' id='word_1_310' title='bbox 828 2693 975 2730; x_wconf 84' lang='lat' dir='ltr'>addidit</span> <span class='ocrx_word' id='word_1_311' title='bbox 1001 2694 1124 2730; x_wconf 82' lang='lat' dir='ltr'>subito</span> <span class='ocrx_word' id='word_1_312' title='bbox 1143 2695 1377 2739; x_wconf 82' lang='lat' dir='ltr'>martemque</span> <span class='ocrx_word' id='word_1_313' title='bbox 1398 2695 1600 2731; x_wconf 87' lang='lat' dir='ltr'>accendere</span> <span class='ocrx_word' id='word_1_314' title='bbox 1621 2698 1733 2731; x_wconf 84' lang='lat' dir='ltr'>cantu</span> <span class='ocrx_word' id='word_1_315' title='bbox 1751 2695 1799 2730; x_wconf 91' lang='lat' dir='ltr'>D.</span> 
     </span>
     <span class='ocr_line' id='line_1_38' title="bbox 89 2741 1802 2788; baseline 0.001 -11"><span class='ocrx_word' id='word_1_316' title='bbox 89 2741 135 2786; x_wconf 82' lang='lat' dir='ltr'>cf.</span> <span class='ocrx_word' id='word_1_317' title='bbox 156 2741 301 2777; x_wconf 78' lang='lat' dir='ltr'>Donati</span> <span class='ocrx_word' id='word_1_318' title='bbox 324 2742 402 2777; x_wconf 78' lang='lat' dir='ltr'>vita</span> <span class='ocrx_word' id='word_1_319' title='bbox 421 2753 462 2787; x_wconf 81' lang='lat'>10·</span> <span class='ocrx_word' id='word_1_320' title='bbox 484 2745 531 2777; x_wconf 82' lang='lat'>61</span> <span class='ocrx_word' id='word_1_321' title='bbox 545 2753 594 2788; x_wconf 78' lang='lat' dir='ltr'>sq.</span> <span class='ocrx_word' id='word_1_322' title='bbox 616 2742 824 2787; x_wconf 79' lang='lat' dir='ltr'>Reiffersch.</span> <span class='ocrx_word' id='word_1_323' title='bbox 845 2743 857 2787; x_wconf 84' lang='grc' dir='ltr'>ΙΙ</span> <span class='ocrx_word' id='word_1_324' title='bbox 877 2745 897 2776; x_wconf 86' lang='grc'>8</span> <span class='ocrx_word' id='word_1_325' title='bbox 925 2742 1080 2777; x_wconf 88' lang='lat' dir='ltr'>exuiuae</span> <span class='ocrx_word' id='word_1_326' title='bbox 1106 2741 1147 2777; x_wconf 91' lang='lat' dir='ltr'><em>F</em></span> <span class='ocrx_word' id='word_1_327' title='bbox 1162 2743 1173 2788; x_wconf 83' lang='grc' dir='ltr'>ΙΙ</span> <span class='ocrx_word' id='word_1_328' title='bbox 1195 2746 1237 2777; x_wconf 90' lang='grc'>13</span> <span class='ocrx_word' id='word_1_329' title='bbox 1263 2741 1511 2788; x_wconf 76' lang='lat' dir='ltr'>hister-ologia</span> <span class='ocrx_word' id='word_1_330' title='bbox 1535 2743 1671 2778; x_wconf 85' lang='lat' dir='ltr'>RAH</span> <span class='ocrx_word' id='word_1_331' title='bbox 1702 2744 1802 2787; x_wconf 86' lang='lat' dir='ltr'>yste-</span> 
     </span>
     <span class='ocr_line' id='line_1_39' title="bbox 89 2788 1802 2836; baseline 0.002 -13"><span class='ocrx_word' id='word_1_332' title='bbox 89 2788 235 2834; x_wconf 86' lang='lat' dir='ltr'>rologia</span> <span class='ocrx_word' id='word_1_333' title='bbox 256 2789 307 2824; x_wconf 90' lang='lat' dir='ltr'><em>M</em></span> <span class='ocrx_word' id='word_1_334' title='bbox 321 2789 334 2834; x_wconf 79' lang='lat' dir='ltr'>ss</span> <span class='ocrx_word' id='word_1_335' title='bbox 354 2789 426 2836; x_wconf 90' lang='lat' dir='ltr'>est]</span> <span class='ocrx_word' id='word_1_336' title='bbox 452 2790 663 2835; x_wconf 80' lang='lat' dir='ltr'>postposita</span> <span class='ocrx_word' id='word_1_337' title='bbox 688 2790 802 2826; x_wconf 87' lang='lat' dir='ltr'>dictio</span> <span class='ocrx_word' id='word_1_338' title='bbox 823 2790 907 2825; x_wconf 78' lang='lat' dir='ltr'>add.</span> <span class='ocrx_word' id='word_1_339' title='bbox 926 2789 966 2823; x_wconf 89' lang='lat' dir='ltr'><em>F</em></span> <span class='ocrx_word' id='word_1_340' title='bbox 981 2790 992 2835; x_wconf 74' lang='lat' dir='ltr'>ss</span> <span class='ocrx_word' id='word_1_341' title='bbox 1013 2790 1121 2825; x_wconf 88' lang='lat' dir='ltr'>sanat</span> <span class='ocrx_word' id='word_1_342' title='bbox 1141 2789 1181 2824; x_wconf 85' lang='lat' dir='ltr'><em>F</em></span> <span class='ocrx_word' id='word_1_343' title='bbox 1196 2791 1208 2835; x_wconf 83' lang='grc' dir='ltr'>ΙΙ</span> <span class='ocrx_word' id='word_1_344' title='bbox 1229 2793 1274 2824; x_wconf 85' lang='grc'>14</span> <span class='ocrx_word' id='word_1_345' title='bbox 1296 2790 1532 2836; x_wconf 88' lang='lat' dir='ltr'>inprovidus]</span> <span class='ocrx_word' id='word_1_346' title='bbox 1559 2802 1627 2836; x_wconf 90' lang='lat' dir='ltr'>pro</span> <span class='ocrx_word' id='word_1_347' title='bbox 1653 2791 1802 2826; x_wconf 88' lang='lat' dir='ltr'>inuidus</span> 
     </span>
     <span class='ocr_line' id='line_1_40' title="bbox 59 2835 1802 2884; baseline 0.001 -12"><span class='ocrx_word' id='word_1_348' title='bbox 59 2845 66 2851; x_wconf 90' lang='lat'>·</span> <span class='ocrx_word' id='word_1_349' title='bbox 90 2835 124 2872; x_wconf 75' lang='lat' dir='ltr'><em>G</em></span> <span class='ocrx_word' id='word_1_350' title='bbox 141 2837 154 2883; x_wconf 79' lang='grc' dir='ltr'>ΙΙ</span> <span class='ocrx_word' id='word_1_351' title='bbox 181 2840 223 2872; x_wconf 88' lang='grc'>15</span> <span class='ocrx_word' id='word_1_352' title='bbox 250 2836 468 2873; x_wconf 87' lang='lat' dir='ltr'>discendere</span> <span class='ocrx_word' id='word_1_353' title='bbox 494 2836 562 2883; x_wconf 70' lang='grc' dir='ltr'>ΕΙ]</span> <span class='ocrx_word' id='word_1_354' title='bbox 591 2841 634 2873; x_wconf 86' lang='grc'>17</span> <span class='ocrx_word' id='word_1_355' title='bbox 661 2838 751 2884; x_wconf 90' lang='lat' dir='ltr'>quo]</span> <span class='ocrx_word' id='word_1_356' title='bbox 778 2838 877 2883; x_wconf 86' lang='lat' dir='ltr'>quod</span> <span class='ocrx_word' id='word_1_357' title='bbox 904 2837 938 2872; x_wconf 81' lang='lat' dir='ltr'><strong><em>G</em></strong></span> <span class='ocrx_word' id='word_1_358' title='bbox 956 2838 968 2883; x_wconf 77' lang='grc'>1]</span> <span class='ocrx_word' id='word_1_359' title='bbox 998 2841 1041 2873; x_wconf 92' lang='grc'>18</span> <span class='ocrx_word' id='word_1_360' title='bbox 1068 2837 1169 2883; x_wconf 85' lang='grc'><strong>011111]</strong></span> <span class='ocrx_word' id='word_1_361' title='bbox 1196 2837 1275 2873; x_wconf 89' lang='lat' dir='ltr'>eius</span> <span class='ocrx_word' id='word_1_362' title='bbox 1301 2837 1335 2872; x_wconf 84' lang='lat' dir='ltr'>G-</span> <span class='ocrx_word' id='word_1_363' title='bbox 1353 2839 1365 2882; x_wconf 79' lang='grc' dir='ltr'>Ι]</span> <span class='ocrx_word' id='word_1_364' title='bbox 1383 2836 1496 2873; x_wconf 89' lang='lat' dir='ltr'>indiis</span> <span class='ocrx_word' id='word_1_365' title='bbox 1522 2838 1567 2873; x_wconf 89' lang='lat' dir='ltr'><em>H</em></span> <span class='ocrx_word' id='word_1_366' title='bbox 1580 2840 1593 2884; x_wconf 80' lang='grc' dir='ltr'>ΙΙ</span> <span class='ocrx_word' id='word_1_367' title='bbox 1625 2842 1668 2874; x_wconf 88' lang='grc'>19</span> <span class='ocrx_word' id='word_1_368' title='bbox 1694 2839 1802 2874; x_wconf 82' lang='lat' dir='ltr'>schol.</span> 
     </span>
    </p>

    <p class='ocr_par' dir='ltr' id='par_1_15' title="bbox 867 2887 880 2911">
     <span class='ocr_line' id='line_1_41' title="bbox 867 2887 880 2911; baseline 0 0"><span class='ocrx_word' id='word_1_369' title='bbox 867 2887 880 2911; x_wconf 71' lang='lat' dir='ltr'><strong>t</strong></span> 
     </span>
    </p>
   </div>
   <div class='ocr_carea' id='block_1_6' title="bbox 90 2919 1801 3042">
    <p class='ocr_par' dir='ltr' id='par_1_16' title="bbox 90 2919 1801 3042">
     <span class='ocr_line' id='line_1_42' title="bbox 90 2919 1801 2967; baseline 0.002 -13"><span class='ocrx_word' id='word_1_370' title='bbox 90 2919 140 2954; x_wconf 82' lang='lat' dir='ltr'>ad</span> <span class='ocrx_word' id='word_1_371' title='bbox 164 2932 289 2956; x_wconf 59' lang='lat' dir='ltr'>&#39;rm&#39;rou</span> <span class='ocrx_word' id='word_1_372' title='bbox 314 2930 380 2955; x_wconf 87' lang='lat' dir='ltr'>om.</span> <span class='ocrx_word' id='word_1_373' title='bbox 409 2920 443 2955; x_wconf 74' lang='lat' dir='ltr'><strong><em>G</em></strong></span> <span class='ocrx_word' id='word_1_374' title='bbox 460 2920 474 2966; x_wconf 80' lang='grc' dir='ltr'>ΙΙ</span> <span class='ocrx_word' id='word_1_375' title='bbox 497 2919 705 2966; x_wconf 77' lang='lat' dir='ltr'>penultima</span> <span class='ocrx_word' id='word_1_376' title='bbox 731 2921 771 2956; x_wconf 88' lang='lat' dir='ltr'><em>F</em></span> <span class='ocrx_word' id='word_1_377' title='bbox 786 2922 798 2967; x_wconf 83' lang='grc' dir='ltr'>ΙΙ</span> <span class='ocrx_word' id='word_1_378' title='bbox 823 2919 972 2956; x_wconf 85' lang='lat' dir='ltr'>tritanis</span> <span class='ocrx_word' id='word_1_379' title='bbox 999 2919 1040 2955; x_wconf 89' lang='lat' dir='ltr'><em>F</em></span> <span class='ocrx_word' id='word_1_380' title='bbox 1055 2922 1066 2967; x_wconf 89' lang='grc' dir='ltr'>ΙΙ</span> <span class='ocrx_word' id='word_1_381' title='bbox 1097 2924 1143 2955; x_wconf 79' lang='grc'>20</span> <span class='ocrx_word' id='word_1_382' title='bbox 1170 2920 1202 2955; x_wconf 87' lang='lat' dir='ltr'>si</span> <span class='ocrx_word' id='word_1_383' title='bbox 1228 2919 1326 2955; x_wconf 88' lang='lat' dir='ltr'>enim</span> <span class='ocrx_word' id='word_1_384' title='bbox 1353 2949 1360 2956; x_wconf 93' lang='lat'>.</span> <span class='ocrx_word' id='word_1_385' title='bbox 1382 2948 1390 2956; x_wconf 92' lang='lat'>.</span> <span class='ocrx_word' id='word_1_386' title='bbox 1413 2948 1420 2956; x_wconf 93' lang='lat'>.</span> <span class='ocrx_word' id='word_1_387' title='bbox 1447 2920 1540 2956; x_wconf 86' lang='lat' dir='ltr'>facit</span> <span class='ocrx_word' id='word_1_388' title='bbox 1565 2921 1606 2956; x_wconf 77' lang='lat' dir='ltr'>in</span> <span class='ocrx_word' id='word_1_389' title='bbox 1631 2924 1801 2957; x_wconf 72' lang='lat' dir='ltr'>contextu</span> 
     </span>
     <span class='ocr_line' id='line_1_43' title="bbox 91 2967 1800 3042; baseline 0.001 -40"><span class='ocrx_word' id='word_1_390' title='bbox 91 2968 223 3003; x_wconf 81' lang='lat' dir='ltr'>omissa</span> <span class='ocrx_word' id='word_1_391' title='bbox 247 2968 289 3003; x_wconf 75' lang='lat' dir='ltr'>in</span> <span class='ocrx_word' id='word_1_392' title='bbox 313 2969 478 3013; x_wconf 74' lang='lat' dir='ltr'>maryine</span> <span class='ocrx_word' id='word_1_393' title='bbox 503 2969 583 3004; x_wconf 83' lang='lat' dir='ltr'>hab.</span> <span class='ocrx_word' id='word_1_394' title='bbox 606 2968 634 3003; x_wconf 81' lang='lat' dir='ltr'><strong><em>S</em></strong></span> <span class='ocrx_word' id='word_1_395' title='bbox 651 2970 666 3042; x_wconf 72' lang='grc' dir='ltr'>Ι]</span> <span class='ocrx_word' id='word_1_396' title='bbox 681 2968 817 3005; x_wconf 76' lang='lat' dir='ltr'>ultima</span> <span class='ocrx_word' id='word_1_397' title='bbox 842 2968 882 3003; x_wconf 87' lang='lat' dir='ltr'><em>F</em></span> <span class='ocrx_word' id='word_1_398' title='bbox 898 2969 910 3015; x_wconf 78' lang='lat' dir='ltr'>{l</span> <span class='ocrx_word' id='word_1_399' title='bbox 928 2967 1070 3004; x_wconf 80' lang='lat' dir='ltr'>habent</span> <span class='ocrx_word' id='word_1_400' title='bbox 1092 2968 1133 3002; x_wconf 93' lang='lat' dir='ltr'><em>F</em></span> <span class='ocrx_word' id='word_1_401' title='bbox 1148 2970 1160 3015; x_wconf 84' lang='grc' dir='ltr'>ΙΙ</span> <span class='ocrx_word' id='word_1_402' title='bbox 1179 2967 1378 3014; x_wconf 87' lang='lat' dir='ltr'>Tritontis]</span> <span class='ocrx_word' id='word_1_403' title='bbox 1405 2979 1492 3004; x_wconf 89' lang='lat' dir='ltr'>nam</span> <span class='ocrx_word' id='word_1_404' title='bbox 1519 2969 1608 3014; x_wconf 88' lang='lat' dir='ltr'>(non</span> <span class='ocrx_word' id='word_1_405' title='bbox 1628 2970 1666 3015; x_wconf 89' lang='lat' dir='ltr'>a)</span> <span class='ocrx_word' id='word_1_406' title='bbox 1692 2970 1800 3005; x_wconf 89' lang='lat' dir='ltr'>trito-</span> 
     </span>
    </p>
   </div>
   <div class='ocr_carea' id='block_1_7' title="bbox 91 3049 1802 3192">
    <p class='ocr_par' dir='ltr' id='par_1_17' title="bbox 91 3049 1802 3192">
     <span class='ocr_line' id='line_1_44' title="bbox 91 3049 1802 3098; baseline 0 -14"><span class='ocrx_word' id='word_1_407' title='bbox 91 3049 149 3085; x_wconf 81' lang='lat' dir='ltr'>nis</span> <span class='ocrx_word' id='word_1_408' title='bbox 174 3051 210 3085; x_wconf 88' lang='lat' dir='ltr'>A</span> <span class='ocrx_word' id='word_1_409' title='bbox 253 3049 439 3086; x_wconf 85' lang='lat' dir='ltr'>trittontis</span> <span class='ocrx_word' id='word_1_410' title='bbox 466 3050 506 3086; x_wconf 92' lang='lat' dir='ltr'><em>F</em></span> <span class='ocrx_word' id='word_1_411' title='bbox 546 3050 697 3087; x_wconf 84' lang='lat' dir='ltr'>tritonis</span> <span class='ocrx_word' id='word_1_412' title='bbox 723 3051 751 3087; x_wconf 82' lang='lat' dir='ltr'>S</span> <span class='ocrx_word' id='word_1_413' title='bbox 787 3053 798 3098; x_wconf 77' lang='grc' dir='ltr'>Ι]</span> <span class='ocrx_word' id='word_1_414' title='bbox 835 3050 942 3097; x_wconf 85' lang='lat' dir='ltr'>facit]</span> <span class='ocrx_word' id='word_1_415' title='bbox 978 3050 1009 3086; x_wconf 88' lang='lat' dir='ltr'>si</span> <span class='ocrx_word' id='word_1_416' title='bbox 1041 3051 1138 3086; x_wconf 89' lang='lat' dir='ltr'>enim</span> <span class='ocrx_word' id='word_1_417' title='bbox 1171 3050 1307 3086; x_wconf 87' lang='lat' dir='ltr'>ultima</span> <span class='ocrx_word' id='word_1_418' title='bbox 1337 3051 1477 3087; x_wconf 84' lang='lat' dir='ltr'>habeat</span> <span class='ocrx_word' id='word_1_419' title='bbox 1508 3051 1677 3088; x_wconf 87' lang='lat' dir='ltr'>tritontis</span> <span class='ocrx_word' id='word_1_420' title='bbox 1709 3050 1802 3086; x_wconf 87' lang='lat' dir='ltr'>facit</span> 
     </span>
     <span class='ocr_line' id='line_1_45' title="bbox 92 3097 1800 3146; baseline -0.001 -13"><span class='ocrx_word' id='word_1_421' title='bbox 92 3098 176 3134; x_wconf 79' lang='lat' dir='ltr'>add.</span> <span class='ocrx_word' id='word_1_422' title='bbox 198 3098 235 3133; x_wconf 81' lang='grc' dir='ltr'><strong><em>Α</em></strong></span> <span class='ocrx_word' id='word_1_423' title='bbox 255 3098 268 3145; x_wconf 82' lang='grc' dir='ltr'>ΙΙ</span> <span class='ocrx_word' id='word_1_424' title='bbox 286 3101 330 3133; x_wconf 81' lang='lat'>21</span> <span class='ocrx_word' id='word_1_425' title='bbox 356 3097 602 3144; x_wconf 88' lang='lat' dir='ltr'>Demophoon</span> <span class='ocrx_word' id='word_1_426' title='bbox 626 3109 693 3137; x_wconf 88' lang='lat' dir='ltr'>om.</span> <span class='ocrx_word' id='word_1_427' title='bbox 713 3099 758 3134; x_wconf 90' lang='lat' dir='ltr'><em>H</em></span> <span class='ocrx_word' id='word_1_428' title='bbox 773 3101 784 3146; x_wconf 81' lang='grc' dir='ltr'>ΙΙ</span> <span class='ocrx_word' id='word_1_429' title='bbox 804 3098 1050 3144; x_wconf 89' lang='lat' dir='ltr'>Demophoon</span> <span class='ocrx_word' id='word_1_430' title='bbox 1074 3098 1386 3145; x_wconf 87' lang='lat' dir='ltr'>Demophoontis]</span> <span class='ocrx_word' id='word_1_431' title='bbox 1414 3099 1590 3136; x_wconf 85' lang='lat' dir='ltr'>demofon</span> <span class='ocrx_word' id='word_1_432' title='bbox 1615 3098 1731 3134; x_wconf 79' lang='lat' dir='ltr'>fontis</span> <span class='ocrx_word' id='word_1_433' title='bbox 1752 3097 1800 3132; x_wconf 83' lang='lat' dir='ltr'>F.</span> 
     </span>
     <span class='ocr_line' id='line_1_46' title="bbox 91 3144 1802 3192; baseline 0.001 -14"><span class='ocrx_word' id='word_1_434' title='bbox 91 3145 139 3188; x_wconf 79' lang='lat' dir='ltr'>cf.</span> <span class='ocrx_word' id='word_1_435' title='bbox 165 3144 212 3180; x_wconf 91' lang='lat' dir='ltr'>F.</span> <span class='ocrx_word' id='word_1_436' title='bbox 240 3145 439 3181; x_wconf 74' lang='lat' dir='ltr'>Schoellius</span> <span class='ocrx_word' id='word_1_437' title='bbox 464 3147 507 3182; x_wconf 84' lang='lat' dir='ltr'>de</span> <span class='ocrx_word' id='word_1_438' title='bbox 532 3150 683 3182; x_wconf 76' lang='lat' dir='ltr'>accentu</span> <span class='ocrx_word' id='word_1_439' title='bbox 708 3147 855 3192; x_wconf 71' lang='lat' dir='ltr'>linquae</span> <span class='ocrx_word' id='word_1_440' title='bbox 881 3148 944 3183; x_wconf 82' lang='lat' dir='ltr'>lat.</span> <span class='ocrx_word' id='word_1_441' title='bbox 964 3158 1005 3191; x_wconf 76' lang='lat' dir='ltr'>p.</span> <span class='ocrx_word' id='word_1_442' title='bbox 1032 3149 1101 3181; x_wconf 82' lang='lat'>214</span> <span class='ocrx_word' id='word_1_443' title='bbox 1120 3147 1132 3192; x_wconf 82' lang='grc' dir='ltr'>ΙΙ</span> <span class='ocrx_word' id='word_1_444' title='bbox 1162 3150 1206 3181; x_wconf 81' lang='grc'>22</span> <span class='ocrx_word' id='word_1_445' title='bbox 1227 3145 1291 3190; x_wconf 88' lang='lat' dir='ltr'>qui</span> <span class='ocrx_word' id='word_1_446' title='bbox 1315 3145 1404 3182; x_wconf 89' lang='lat' dir='ltr'>talis</span> <span class='ocrx_word' id='word_1_447' title='bbox 1430 3147 1503 3182; x_wconf 84' lang='lat' dir='ltr'>AS</span> <span class='ocrx_word' id='word_1_448' title='bbox 1529 3148 1633 3191; x_wconf 75' lang='lat' dir='ltr'>(corr.</span> <span class='ocrx_word' id='word_1_449' title='bbox 1660 3147 1697 3191; x_wconf 77' lang='lat' dir='ltr'>a)</span> <span class='ocrx_word' id='word_1_450' title='bbox 1718 3146 1728 3190; x_wconf 83' lang='grc' dir='ltr'>ΙΙ</span> <span class='ocrx_word' id='word_1_451' title='bbox 1749 3144 1802 3180; x_wconf 88' lang='lat' dir='ltr'>sic</span> 
     </span>
    </p>
   </div>
   <div class='ocr_carea' id='block_1_8' title="bbox 92 3191 1803 3283">
    <p class='ocr_par' dir='ltr' id='par_1_18' title="bbox 92 3191 1803 3283">
     <span class='ocr_line' id='line_1_47' title="bbox 92 3191 1803 3283; baseline 0.001 -56"><span class='ocrx_word' id='word_1_452' title='bbox 92 3201 158 3282; x_wconf 49' lang='lat' dir='ltr'>&lt;ZZZ</span> <span class='ocrx_word' id='word_1_453' title='bbox 184 3191 264 3283; x_wconf 65' lang='lat' dir='ltr'>AS)</span> <span class='ocrx_word' id='word_1_454' title='bbox 286 3193 299 3239; x_wconf 80' lang='grc' dir='ltr'>ΙΙ</span> <span class='ocrx_word' id='word_1_455' title='bbox 329 3196 375 3228; x_wconf 79' lang='lat'>24</span> <span class='ocrx_word' id='word_1_456' title='bbox 400 3204 512 3239; x_wconf 85' lang='lat' dir='ltr'>super</span> <span class='ocrx_word' id='word_1_457' title='bbox 536 3194 582 3229; x_wconf 92' lang='lat' dir='ltr'><em>H</em></span> <span class='ocrx_word' id='word_1_458' title='bbox 601 3195 613 3240; x_wconf 88' lang='grc' dir='ltr'>ΙΙ</span> <span class='ocrx_word' id='word_1_459' title='bbox 644 3198 688 3230; x_wconf 84' lang='grc'>25</span> <span class='ocrx_word' id='word_1_460' title='bbox 716 3194 913 3230; x_wconf 85' lang='lat' dir='ltr'>cuiuslibet</span> <span class='ocrx_word' id='word_1_461' title='bbox 936 3195 1095 3230; x_wconf 88' lang='lat' dir='ltr'>mortem</span> <span class='ocrx_word' id='word_1_462' title='bbox 1122 3193 1201 3229; x_wconf 78' lang='lat' dir='ltr'>FG</span> <span class='ocrx_word' id='word_1_463' title='bbox 1231 3194 1243 3240; x_wconf 76' lang='lat' dir='ltr'>ss</span> <span class='ocrx_word' id='word_1_464' title='bbox 1274 3193 1400 3230; x_wconf 85' lang='lat' dir='ltr'>dolore</span> <span class='ocrx_word' id='word_1_465' title='bbox 1426 3194 1514 3230; x_wconf 71' lang='lat' dir='ltr'>GH</span> <span class='ocrx_word' id='word_1_466' title='bbox 1540 3196 1551 3240; x_wconf 82' lang='grc' dir='ltr'>Η</span> <span class='ocrx_word' id='word_1_467' title='bbox 1582 3193 1639 3239; x_wconf 88' lang='lat' dir='ltr'>ut]</span> <span class='ocrx_word' id='word_1_468' title='bbox 1667 3194 1706 3227; x_wconf 89' lang='lat' dir='ltr'>et</span> <span class='ocrx_word' id='word_1_469' title='bbox 1728 3191 1803 3228; x_wconf 79' lang='lat' dir='ltr'>AS</span> 
     </span>
     <span class='ocr_line' id='line_1_48' title="bbox 151 3249 250 3274; baseline -0.01 -1"><span class='ocrx_word' id='word_1_470' title='bbox 151 3249 199 3274; x_wconf 81' lang='lat' dir='ltr'>rr.</span> <span class='ocrx_word' id='word_1_471' title='bbox 227 3250 250 3272; x_wconf 84' lang='lat' dir='ltr'>a</span> 
     </span>
    </p>
   </div>
   <div class='ocr_carea' id='block_1_9' title="bbox 1468 3300 1516 3335">
    <p class='ocr_par' dir='ltr' id='par_1_19' title="bbox 1468 3300 1516 3335">
     <span class='ocr_line' id='line_1_49' title="bbox 1468 3300 1516 3335; baseline 0 -15"><span class='ocrx_word' id='word_1_472' title='bbox 1468 3300 1516 3335; x_wconf 78' lang='lat'>3*</span> 
     </span>
    </p>
   </div>
   <div class='ocr_carea' id='block_1_10' title="bbox 1826 665 1846 696">
    <p class='ocr_par' dir='ltr' id='par_1_20' title="bbox 1826 665 1846 696">
     <span class='ocr_line' id='line_1_50' title="bbox 1826 665 1846 696; baseline 0 0"><span class='ocrx_word' id='word_1_473' title='bbox 1826 665 1846 696; x_wconf 90' lang='lat'>5</span> 
     </span>
    </p>
   </div>
   <div class='ocr_carea' id='block_1_11' title="bbox 1829 1023 1872 1055">
    <p class='ocr_par' dir='ltr' id='par_1_21' title="bbox 1829 1023 1872 1055">
     <span class='ocr_line' id='line_1_51' title="bbox 1829 1023 1872 1055; baseline 0.023 -1"><span class='ocrx_word' id='word_1_474' title='bbox 1829 1023 1872 1055; x_wconf 89' lang='grc'>10</span> 
     </span>
    </p>
   </div>
   <div class='ocr_carea' id='block_1_12' title="bbox 1830 1381 1872 1413">
    <p class='ocr_par' dir='ltr' id='par_1_22' title="bbox 1830 1381 1872 1413">
     <span class='ocr_line' id='line_1_52' title="bbox 1830 1381 1872 1413; baseline 0.024 -1"><span class='ocrx_word' id='word_1_475' title='bbox 1830 1381 1872 1413; x_wconf 87' lang='grc'>15</span> 
     </span>
    </p>
   </div>
   <div class='ocr_carea' id='block_1_13' title="bbox 1828 1740 1873 1772">
    <p class='ocr_par' dir='ltr' id='par_1_23' title="bbox 1828 1740 1873 1772">
     <span class='ocr_line' id='line_1_53' title="bbox 1828 1740 1873 1772; baseline 0 0"><span class='ocrx_word' id='word_1_476' title='bbox 1828 1740 1873 1772; x_wconf 82' lang='grc'>20</span> 
     </span>
    </p>
   </div>
   <div class='ocr_carea' id='block_1_14' title="bbox 1827 2099 1873 2132">
    <p class='ocr_par' dir='ltr' id='par_1_24' title="bbox 1827 2099 1873 2132">
     <span class='ocr_line' id='line_1_54' title="bbox 1827 2099 1873 2132; baseline -0.022 0"><span class='ocrx_word' id='word_1_477' title='bbox 1827 2099 1873 2132; x_wconf 81' lang='lat'>25</span> 
     </span>
    </p>
   </div>
  </div>
 </body>
</html>
