2124 3600
557 258 708 295 coMM.
736 257 787 294 IN
814 228 958 293 vuRc.
985 255 1096 291 AEN.
1123 256 1173 292 vl
1201 259 1352 291 38—51.
1757 252 1812 295 13

104 371 317 414 obstando
344 371 519 424 dictum,
545 369 710 411 aditum
738 368 792 409 ab
819 366 1028 420 adeundo,
1053 380 1129 420 per
1148 379 1274 420 quem
1295 364 1574 419 ingredimur.
1678 373 1812 405 OSTIA

105 455 294 486 CENTVM
325 443 473 484 finitus
505 455 708 483 numerus
739 454 818 494 pro
845 438 1013 480 infinito
1039 440 1107 488 est,
1138 436 1239 478 licet
1263 435 1402 490 possit
1428 437 1470 476 et
1494 433 1814 476 rationabiliter

104 514 267 556 dictum
294 514 405 556 esse:
437 527 647 568 responsa
674 511 787 553 enim
808 508 1000 564 Sibyllae
1026 508 1071 550 in
1096 507 1179 550 hoc
1210 507 1306 549 1000
1338 506 1436 560 plus
1466 505 1608 547 minus
1642 507 1813 546 centum

106 601 352 628 sermonum
386 587 496 627 sunt.
547 571 825 625 inveniuntur
856 583 1002 623 tamen
1032 578 1249 634 Apollinis
1280 577 1400 633 logia
1431 579 1474 618 et
1504 577 1661 632 viginti
1693 577 1813 631 quin-

105 672 186 713 que
219 659 262 699 et
292 657 423 699 trium
455 669 720 698 sermonum:
751 653 862 694 unde
895 652 1047 694 melius
1074 653 1140 693 est
1164 650 1335 692 finitum
1361 663 1439 704 pro
1465 648 1634 690 infinito
1667 648 1814 702 accipi.

224 720 293 770 44'.
344 739 556 770 TOTIDEM
587 736 734 768 VOCES
768 739 817 767 ac
850 724 887 766 si
919 723 1097 778 diceret,
1130 724 1173 765 et
1203 724 1272 764 tot
1302 734 1534 763 sermones.

224 799 294 841 46.
345 810 466 841 DEvs
492 809 607 840 Eoos
633 808 751 839 DEvs
783 795 1016 838 vicinitate.
1038 794 1191 850 templi
1221 794 1309 836 iam
1342 791 1502 834 adflata
1528 793 1595 833 est
1619 791 1814 833 numine:

106 886 208 914 nam
249 870 435 912 furentis
476 870 609 911 verba
653 870 754 910 sunt
797 868 936 914 deum,
967 866 1078 908 velle
1122 864 1364 919 ostendere,
1409 864 1481 919 qui
1523 863 1606 917 ipsi
1645 864 1815 904 tantum

108 942 288 984 videtur.
339 956 440 984 sane
473 941 588 984 cauti
618 941 720 982 satis
752 953 844 980 esse
876 938 1099 991 debemus,
1131 936 1301 992 quando
1334 936 1461 990 plena
1487 934 1545 976 sit
1568 934 1743 976 numine
1773 935 1816 974 et

109 1014 281 1069 quando
320 1013 444 1055 deum
484 1013 689 1068 deponat:
728 1010 779 1052 de
810 1010 976 1052 Miseno
1009 1009 1122 1050 enim
1157 1008 1301 1063 <149>
1333 1009 1434 1062 post
1465 1005 1817 1049 vaticinationem

108 1085 275 1127 dictura
306 1087 386 1130 est.

227 1156 296 1198 47.
346 1167 442 1198 NON
474 1166 627 1198 conon
652 1165 771 1196 vnvs
803 1153 915 1195 idem
942 1152 1140 1195 Lucanus
1167 1150 1237 1206 <V
1264 1151 1517 1205 214>stat
1548 1163 1819 1204 numquam

109 1228 282 1269 facies.

229 1299 298 1340 48.
350 1310 566 1341 ΟΟΜΡΤΑΕ
593 1309 748 1340 ΟΟΜΑΕ
781 1296 964 1338 antehac
992 1295 1174 1338 scilicet:
1206 1309 1307 1336 nam
1339 1295 1517 1348 propter
1551 1307 1673 1335 sacra
1704 1306 1818 1333 reso-

64 1407 70 1413 .
107 1371 221 1412 lutae
255 1372 373 1425 sunt,
406 1372 454 1411 111
484 1368 579 1423 <III
605 1368 721 1422 370>
756 1369 1020 1422 vittasque
1051 1366 1273 1408 resolvit
1305 1365 1497 1407 sacrati
1531 1363 1734 1418 capitis.

224 1441 293 1483 49.
342 1452 586 1491 MAIORQVE
614 1452 776 1482 VIDERI
804 1439 1048 1493 videbatur,
1075 1437 1186 1479 sicut
1213 1437 1381 1479 solebat
1406 1437 1452 1478 in
1477 1434 1819 1478 vaticinantibus

107 1527 313 1568 apparere
357 1513 546 1554 numinis
590 1511 853 1567 praesentia:
897 1510 1010 1566 quod
1052 1509 1255 1551 humanis
1296 1508 1518 1550 inludebat
1559 1506 1820 1562 aspectibus

107 1584 219 1626 unde
252 1584 313 1626 ait
345 1583 583 1639 ‘maiorque
615 1582 794 1638 videri’3
826 1597 914 1625 non
947 1581 1061 1625 enim
1094 1582 1187 1623 erat
1218 1595 1263 1623 re
1296 1595 1409 1622 vera.

226 1655 295 1698 50.
345 1668 437 1698 NEC
474 1666 697 1698 MORTALE
738 1664 916 1696 SONANS
958 1652 1043 1694 alia
1084 1651 1199 1693 enim
1242 1651 1470 1693 numinum
1515 1665 1597 1693 vox
1644 1651 1727 1704 est,
1772 1651 1821 1691 111

108 1727 292 1782 <1328>
318 1742 409 1769 nec
440 1742 535 1770 vox
566 1726 826 1768 hominem
860 1726 1029 1779 sonat,
1061 1723 1165 1765 item
1193 1722 1263 1777 <V
1283 1722 1397 1777 649>
1424 1722 1632 1764 vocisve
1667 1735 1820 1763 sonus

108 1799 188 1840 vel
221 1812 431 1854 gressus
463 1797 648 1840 euntis.
763 1807 985 1838 ADFLATA
1016 1806 1100 1837 EST
1132 1806 1314 1836 NVMINE
1346 1793 1537 1835 nondum
1568 1792 1647 1834 deo
1679 1792 1820 1847 plena,

110 1869 184 1911 sed
209 1869 371 1911 adflata
395 1869 617 1911 vicinitate
642 1868 845 1910 numinis.
950 1878 1142 1917 QVANDO
1177 1865 1407 1921 siquidem:
1439 1879 1541 1906 nam
1575 1864 1820 1906 coniunctio

109 1943 192 1996 est,
223 1955 310 1983 non
342 1940 604 1983 adverbium.

228 2012 296 2055 51.
347 2023 512 2055 OESSAS
545 2024 595 2053 IN
622 2022 746 2054 VOTA
776 2010 925 2052 tardus
959 2024 1003 2051 es
1037 2009 1089 2052 ad
1121 2012 1225 2051 vota
1255 2008 1469 2051 facienda:
1501 2022 1603 2049 nam
1637 2007 1673 2048 si
1706 2006 1820 2048 dixe-

109 2084 168 2126 ris
201 2083 359 2126 ‘cessas
386 2081 432 2126 in
458 2082 599 2139 votis',
630 2082 713 2124 hoc
745 2081 980 2138 significat,
1011 2081 1161 2124 tardus
1195 2095 1239 2123 es
1273 2080 1374 2123 dum
1408 2082 1509 2122 vota
1533 2078 1654 2120 facis.
1705 2078 1821 2120 aliud

206 2231 222 2261 1
259 2225 404 2262 aditum
438 2254 445 2261 .
473 2253 481 2261 .
510 2252 517 2259 .
549 2223 796 2270 ingredimur]
831 2223 877 2259 cf.
903 2223 990 2259 Isid.
1018 2234 1068 2259 or.
1097 2222 1164 2258 XV
1191 2226 1223 2267 7,
1252 2227 1290 2266 13
1332 2221 1409 2258 diff.
1442 2221 1543 2257 verb.
1570 2225 1614 2255 32
1654 2222 1666 2266 ΙΙ
1707 2223 1747 2254 12
1774 2218 1822 2253 ad

111 2287 144 2310 v.
171 2278 216 2310 47
243 2273 290 2310 cf.
316 2274 422 2309 Luct.
449 2272 551 2308 Plac.
578 2272 626 2308 ad
652 2271 745 2307 Stat.
772 2271 888 2307 Theb.
916 2270 949 2305 X
977 2275 1043 2306 161

210 2409 227 2440 1
255 2404 439 2441 obstando
467 2402 511 2440 G:
539 2402 711 2439 ostiando
731 2402 772 2438 F
805 2401 1005 2438 hostiando
1032 2402 1066 2437 G
1104 2401 1260 2437 ostando
1280 2401 1316 2436 A
1359 2367 1516 2436 (11111111ᾱο
1544 2399 1572 2436 S
1588 2401 1600 2445 ΙΙ
1618 2410 1686 2446 per
1710 2410 1820 2444 quem

110 2453 200 2489 AS:
226 2464 293 2498 per
319 2463 430 2498 quam
456 2451 539 2487 FG
574 2463 641 2496 per
666 2450 766 2496 quod
793 2450 825 2485 0
846 2452 857 2496 ΙΙ
881 2450 1018 2486 scholia
1044 2450 1093 2485 ad
1119 2462 1218 2484 osm
1244 2462 1274 2485 0.
1301 2453 1333 2484 et
1358 2449 1407 2484 ad
1432 2460 1463 2484 v.
1492 2451 1631 2483 44-47
1659 2458 1724 2482 om.
1753 2447 1786 2480 G
1811 2446 1822 2493 11

111 2505 131 2536 2
158 2502 198 2536 01
221 2499 340 2546 possit
366 2499 443 2535 FO
471 2500 483 2544 ΙΙ
514 2502 536 2533 4
562 2497 795 2534 sermonibus
821 2498 849 2533 S
874 2501 906 2533 et
929 2498 985 2541 A,
1010 2501 1052 2532 ut
1076 2498 1230 2532 videtur.
1259 2498 1486 2542 (sermonum
1513 2497 1600 2531 sunt
1625 2497 1662 2540 a)
1692 2496 1705 2540 ΙΙ
1737 2498 1823 2529 sunt

393 2555 435 2573 un

111 2594 176 2619 om.
204 2583 233 2618 S
248 2584 261 2628 ΙΙ
279 2582 469 2618 inuenitur
495 2582 524 2618 S
541 2583 554 2628 ΙΙ
572 2581 675 2627 logia
702 2581 745 2617 O:
773 2580 914 2634 lostsgia
940 2580 979 2615 F
1013 2579 1113 2628 logie
1140 2579 1213 2615 AS
1238 2580 1398 2626 (elogiae
1425 2580 1461 2624 a)
1496 2578 1620 2624 elogia
1646 2578 1736 2614 RH
1741 2579 1789 2613 M
1812 2579 1823 2624 11

113 2632 151 2666 01
175 2634 260 2666 ante
284 2630 419 2674 viginti
444 2641 510 2665 om.
537 2629 610 2664 AS
635 2630 648 2674 ΙΙ
678 2629 815 2674 viginti
841 2628 1021 2674 quinque]
1047 2627 1159 2663 uixxv
1185 2628 1224 2662 Η
1252 2629 1265 2673 ΙΙ
1296 2632 1316 2662 5
1342 2627 1507 2673 finitum]
1534 2626 1721 2662 infinitum
1748 2626 1791 2660 H
1812 2631 1814 2670 ’ῃ

113 2682 134 2713 6
161 2679 199 2714 01
224 2689 290 2713 om.
319 2677 449 2712 CRM
472 2679 485 2722 ΙΙ
516 2681 536 2712 8
562 2677 734 2723 furentis]
760 2676 962 2712 futurantis
988 2675 1033 2710 H
1047 2676 1059 2720 ss
1084 2675 1194 2710 deum
1219 2686 1285 2710 om.
1312 2675 1357 2710 H
1377 2675 1390 2719 ΙΙ
1423 2679 1465 2709 10
1492 2675 1538 2710 (10
1563 2673 1724 2720 Μ180110]
1751 2685 1823 2708 non

111 2726 201 2760 RH
228 2724 492 2798 nduaticinatio
519 2724 563 2759 H
588 2724 602 2769 ΙΙ
634 2728 676 2759 12
702 2723 803 2760 idem
829 2723 999 2759 Lucanus
1026 2722 1216 2758 AGHM:
1248 2722 1289 2757 id
1315 2724 1372 2758 est
1396 2722 1498 2757 idem
1524 2722 1678 2758 lucanus
1705 2720 1746 2756 F
1784 2720 1822 2755 id

202 2781 241 2799 uo

182 2782 200 2805 q
1775 2788 1777 2791 .

114 2809 171 2844 est
195 2808 350 2843 lucanus
377 2807 433 2843 ait
457 2807 485 2842 S
511 2807 625 2853 (quod
651 2808 734 2843 add.
755 2818 853 2843 man.
873 2807 1062 2852 recentior)
1089 2806 1181 2841 item
1206 2806 1361 2841 lucanus
1381 2805 1417 2840 R
1436 2806 1448 2850 ΙΙ
1469 2809 1514 2839 14
1540 2805 1724 2840 antehanc
1745 2803 1823 2838 FG

114 2857 199 2891 ante
226 2855 300 2891 AS
325 2855 500 2901 (antehac
526 2856 563 2900 a)
589 2855 721 2891 anteac
746 2855 787 2890 H
816 2855 830 2900 ΙΙ
862 2858 905 2889 15
931 2855 974 2889 ut
999 2865 1065 2890 om.
1094 2853 1128 2889 G
1154 2855 1168 2899 ΙΙ
1198 2853 1372 2898 uitasque
1398 2852 1518 2887 FGC'
1551 2853 1721 2897 uitesquc
1748 2851 1792 2886 Η
1813 2851 1824 2898 ΙΙ

114 2902 271 2938 resoluit
295 2914 361 2939 om.
385 2902 425 2937 F
440 2904 452 2947 11
477 2902 574 2938 sacri
598 2902 634 2937 R
652 2903 666 2948 ΙΙ
697 2906 738 2938 16
763 2903 937 2938 scholium
964 2903 1014 2938 ad
1037 2913 1069 2938 v.
1097 2905 1142 2936 49
1168 2911 1234 2937 om.
1263 2900 1296 2935 G
1314 2902 1327 2945 ΙΙ
1353 2900 1392 2935 111
1417 2900 1687 2935 uaticinatione
1712 2896 1791 2934 vFO'
1813 2902 1823 2944 ζ’

120 2955 161 2986 17
188 2950 349 2986 numinis
377 2979 383 2986 .
406 2978 414 2984 .
436 2977 443 2985 .
470 2950 663 2995 maiorque
689 2949 809 2986 videri
834 2960 900 2984 om.
921 2949 1020 2984 HM
1042 2950 1096 2994 (in
1120 2959 1235 2994 mary.
1256 2949 1341 2983 add.
1361 2950 1410 2993 m)
1430 2950 1443 2993 ΙΙ
1461 2947 1623 2982 numinis
1649 2958 1822 2992 praescn-

119 2998 188 3044 tia]
214 3009 281 3043 per
304 2997 467 3033 numinis
492 2997 743 3042 praesentiam
763 2997 803 3032 F
810 2996 840 3031 Ο
873 2997 1035 3032 numinis
1059 2996 1098 3031 in
1123 2996 1336 3041 praesentia
1353 3007 1389 3030 m
1406 2996 1419 3040 ΙΙ
1438 2996 1620 3030 humanos
1639 2993 1824 3029 illudebat

121 3046 292 3090 aspectus
311 3045 347 3079 R
365 3046 378 3090 ss
396 3044 606 3088 illudebant
624 3044 702 3080 Am
721 3046 734 3090 ΙΙ
755 3048 797 3079 19
825 3044 986 3079 numinis
1011 3055 1084 3080 uox
1108 3043 1188 3078 FG
1224 3054 1298 3078 uox
1322 3042 1505 3077 luminum
1531 3042 1577 3077 H
1608 3053 1680 3077 uox
1705 3039 1822 3075 numi-

119 3103 207 3127 num
234 3093 280 3127 M
298 3094 311 3138 ss
330 3096 373 3127 21
401 3092 537 3127 scholia
563 3093 612 3128 ad
636 3104 799 3127 Ausum
823 3106 854 3128 11.
875 3106 908 3128 N.
934 3096 967 3127 et
992 3093 1041 3128 ad
1067 3103 1209 3130 ovANno
1235 3094 1267 3126 et
1292 3090 1342 3125 ad
1366 3101 1398 3124 v.
1420 3093 1463 3125 51
1490 3101 1557 3125 om.
1579 3089 1612 3124 G
1630 3090 1643 3133 ΙΙ
1662 3092 1704 3123 21
1733 3098 1822 3121 non-

118 3138 219 3185 dum]
246 3150 321 3174 non
346 3139 451 3185 Fon
470 3143 514 3174 22
540 3139 691 3175 numine
716 3140 753 3175 R
771 3141 784 3185 ΙΙ
802 3144 847 3175 23
873 3151 947 3174 non
973 3138 1209 3183 adverbium]
1235 3147 1303 3172 nec
1329 3136 1485 3172 dubium
1512 3137 1729 3172 adum-bium
1749 3133 1790 3168 F
1811 3134 1824 3180 Η

115 3188 161 3239 24
191 3187 299 3233 vom]
331 3199 369 3231 p.
403 3198 475 3231 que
507 3188 592 3224 add.
621 3187 652 3223 G
679 3188 692 3232 ΙΙ
727 3198 815 3222 nam
842 3187 874 3222 si
900 3214 907 3222 .
936 3216 942 3223 .
972 3216 978 3222 .
1005 3187 1093 3222 vota
1123 3184 1337 3219 numinibus
1370 3195 1436 3220 om.
1463 3185 1509 3219 H
1540 3186 1552 3228 ΙΙ
1590 3182 1762 3217 dixerunt
1786 3181 1823 3216 R

121 3231 255 3267 dixerit
277 3234 384 3278 vulyo
403 3235 414 3278 11
440 3237 484 3268 25
511 3245 549 3269 es
576 3245 641 3269 om.
667 3234 740 3269 AS
758 3236 770 3279 ΙΙ
788 3235 877 3270 vota.
901 3244 967 3269 om..
995 3233 1110 3268 ASR
1129 3234 1141 3278 ΙΙ
1160 3231 1262 3267 aliud
1289 3232 1388 3267 enim
1414 3234 1469 3267 est
1494 3231 1543 3265 M

1846 1013 1889 1044 10

1847 1729 1893 1761 20
