2092 3614
563 254 712 292 COMM.
739 255 791 291 IN
818 254 961 291 VERG.
989 254 1099 291 AEN.
1125 254 1196 290 XII
1216 259 1415 292 258—284.
1752 256 1838 298 603

254 364 352 407 268.
399 381 518 407 suum,
549 382 624 408 Hoc
652 381 773 408 sum
805 366 980 421 antique,
1011 368 1059 408 ut
1083 365 1196 420 <XII
1218 365 1330 421 758>
1361 366 1449 409 ille
1472 367 1621 409 simul
1642 367 1840 421 fuyiens

135 433 346 478 Rutulos
387 436 538 478 simul
582 437 809 490 increpat
852 451 1011 480 omnes
1055 441 1094 480 et
1129 437 1179 492 <I
1212 437 1326 492 631>
1364 439 1514 481 simul
1550 438 1751 481 Aenean
1787 439 1840 481 in

134 507 272 561 reyia
303 508 438 550 ducit
468 510 608 558 tecta,
639 508 789 550 simul
819 509 983 551 divum
1015 509 1211 564 templis
1242 510 1425 552 indicit
1452 510 1691 554 honorem.

254 579 353 621 270.
402 590 552 621 HASTA
585 590 767 621 VOLANS
801 580 943 622 minus
976 582 1042 622 est
1074 580 1302 636 ‘namque’.
1352 595 1453 624 sane
1481 582 1649 636 reliquit
1676 582 1840 624 hastam

127 653 267 706 poeta,
310 651 410 693 dum
452 651 538 693 vult
578 651 704 693 simul
740 651 872 693 multa
909 652 1141 704 describere,
1184 655 1222 694 et
1256 666 1341 694 rem
1378 654 1644 707 inperfectam
1681 654 1839 705 omisit;
1866 661 1887 692 5

134 722 276 764 deinde
306 723 429 765 rediit
458 723 515 765 ad
543 722 860 778 descriptionem,
891 726 938 765 ut
966 737 1095 778 supra
1126 724 1172 766 in
1202 725 1374 778 auyurii
1404 726 1654 768 narratione.

253 794 350 836 273.
400 805 565 837 EORVM
585 805 718 836 VNVM
745 793 848 836 ordo
877 797 959 837 est:
986 794 1247 850 transadigit
1273 797 1427 837 costas.
1455 797 1499 837 et
1523 796 1708 852 figurate
1732 797 1841 839 (lixit

135 879 212 919 pro
246 864 417 908 ‘unius'.
521 877 722 908 TERITVR
754 877 849 916 QVA
881 877 1059 909 svau-ms
1091 877 1216 908 ALvo
1249 878 1458 909 BALTEvs
1490 882 1581 909 rem
1614 868 1839 923 physicam

136 935 261 978 dixit:
303 937 450 979 omnia
483 937 594 979 enim
628 938 781 992 quibus
814 938 994 993 utimur,
1024 953 1112 981 non
1143 953 1222 980 nos
1255 941 1413 994 terunt,
1446 939 1518 981 sed
1552 954 1600 980 ea
1632 954 1710 981 nos
1741 939 1840 981 teri-

135 1022 248 1063 mus,
288 1011 336 1051 ut
368 1009 564 1064 anulum,
602 1012 782 1065 vestem,
822 1010 1008 1053 balteum.
1072 1010 1144 1052 ‘ad
1172 1009 1365 1052 medium'
1398 1014 1534 1053 autem
1565 1011 1759 1062 absolute,
1796 1011 1842 1053 id
1867 1020 1911 1051 10

133 1083 192 1123 est
220 1081 291 1123 ubi
320 1082 411 1123 alvo
444 1082 589 1123 teritur
619 1081 783 1124 balteus.

252 1152 352 1194 275.
395 1169 598 1195 EGREGJVM
628 1170 758 1196 FORMA
788 1171 973 1197 JVVENEM
1002 1153 1094 1196 bene
1118 1153 1184 1196 hic
1208 1152 1452 1209 ‘eyreqium'‚
1476 1155 1623 1209 quippe
1647 1155 1718 1208 qui
1743 1156 1843 1196 esset

133 1224 181 1266 de
208 1224 392 1276 fratrum
419 1238 546 1279 yreye.

254 1296 353 1338 277.
401 1313 454 1338 AT
481 1313 655 1339 FRATRES
692 1310 770 1350 pro
815 1295 875 1339 ‘at
907 1297 1092 1350 fratrum
1121 1296 1255 1351 pars’.
1377 1309 1582 1341 ANIMOSA
1620 1310 1841 1340 PHALANX

136 1366 259 1421 quasi
290 1366 499 1422 phalanx,
532 1368 573 1409 id
608 1370 672 1410 est
705 1368 831 1424 legio.
880 1372 918 1411 et
946 1369 1041 1411 bene
1071 1383 1098 1411 a
1128 1383 1315 1425 numero,
1346 1383 1374 1411 a
1400 1370 1682 1424 yermanitate,
1714 1385 1740 1412 a
1770 1384 1842 1413 no·
1871 1378 1912 1410 15

135 1438 308 1494 bilitate,
339 1453 367 1480 a
394 1439 551 1495 forma,
582 1440 633 1482 ab
664 1443 812 1496 aetate,
843 1440 894 1483 ab
925 1441 1105 1483 vulneris
1132 1455 1288 1497 ywere,
1319 1441 1370 1484 ab
1400 1442 1531 1496 ipsius
1563 1442 1692 1494 laude,
1724 1456 1751 1484 a
1778 1456 1843 1497 ye-

134 1524 228 1553 nere
258 1512 403 1554 mortis
434 1512 620 1554 incitatio
650 1515 764 1554 nata.

255 1582 352 1625 279.
403 1594 536 1625 CAEcl
570 1583 728 1638 salutis*
748 1584 977 1639 inprovidi.
1021 1588 1059 1627 et
1082 1585 1177 1628 bene
1200 1586 1287 1627 iam
1312 1599 1395 1628 non
1412 1599 1530 1641 pars,
1562 1587 1631 1629 sed
1653 1587 1845 1629 universi.

256 1654 354 1696 280.
404 1667 649 1698 INVNDANT
682 1671 801 1698 more
834 1656 973 1698 undae
1005 1656 1155 1700 fluunt.

254 1726 352 1769 281.
402 1744 452 1770 AG
460 1745 615 1775 nmmo
623 1744 671 1770 VE
685 1742 766 1782 pro
785 1727 998 1770 Etruscis:
1024 1728 1068 1770 hi
1093 1729 1202 1771 enim
1227 1730 1639 1787 contra-Merentium
1664 1733 1847 1773 auctores
1871 1737 1916 1770 20

135 1798 435 1840 coniurationis
472 1798 652 1851 fuerunt.
773 1816 897 1842 PICTIS
927 1817 1103 1843 ARGADES
1132 1817 1254 1844 Aizms
1290 1801 1385 1843 bene
1417 1800 1578 1856 ‘pictis’‚
1615 1804 1662 1843 ut
1691 1803 1736 1844 in
1767 1816 1846 1844 un-

135 1870 287 1912 decimo
319 1869 434 1925 <93>
473 1873 517 1912 et
551 1871 708 1914 versis
738 1871 960 1914 Arcades
991 1872 1165 1927 armis,
1202 1875 1250 1914 ut
1286 1876 1457 1915 ornatus
1485 1874 1677 1927 picturae
1707 1873 1848 1916 lateret

134 1942 181 1984 in
213 1942 334 1985 luctu.

254 2014 354 2056 282.
386 2025 456 2056 sm
489 2025 643 2057 OMNES
677 2026 805 2058 AMOR
836 2027 956 2059 vuvs
990 2027 1146 2057 HABET
1188 2015 1281 2058 ‘sic’
1320 2015 1362 2058 id
1401 2018 1466 2058 est
1504 2016 1605 2058 dum
1637 2017 1845 2071 paulatim

138 2085 226 2127 suis
252 2085 433 2127 invicem
462 2085 734 2142 subveniunt7
761 2102 907 2129 omnes
932 2087 975 2129 in
1003 2087 1166 2130 bellum
1194 2088 1329 2130 coacti
1356 2090 1469 2130 sunt.
1514 2088 1574 2130 sic
1598 2087 1845 2131 Sallustius.
1871 2096 1916 2128 25

255 2157 354 2199 283.
405 2168 655 2200 DIRIPVERE
682 2170 798 2201 ARAs
826 2159 1083 2214 deiecerunt,
1116 2159 1445 2215 dissipaverunt.
1489 2173 1589 2202 saue
1613 2173 1704 2202 cum
1721 2173 1844 2214 prae-

135 2242 228 2270 sens
259 2231 415 2282 tempus
447 2229 538 2271 belli
571 2229 763 2286 loquitur,
795 2230 890 2273 bene
913 2232 1185 2285 praeteritum
1215 2232 1360 2274 intulit
1385 2230 1631 2286 ‘diripuere'.
1675 2234 1715 2273 ct
1736 2245 1846 2273 more

135 2313 208 2342 suo
246 2300 447 2343 interiecit
481 2301 622 2344 aliud:
665 2315 766 2343 nam
803 2303 900 2344 ordo
937 2306 1027 2345 erat
1058 2301 1277 2358 ‘diripuere
1307 2317 1407 2346 aras
1438 2306 1693 2357 craterasque
1720 2302 1845 2356 focos-

135 2385 212 2425 que
239 2371 409 2425 ferunt’.

255 2443 352 2485 284.
401 2455 610 2487 FERREVS
648 2457 791 2487 IMBER
831 2446 1069 2500 permansit
1107 2446 1153 2488 in
1191 2446 1497 2502 translatione,
1541 2446 1641 2502 quia
1679 2446 1845 2489 dixerat
1871 2455 1916 2487 30

139 2513 390 2570 ‘tempestas
422 2515 638 2560 telorum'.

139 2619 361 2655 ‘emortuum
390 2632 460 2666 ego
486 2621 660 2657 manelim
686 2622 764 2658 leto
790 2622 889 2658 malo
917 2634 1026 2668 quam
1052 2623 1111 2659 illi
1136 2624 1249 2659 hodie
1275 2623 1355 2660 seni
1381 2623 1465 2659 dem
1490 2623 1644 2659 insidias
1664 2624 1749 2659 add.
1770 2624 1808 2659 D
1834 2624 1844 2669 l{

137 2671 157 2702 2
186 2667 238 2712 et]
266 2669 306 2702 ut
326 2668 365 2702 F
380 2669 392 2713 ΙΙ
411 2672 433 2702 4
457 2668 619 2714 reliquid
639 2669 679 2705 F
694 2672 706 2716 ΙΙ
725 2675 746 2705 5
772 2670 972 2706 discribere
994 2671 1035 2706 F
1050 2673 1062 2717 ΙΙ
1083 2677 1100 2707 7
1121 2671 1349 2717 transadigit
1368 2684 1481 2706 unum
1503 2672 1625 2707 costas
1646 2671 1684 2705 D
1703 2673 1715 2716 ΙΙ
1734 2670 1844 2717 dixit]

139 2726 252 2750 unum
283 2716 368 2751 add.
395 2715 435 2750 D
464 2717 476 2762 ΙΙ
513 2720 534 2751 8
560 2730 664 2752 ⁴suro
690 2718 726 2752 R
762 2729 853 2754 Anno
879 2719 921 2753 Η
956 2731 1075 2755 ALBVM
1101 2719 1142 2755 F
1169 2721 1180 2766 ΙΙ
1217 2732 1380 2755 BAurnvM
1406 2719 1445 2754 F
1479 2720 1491 2766 ΙΙ
1530 2723 1573 2753 10
1601 2719 1778 2753 annulum
1805 2719 1850 2753 II

138 2762 306 2798 anullum
322 2762 362 2797 F
377 2764 388 2809 ΙΙ
406 2775 433 2799 s.
448 2774 480 2800 v.
496 2768 565 2800 273
592 2765 639 2800 ad
664 2765 827 2800 medium
849 2766 1021 2802 absolute
1047 2768 1172 2812 posuit
1196 2767 1234 2803 id
1255 2769 1313 2803 est
1331 2767 1395 2802 ubi
1416 2767 1502 2801 aluo
1528 2766 1661 2801 teritur
1686 2766 1842 2802 balteus.

138 2810 287 2856 quidam
314 2822 402 2846 uero
428 2811 550 2848 medio
577 2812 707 2858 legunt
732 2813 840 2857 quasi
865 2813 914 2849 ad
940 2814 1103 2850 medium
1128 2815 1254 2850 aluum
1282 2840 1290 2850 .
1318 2813 1452 2849 sutulis
1479 2815 1558 2858 (sic)
1585 2813 1750 2849 intextus
1778 2813 1811 2848 Τ
1834 2814 1844 2860 Η

138 2860 179 2893 ut
203 2858 366 2894 medium
387 2858 426 2893 F
442 2860 454 2905 ΙΙ
473 2860 522 2895 ad
547 2871 709 2896 LA'rsnvn
728 2874 752 2896 1.
774 2863 820 2905 (v.
841 2863 925 2906 274)
952 2861 988 2896 in
1017 2862 1150 2906 quibus
1177 2863 1379 2907 iunguntur
1405 2862 1491 2896 aluo
1515 2862 1547 2896 Τ
1564 2863 1575 2908 ΙΙ
1598 2865 1638 2896 12
1667 2862 1716 2896 acl
1735 2874 1844 2896 nenn-

138 2919 226 2941 GIVM
252 2920 283 2941 r.
309 2919 333 2942 1.
358 2917 385 2941 s.
411 2918 442 2942 v.
470 2907 535 2951 qui
561 2909 641 2943 erat
666 2908 807 2943 electus
833 2919 877 2944 ex
902 2920 1015 2955 grege
1040 2910 1198 2945 fratrum
1227 2911 1259 2945 Τ
1289 2912 1300 2956 [Ι
1343 2914 1384 2944 14
1410 2910 1459 2944 ad
1487 2921 1530 2944 AT
1555 2923 1587 2944 r.
1613 2920 1640 2944 s.
1668 2920 1697 2944 v.
1725 2909 1764 2943 id
1790 2912 1846 2944 est

137 2953 292 2988 fratrum
318 2964 404 2998 pars
429 2954 461 2988 T
477 2955 489 3000 ΙΙ
521 2958 562 2990 15
589 2956 639 2990 ad
656 2966 810 2991 Ammon
831 2969 887 2991 PH.
907 2967 934 2993 s.
955 2968 987 2992 v.
1014 2958 1080 2992 aut
1103 2957 1215 3004 plena
1241 2957 1374 2992 animis
1400 2959 1466 2992 aut
1489 2956 1667 2992 iracunda
1692 2958 1845 3002 propter

137 3001 262 3036 fratris
294 3001 496 3037 interitum.
547 3003 585 3037 et
616 3003 709 3038 bene
736 3029 744 3037 .
767 3031 774 3039 .
795 3030 803 3038 .
830 3014 852 3038 a
882 3015 1016 3049 genere
1048 3005 1179 3041 mortis
1212 3004 1382 3041 accensio
1415 3003 1623 3040 animorum
1656 3006 1747 3039 nata
1777 3004 1810 3038 Τ
1831 3006 1839 3034 ’ἶ

141 3052 183 3083 16
210 3059 232 3082 a
255 3048 376 3084 forma.
402 3061 424 3085 a
448 3049 647 3085 nobilitate
678 3050 711 3085 T
734 3051 745 3097 ΙΙ
778 3054 821 3086 17
847 3054 966 3087 morte
993 3051 1033 3087 F
1060 3054 1072 3099 ΙΙ
1103 3052 1275 3088 incitatio
1303 3052 1523 3087 Masvi'cius:
1551 3051 1664 3087 ineite
1691 3051 1745 3087 sio
1773 3051 1812 3086 F
1835 3052 1843 3087 ll

138 3099 182 3130 21
210 3097 259 3131 ad
284 3110 327 3131 ET
353 3109 382 3132 Ρ.
410 3109 442 3132 A.
469 3110 502 3133 A.
529 3108 556 3133 s.
579 3109 610 3133 v.
639 3098 743 3133 scuta
769 3098 870 3142 picta
894 3099 1074 3135 habentes
1104 3101 1136 3135 Τ
1153 3102 1165 3146 ss
1184 3104 1227 3135 22
1255 3099 1419 3145 picturas
1447 3099 1487 3134 F
1502 3101 1514 3146 ΙΙ
1533 3103 1577 3134 25
1604 3099 1841 3145 subveniunt]

140 3142 319 3179 obediunt
344 3144 389 3179 H
403 3146 414 3191 ΙΙ
434 3149 479 3180 26
506 3145 685 3180 decerunt
709 3145 749 3180 F
765 3147 776 3192 ΙΙ
794 3157 821 3181 s.
848 3157 880 3181 v.
904 3150 972 3182 283
999 3148 1212 3183 deiecerunt
1233 3177 1238 3183 .
1262 3149 1299 3182 et
1324 3146 1417 3182 bene
1443 3158 1526 3182 cum
1552 3157 1727 3192 praesens
1753 3146 1844 3182 belli

138 3193 286 3236 tempus
312 3192 484 3227 ostendat
508 3192 622 3227 infert
647 3193 889 3238 praeteritum
911 3221 918 3229 .
940 3195 978 3229 et
996 3206 1098 3230 more
1125 3207 1191 3231 suo
1217 3194 1319 3230 aliud
1345 3194 1533 3230 interiecit
1558 3205 1643 3229 nam
1670 3194 1759 3229 ordo
1786 3196 1844 3229 est

138 3237 324 3284 diripuere
352 3268 359 3275 .
383 3267 389 3274 .
412 3268 419 3275 .
446 3239 622 3284 focosque
651 3240 684 3275 Τ
700 3242 712 3286 ΙΙ
743 3245 787 3276 27
814 3242 938 3277 malim
965 3242 1138 3287 loquatur
1157 3243 1169 3287 Η
1192 3240 1435 3288 praeteritam
1461 3242 1502 3277 F
