2092 3614
550 225 699 262 COMM.
725 225 778 261 IN
803 225 946 262 VERG.
972 226 1083 262 AEN.
1109 225 1144 261 X
1169 228 1371 262 sse—851.
1727 224 1813 266 471

104 336 262 392 figura,
296 336 408 379 sicut
433 336 513 378 illa
539 334 737 379 Sallustii
767 336 969 379 leonem
1001 337 1156 391 atque
1190 335 1321 379 alias
1354 335 1510 391 feras,
1543 349 1646 392 ergo
1680 337 1723 377 et
1747 335 1816 378 leo

103 407 196 450 fera
228 410 306 451 est.
368 406 639 463 ‘quiescunt’
671 409 815 450 autem
848 407 974 463 quasi
1005 407 1050 449 in
1080 409 1199 449 terra
1235 407 1398 463 posita,
1437 407 1640 463 quoniam
1678 407 1817 463 galea,

104 493 213 535 quae
244 478 477 535 pendebat,
507 480 681 535 poterat
710 479 754 520 et
785 477 959 520 moveri.

222 551 321 594 838.
372 562 524 594 OOLLA
555 562 707 594 FOVET
740 549 955 592 sustinens
988 563 1034 591 se
1066 548 1234 590 arboris
1267 550 1433 592 trunco.
1531 560 1680 593 EVSVS
1705 560 1815 591 PRO-

101 634 260 664 PEXAM
303 634 353 664 IN
396 634 607 665 PECTORE
649 633 841 663 BARBAM
890 620 1074 663 barbam
1123 619 1170 662 in
1211 622 1362 675 pectus
1406 620 1594 663 infusam
1637 621 1814 664 habens.
1842 629 1863 661 5

103 694 370 737 archaismos
407 698 552 737 autem
591 696 658 736 est
694 693 809 750 quod
847 692 910 735 ait
941 691 1007 734 ‘in
1038 691 1234 748 pectore'
1266 707 1345 747 pro
1378 691 1445 733 ein
1475 692 1661 748 pectus',
1704 693 1816 735 sicut

102 766 207 808 alibi
238 765 329 820 <VI
360 765 476 821 339>
508 765 690 808 mediis
729 763 929 806 effusus
967 763 1020 806 in
1052 763 1201 806 undis
1234 778 1314 819 pro
1347 762 1414 805 ‘in
1445 763 1609 806 medias
1642 763 1815 807 undas'.

101 836 352 893 ‘propexam'
385 841 521 881 autem
551 838 645 892 quis
675 839 771 879 ante
799 836 939 878 hunc?
1519 841 1532 852 ⁸

222 909 322 953 839.
369 920 531 952 MVLTA
574 924 654 964 pro
697 907 939 960 emultum',
984 907 1097 950 sicut
1140 909 1190 950 et
1233 906 1357 963 pede
1400 908 1592 949 terram
1637 908 1816 950 crebra

101 969 236 1024 ferit
257 995 337 1037 pro
370 979 565 1023 ‘crebr0'.
665 996 912 1027 MVLTVMQVE
940 996 1131 1023 REMJTTJT
1156 979 1230 1022 hoc
1255 992 1333 1033 pro
1366 977 1524 1033 ‘saepe'.
1841 988 1884 1020 10

220 1053 319 1096 841.
369 1064 515 1095 SVPER
545 1063 675 1094 ARMA
707 1063 954 1094 EEREBANT
987 1066 1118 1106 supra
1151 1053 1340 1107 scutum,
1369 1050 1478 1093 sicut
1509 1064 1640 1104 supra
1666 1049 1810 1104 <506>

98 1125 385 1180 inpositum
418 1126 564 1166 scuto
596 1123 834 1165 referunt
865 1122 1112 1165 Pallanta
1142 1122 1456 1178 frequentes.

219 1195 316 1239 842.
366 1213 570 1239 INGENTEM
595 1212 670 1243 ATQ
679 1212 726 1238 VE
752 1212 918 1239 INGENTJ
949 1211 1130 1238 VVLNERE
1154 1194 1331 1237 Homeri
1355 1194 1509 1236 dictum
1534 1200 1652 1237 κεῖτο
1678 1194 1812 1249 μέγας

99 1269 358 1323 μεγαλωστί.

216 1338 316 1381 845.
364 1350 429 1381 AD
463 1350 651 1382 CAELVM
681 1350 859 1380 TENDIT
890 1349 1073 1380 PALMAs
1105 1337 1335 1392 increpans
1367 1337 1488 1391 deos,
1527 1337 1651 1392 quasi
1684 1337 1811 1379 sacri·
1841 1346 1884 1378 15

95 1411 230 1467 legus.
293 1412 336 1452 et
379 1410 599 1452 sciendum
638 1424 724 1452 uno
762 1409 998 1465 eodemque
1035 1412 1231 1465 tempore
1272 1422 1360 1451 non
1401 1423 1498 1450 eum
1540 1408 1734 1463 potuisse
1773 1411 1816 1450 et

97 1482 321 1524 inhaerere
353 1482 523 1537 corpori
546 1484 599 1523 'et
629 1496 782 1523 manus
816 1481 869 1523 ad
901 1481 1068 1523 caelum
1099 1481 1262 1535 levare,
1302 1479 1405 1522 licet
1436 1482 1566 1535 poeta
1597 1480 1684 1522 ista
1717 1496 1814 1523 con-

94 1554 295 1596 iunxerit.
418 1564 632 1596 CORPORE
670 1565 910 1596 INHAERET
951 1554 1026 1594 aut
1069 1552 1267 1595 inhaeret
1303 1550 1446 1594 Lauso
1493 1566 1570 1595 suo
1617 1566 1814 1608 corpore:

95 1627 171 1668 aut
202 1628 316 1668 certe
347 1625 647 1681 hysterologia
680 1627 762 1677 est,
794 1627 843 1666 ut
876 1624 935 1666 sit
965 1623 1132 1666 ‘haeret
1157 1624 1203 1666 in
1230 1621 1445 1679 corpore':
1479 1623 1632 1666 melius
1665 1626 1813 1667 tamen

95 1699 162 1739 est
193 1699 242 1739 ut
274 1697 331 1740 sit
362 1696 595 1752 antiptosis
626 1711 704 1752 pro
738 1694 954 1752 ‘corpori',
986 1698 1035 1738 ut
1061 1695 1207 1751 <361>
1239 1694 1422 1737 haeret
1452 1695 1579 1751 pede
1610 1710 1699 1750 pes
1732 1711 1811 1751 pro
1840 1705 1885 1736 20

96 1767 251 1824 ‘pedi'.

215 1841 313 1884 848.
362 1852 452 1882 PER
477 1851 699 1883 VVLNERA
726 1850 906 1882 SERVOR
938 1841 1015 1882 aut
1045 1853 1091 1880 re
1117 1853 1220 1881 vera
1251 1837 1344 1894 eper
1370 1838 1576 1893 vulnera’,
1609 1839 1711 1895 quia
1736 1855 1813 1894 per

92 1915 235 1955 totum
268 1913 357 1955 eius
391 1927 547 1967 corpus
580 1926 728 1954 mucro
761 1911 1012 1953 transierat:
1045 1912 1120 1955 ant
1150 1909 1362 1952 invidiose
1394 1909 1604 1953 ‘vulnera'
1640 1911 1701 1953 ait
1731 1926 1810 1966 pro

94 1982 293 2040 ‘vulnus'‚
326 1984 440 2026 sicut
459 1983 689 2025 Terentius
716 1997 814 2025 non
845 1981 1050 2041 perpeti
1083 1981 1412 2024 meretricum
1446 1982 1812 2037 contumelias,

91 2070 189 2097 cum
222 2055 273 2097 de
305 2054 469 2097 Thaide
501 2055 760 2111 loqueretur.
1832 2062 1876 2094 25

173 2126 178 2128 ’
212 2126 310 2169 850.
358 2137 484 2169 NVNC
523 2138 693 2168 DEMVM
731 2138 929 2168 EXILIVM
968 2137 1160 2168 INEELIX
1197 2137 1323 2168 NVNC
1357 2137 1477 2167 ALTE
1508 2136 1694 2168 vast
1726 2137 1807 2167 AD-

91 2209 250 2240 ACTVM
289 2197 447 2240 solacio
487 2198 600 2240 enim
639 2197 826 2240 viventis
864 2197 946 2240 filii
983 2199 1214 2252 utrumque
1251 2196 1393 2239 fuerat
1431 2199 1529 2239 ante
1567 2197 1806 2240 tolerabile.

211 2270 308 2313 851.
359 2281 479 2311 IDEM
515 2280 610 2312 EGO
654 2269 727 2325 qui
768 2284 882 2311 nunc
923 2283 1054 2312 causa
1094 2271 1195 2310 tuae
1235 2268 1389 2311 mortis
1430 2268 1513 2323 fui,
1551 2268 1635 2311 feci
1675 2271 1724 2311 ut
1764 2270 1807 2310 et

92 2340 229 2383 exulis
262 2343 304 2383 et
335 2341 538 2397 sacrilegi
567 2340 682 2382 filius
716 2354 809 2382 esse
841 2339 1054 2382 dicereris.

188 2472 207 2503 1
241 2467 427 2516 Sallustii]
459 2469 537 2515 Iug.
565 2469 615 2504 VI
644 2473 661 2504 1
694 2471 706 2516 ΙΙ
738 2473 759 2504 9
792 2469 831 2504 et
860 2468 974 2516 pede]
1007 2480 1134 2515 georg.
1161 2468 1215 2503 III
1239 2472 1309 2504 499
1340 2470 1353 2514 ΙΙ
1385 2473 1429 2504 13
1454 2467 1624 2516 Homeri]
1651 2469 1693 2504 ΙΙ.
1720 2469 1806 2504 XVI
1818 2462 1829 2477 ¹

92 2520 160 2553 776
190 2517 202 2563 ss
233 2520 279 2551 24
304 2516 515 2564 Terentius]
542 2516 635 2552 Eun.
663 2518 678 2552 I
707 2521 738 2562 1,
764 2521 786 2552 3

186 2639 207 2670 2
234 2636 290 2671 est
314 2645 380 2670 om.
407 2635 494 2670 LH
515 2636 613 2681 (add.
640 2637 666 2681 Z)
686 2637 699 2682 ΙΙ
730 2639 750 2672 8
777 2637 826 2672 ad
850 2648 1035 2671 rnorsxm
1058 2646 1086 2672 8.
1112 2647 1144 2673 v.
1171 2636 1393 2683 promissam
1418 2636 1572 2681 longam
1598 2634 1677 2671 siue
1705 2647 1799 2672 com-

90 2681 255 2728 positam
285 2681 324 2717 id
351 2684 409 2718 est
439 2681 559 2718 fusam
594 2683 734 2719 habens
765 2695 966 2729 propexam
1001 2684 1157 2719 barbam
1182 2683 1221 2719 in
1246 2686 1376 2729 pectus
1405 2684 1438 2718 T
1473 2685 1484 2730 ss
1523 2687 1543 2718 9
1570 2684 1697 2719 crebre
1724 2684 1765 2719 F
1794 2685 1803 2730 Η

93 2734 136 2766 10
167 2731 218 2766 ad
249 2742 412 2765 namra-rr
443 2741 471 2766 8.
497 2741 528 2765 v.
561 2730 698 2766 iterum
730 2731 861 2776 dirigit
894 2731 928 2766 T
962 2732 974 2777 ΙΙ
1013 2734 1055 2766 12
1088 2733 1194 2767 scuto
1227 2731 1279 2767 F:
1313 2732 1434 2777 clipeo
1467 2732 1640 2767 Serviani
1671 2732 1758 2767 libri
1792 2732 1803 2778 Η

92 2782 135 2814 13
160 2789 261 2813 xerro
282 2789 394 2813 merae
411 2789 570 2813 nerasxoc
590 2778 629 2813 F
663 2777 887 2823 λελασμένος
913 2776 1159 2815 ἴπποσυναῖων
1185 2780 1270 2815 add.
1285 2780 1424 2815 Daniel
1442 2780 1455 2825 ΙΙ
1476 2782 1519 2814 16
1546 2780 1584 2814 et
1610 2777 1801 2814 sciendum

89 2837 165 2862 non
190 2830 252 2861 eni
277 2829 365 2860 uni-1·
386 2825 591 2870 eodemque
622 2826 790 2871 tempore
821 2825 991 2872 potuisse
1017 2825 1058 2861 F
1090 2827 1102 2874 ΙΙ
1139 2837 1214 2862 11110
1245 2838 1311 2863 om.
1338 2827 1384 2862 H
1415 2828 1427 2873 ΙΙ
1464 2827 1514 2862 ad
1540 2839 1740 2862 svccsnsnu
1766 2841 1799 2863 n.

91 2875 135 2917 (v.
157 2875 239 2918 847)
266 2873 505 2908 succumbere
530 2871 570 2908 id
596 2876 654 2908 est
677 2872 820 2908 uictum
846 2872 1030 2909 summitti
1050 2873 1084 2909 T
1100 2875 1112 2920 ΙΙ
1131 2878 1176 2909 23
1202 2873 1259 2910 ait
1282 2874 1366 2921 pro]
1394 2875 1460 2909 aut
1485 2885 1551 2919 per
1577 2874 1709 2919 13:124
1734 2886 1801 2919 per

89 2922 126 2956 tc
152 2921 239 2956 LH
258 2920 420 2966 (perpeti
445 2921 471 2967 l)
491 2922 503 2967 ΙΙ
523 2924 567 2955 25
597 2930 681 2956 cum
706 2931 781 2956 una
806 2921 905 2956 esset
927 2920 1026 2956 thais
1052 2921 1098 2956 de
1124 2933 1197 2967 qua
1221 2922 1444 2967 loquebatur
1470 2921 1538 2967 Fu
1557 2921 1603 2957 de
1629 2933 1695 2957 om.
1717 2922 1805 2956 LH

90 2969 190 3013 (add.
218 2968 244 3012 l)
275 2969 288 3013 ΙΙ
318 2967 462 3004 thalide
488 2968 525 3003 R
560 2967 703 3003 thelide
729 2967 775 3002 H
805 2967 933 3003 thaide
958 2967 1005 3013 L,
1029 2969 1092 3005 sed
1117 2969 1154 3004 ai
1178 2969 1220 3005 in
1245 2980 1316 3005 ras.
1343 2970 1368 3013 l)
1399 2971 1412 3014 ΙΙ
1443 2973 1486 3004 27
1515 2968 1649 3004 solatio
1676 2970 1763 3004 libri
1788 2970 1799 3015 {l

90 3016 139 3050 ad
163 3026 194 3050 v.
222 3019 291 3051 850
316 3016 358 3051 in
382 3027 497 3061 mary.
523 3015 641 3051 tacite
674 3016 802 3050 mouet
831 3015 967 3060 pathos
998 3017 1037 3052 et
1062 3017 1169 3061 quasi
1193 3027 1260 3062 per
1285 3016 1549 3054 definitionem.
1594 3028 1672 3051 rem
1698 3017 1797 3051 enim

89 3073 184 3106 quae
217 3074 366 3099 mouere
396 3062 676 3099 miserationem
708 3063 834 3108 potest
858 3061 1020 3099 dilucide
1045 3074 1120 3099 non
1146 3064 1238 3099 dicit
1263 3063 1329 3109 sed
1355 3064 1447 3100 facit
1470 3063 1652 3109 intellegi.
1701 3062 1797 3098 nihil

90 3108 190 3143 enim
220 3110 324 3145 aliud
355 3121 399 3146 ex
430 3111 502 3146 hoc
533 3110 830 3155 intellegendum
860 3112 918 3145 est
948 3121 1060 3158 quam
1090 3110 1162 3147 hoc
1194 3123 1273 3147 esse
1307 3111 1426 3148 altum
1456 3111 1591 3146 uulnus
1624 3111 1795 3146 amittere

89 3156 274 3238 1iiliuthT
302 3169 346 3193 ex
378 3159 567 3195 Macrobii
597 3157 675 3194 Sat.
701 3157 752 3192 IV
778 3161 818 3202 4,
843 3161 888 3192 23
926 3158 938 3204 ΙΙ
980 3161 1025 3194 28
1051 3158 1121 3205 fui]
1157 3157 1224 3204 qui
1247 3158 1338 3194 RH
1371 3159 1440 3205 (fui
1464 3158 1538 3195 feci
1562 3159 1603 3194 in
1626 3169 1699 3194 ras.
1726 3158 1753 3204 Z)
1785 3158 1794 3205 Η

106 3214 162 3239 eci
