2092 3614
229 639 250 670 5

207 997 249 1028 10

207 1354 248 1386 15

201 1713 246 1744 20

204 2072 248 2102 25

202 2428 246 2459 30

277 235 364 277 624
1048 236 1210 272 SERVII

275 360 461 400 persona
487 348 553 387 esi:
579 344 707 401 (‘ito’,
733 345 775 386 id
802 343 887 401 est)
914 348 995 388 eat.
1040 348 1084 388 ela
1108 346 1310 388 hortassur
1335 361 1420 402 eos,
1451 349 1500 388 ui]
1524 347 1586 389 ita
1611 347 1656 390 in
1681 348 1844 391 bellum
1871 351 1983 404 eant,

277 416 400 472 quasi
430 431 498 458 res
525 416 655 458 fuerit
681 419 780 458 ante
807 416 1030 472 disposita.
1074 433 1174 460 nam
1199 417 1282 460 hoo
1307 417 1429 460 dicit:
1460 419 1729 473 repen’ninum
1755 419 1982 474 imperium

275 488 444 530 nullam
477 488 600 530 vobis
633 488 800 530 adferat
830 503 1014 532 moram:
1047 489 1157 532 unde
1184 492 1249 531 est
1274 490 1380 532 illud
1402 490 1531 544 paulo
1558 493 1659 546 post
1684 490 1827 545 <576>
1854 490 1982 533 ‘soa-

275 561 355 602 lae
386 560 655 615 inproviso
689 560 994 616 subitusque
1027 561 1274 617 apparuit
1306 561 1454 616 ignis.

395 631 494 673 567.
544 643 726 675 CAVSAM
756 643 898 673 BELLI
930 632 1030 687 quia
1061 632 1151 674 illic
1183 634 1276 673 erat
1306 632 1497 674 Lavinia.

395 703 493 746 568.
543 721 709 747 FRENVM
739 704 945 758 sinyulari
973 718 1142 746 numero
1172 718 1271 746 raro
1304 704 1447 746 lectum
1477 706 1544 746 est.
1606 706 1643 745 et
1671 704 1841 757 quidam
1871 704 1980 747 huno

276 789 433 817 versum
447 789 526 829 per
538 775 718 830 fiyuram
733 775 937 818 Graecam
950 777 1102 818 dietum
1117 776 1297 827 tradunt,
1317 771 1616 830 ὁμολογοῦσιν
1629 772 1805 830 μέλλειν
1817 777 1983 830 λαβεῖν.

397 846 496 889 569.
547 864 596 889 ER
605 864 686 890 mm
706 848 959 901 confidenter,
990 848 1110 901 quasi
1133 848 1221 889 iam
1246 861 1330 889 non
1356 847 1503 890 bellum
1528 848 1598 902 sit,
1628 848 1699 890 sed
1727 848 1983 902 expuynatio.

395 919 493 961 572.
544 930 638 961 Hoc
680 930 829 961 OAPVT
870 930 898 962 Ο
933 930 1067 962 CIVES
1105 920 1164 962 sio
1198 920 1387 973 superius
1425 918 1612 961 Drances
1648 920 1696 961 de
1735 919 1895 975 Turno,
1935 922 1983 962 ui:

276 989 368 1045 <XI
400 990 515 1043 361>
555 1005 580 1032 ο
618 989 768 1032 Latio
814 992 970 1046 caput
1013 991 1195 1032 horum
1241 995 1289 1032 et
1332 1005 1485 1032 causa
1529 991 1797 1047 malorum,
1837 991 1879 1033 id
1919 993 1984 1033 est

275 1051 546 1117 principium.
662 1059 755 1117 (Hoc
780 1079 904 1105 caem-
928 1080 955 1104 0.
977 1079 1005 1104 c.
1027 1079 1062 1105 H.
1082 1081 1114 1104 B.
1136 1079 1163 1104 s.
1184 1061 1240 1118 N.)
1278 1063 1472 1116 potuistis
1502 1062 1612 1104 enim
1648 1063 1772 1115 quieti
1807 1076 1905 1117 esse,
1946 1063 1984 1105 si

275 1134 423 1176 Latini
450 1133 593 1186 foedus
623 1136 858 1177 servassent.
914 1136 952 1175 et
981 1134 1038 1175 ad
1065 1134 1241 1176 Latinos
1271 1133 1469 1186 transfert
1498 1134 1651 1176 crimen
1684 1134 1828 1176 Turni.

394 1204 493 1247 573.
543 1216 823 1255 FOEDVSQVE
854 1215 1108 1247 REPOSCITE
1142 1217 1346 1248 FLAMffls
1386 1205 1599 1261 gravitate
1636 1220 1879 1248 sermonum
1912 1205 1982 1247 de-

276 1276 529 1319 clamationi
560 1277 727 1332 pondus
759 1276 961 1332 inposuit.
1018 1291 1119 1318 nam
1151 1277 1233 1319 hoo
1265 1277 1388 1319 dicit:
1419 1276 1613 1319 flammas
1647 1276 1832 1319 foederis
1865 1275 1982 1318 urbis

276 1349 531 1391 innovemus
563 1349 780 1391 incendio:
812 1363 913 1390 nam
946 1347 1188 1404 ‘reposcite'
1223 1350 1288 1390 est
1319 1350 1530 1404 revocate,
1561 1348 1774 1390 innovate.

392 1419 489 1462 575.
542 1437 651 1463 ΒΑΜ*
679 1437 843 1463 omem
874 1421 1058 1474 quotiens
1096 1420 1142 1462 in
1178 1420 1492 1462 similitudinem
1523 1421 1639 1462 cunei
1671 1420 1818 1462 milites
1848 1420 1983 1473 dispo-

271 1495 444 1534 nuntur.
564 1510 690 1535 DENSA
724 1510 828 1535 MOLE
856 1493 972 1534 densi
1002 1506 1093 1534 cum
1125 1493 1288 1546 impetu.

390 1563 491 1606 576.
540 1581 655 1606 meno
664 1580 744 1606 rzso
775 1565 879 1606 deest
911 1562 1003 1617 ‘eoe',
1034 1566 1081 1605 ut
1109 1564 1165 1605 sit
1195 1562 1258 1605 ‘ex
1288 1562 1522 1617 inproviso'.
1653 1580 1849 1606 APPARVIT
1875 1580 1984 1606 roms

264 1649 346 1689 pro
373 1634 715 1689 ‘amoarueruntff
747 1638 786 1677 et
808 1638 866 1677 est
888 1648 1068 1689 eeuyma,
1093 1638 1140 1676 ut
1163 1635 1210 1677 in
1227 1635 1366 1688 primo
1387 1634 1533 1689 <144>
1554 1634 1810 1689 Cymothoe
1833 1635 1983 1678 simul

271 1710 316 1748 et
342 1707 520 1749 Triton
551 1707 770 1749 adnixus
792 1720 873 1761 pro
906 1704 1111 1749 ‘adnixi'.·
1142 1720 1226 1748 non
1256 1707 1365 1748 enim
1396 1706 1507 1749 solus
1534 1707 1680 1748 Triton
1711 1707 1981 1749 adnitebatur.

394 1778 493 1821 577.
543 1789 837 1821 DISCVRRVNT
869 1789 966 1820 ALII
997 1789 1060 1819 AD
1090 1789 1270 1820 PORTAS
1298 1789 1558 1829 PRIMOSQVE
1584 1789 1852 1821 TRVCJDANT
1885 1778 1982 1820 sub-

273 1850 394 1892 audis
433 1848 703 1904 ‘inproviso’z
744 1852 786 1891 el]
817 1849 923 1892 haec
957 1849 1084 1891 simul
1119 1849 1439 1904 pronuntianda
1472 1852 1589 1904 sunia,
1628 1852 1676 1892 ul:
1707 1849 1835 1891 simul
1866 1849 1982 1892 facta

274 1921 515 1977 videantur,
547 1936 631 1977 quo
658 1921 935 1963 vehementer
960 1921 1021 1964 vis
1048 1921 1205 1964 bellica
1230 1921 1369 1976 possit
1395 1921 1581 1977 agnosci.
1630 1920 1874 1975 ‘primosque
1899 1924 1980 1964 tru-

273 1991 428 2035 cidant'
461 1995 611 2044 autem,
642 1993 688 2034 id
716 1995 774 2035 est
803 1994 876 2046 qui
902 1993 1033 2046 primi
1063 1993 1121 2035 ad
1138 1996 1282 2047 portas
1307 1996 1426 2035 erant
1448 1993 1565 2044 obvii,
1595 1994 1745 2035 seilicet
1767 1994 1983 2035 stationem

275 2068 448 2119 agentes.

393 2136 493 2178 579.
544 2147 686 2178 INTER
718 2147 890 2178 PRIMOS
922 2135 1036 2178 inter
1068 2136 1208 2191 duces,
1240 2135 1352 2178 inter
1383 2136 1611 2192 principes.

393 2207 491 2250 581.
544 2224 821 2254 rnsfflrmzovn
851 2224 948 2250 onos
980 2207 1028 2249 id
1050 2210 1109 2249 est
1128 2207 1313 2260 foederis.
1405 2218 1528 2249 HAEC
1555 2218 1736 2249 ALTERA
1763 2218 1982 2249 FOEDERA

273 2291 419 2322 RVMPI
456 2278 524 2320 bis
563 2278 705 2333 rumpi
737 2278 929 2333 foedera,
970 2277 1036 2320 bis
1069 2277 1218 2320 hostes
1251 2278 1385 2320 Italos
1416 2278 1528 2333 fieri,
1566 2278 1632 2320 bis
1665 2293 1710 2320 se
1742 2279 1788 2320 in
1818 2279 1982 2334 proelia

273 2365 402 2394 saeva
441 2349 648 2405 conpelli:
685 2364 787 2392 nam
825 2350 943 2393 varie
983 2349 1162 2392 eandem
1200 2365 1291 2392 rem
1330 2350 1470 2392 iterat.
1532 2350 1599 2391 bis
1633 2352 1777 2391 autem
1808 2350 1981 2392 foedera

273 2421 388 2464 faeta
420 2423 532 2476 sunia,
566 2421 698 2463 semel
729 2435 806 2476 per
836 2421 1060 2476 Ilioneum,
1090 2422 1253 2475 quando
1285 2422 1465 2464 Latinus
1495 2422 1558 2463 ait
1588 2420 1700 2476 <VII
1727 2421 1842 2476 263>
1874 2422 1977 2476 ipse

370 2601 387 2632 1
414 2596 467 2632 ito
492 2596 532 2631 id
558 2597 612 2631 est
643 2607 660 2631 e
684 2596 724 2631 D
747 2597 882 2641 recepi,
913 2596 1046 2641 reliqui
1070 2596 1157 2632 libri
1181 2598 1352 2633 omittunt
1380 2598 1392 2643 11
1429 2597 1529 2643 eant]
1557 2597 1665 2632 ruanis
1691 2597 1730 2632 F
1758 2599 1770 2644 11
1807 2602 1827 2632 2
1854 2598 1976 2634 fuerat,

272 2644 396 2680 ΑΒΗ
410 2646 462 2690 113
487 2643 626 2691 scalae]
656 2644 759 2680 caelo
779 2644 815 2678 R
855 2644 933 2679 cale
954 2644 995 2678 H
1012 2645 1024 2690 11
1044 2648 1064 2679 6
1090 2645 1139 2679 ad
1163 2657 1306 2679 manvu
1329 2655 1354 2680 s
1376 2656 1408 2681 v.
1436 2645 1666 2680 dominatum
1691 2646 1888 2690 imperium
1909 2645 1942 2680 T
1964 2645 1976 2692 11

272 2705 412 2727 manvu
436 2692 583 2727 frenum
607 2692 746 2727 Daniel
763 2692 775 2737 11
796 2696 814 2727 7
843 2703 1109 2727 ononorovccm
1135 2703 1242 2727 MEMIN
1270 2704 1393 2728 ‘xant-:11³1
1412 2692 1453 2727 F
1487 2690 1731 2738 ὁμολογοῦσιν
1756 2691 1886 2738 μέλλεν
1912 2696 1974 2727 λα-

274 2742 355 2794 βείν
380 2740 519 2775 Daniel
557 2736 576 2774 ὁ
605 2738 752 2785 μέλλειν
778 2741 807 2774 λ.
837 2739 1043 2775 Masvieius
1062 2740 1073 2785 11
1093 2743 1113 2775 8
1140 2740 1189 2775 ad
1214 2753 1333 2775 unum
1356 2751 1384 2775 s.
1410 2752 1442 2775 v.
1470 2740 1646 2775 euerbam.
1686 2742 1724 2776 et
1750 2741 1976 2776 confidenter

272 2787 363 2823 dicit
388 2787 495 2833 quasi
520 2798 596 2823 non
622 2815 630 2822 .
652 2815 659 2822 .
682 2815 689 2823 .
716 2785 942 2832 expugnatio
971 2786 1004 2821 T
1020 2788 1032 2832 11
1065 2791 1085 2822 9
1112 2787 1156 2822 de
1183 2787 1404 2823 Masviei'us:
1432 2799 1454 2823 a
1479 2787 1519 2822 F
1535 2789 1547 2834 11
1573 2792 1612 2822 11
1642 2789 1691 2824 ad
1717 2801 1737 2823 ο
1763 2801 1861 2823 01vns
1886 2800 1921 2823 Η.
1942 2802 1973 2823 n.

273 2848 299 2870 s.
328 2849 362 2872 N.
387 2846 413 2871 s.
441 2846 472 2870 v.
498 2834 659 2880 possetis
692 2835 791 2870 enim
823 2845 902 2870 esse
936 2834 1055 2879 quieti
1081 2834 1111 2869 si
1135 2835 1247 2870 latini
1273 2834 1402 2871 foedus
1427 2836 1638 2871 seruassent
1666 2836 1698 2869 T
1731 2836 1744 2880 11
1783 2839 1826 2870 13
1851 2835 1975 2881 graui

271 2884 387 2918 tatem
415 2882 450 2917 A
469 2883 481 2928 11
512 2893 720 2918 sermonem
745 2882 786 2917 F
806 2883 818 2927 11
850 2886 895 2916 14
918 2883 1020 2926 nam]
1047 2893 1133 2918 nam
1159 2883 1221 2917 hio
1245 2883 1283 2918 D
1308 2885 1320 2928 11
1353 2887 1396 2918 15
1421 2882 1586 2927 reposita
1610 2883 1647 2918 A
1665 2884 1677 2928 11
1701 2883 1874 2918 inuocate
1887 2883 1943 2922 H
1963 2883 1974 2929 11

273 2934 316 2965 16
344 2931 393 2966 ad
411 2941 442 2966 v.
466 2933 533 2965 575
553 2930 595 2964 in
617 2941 729 2975 mary.
757 2941 893 2965 cuneus
914 2931 975 2964 est
1000 2930 1160 2965 collecta
1185 2929 1347 2965 militum
1374 2930 1578 2965 multitudo
1604 2942 1627 2965 a
1652 2931 1816 2966 coeundo
1843 2930 1974 2982 dictus,

272 2978 322 3013 ad
344 2987 472 3012 nume
475 2988 533 3012 ..v
553 2977 714 3021 faciunt,
740 2978 790 3013 ad
816 2989 956 3014 cvnnvu
974 2991 1008 3012 1).
1029 2989 1062 3011 A.
1084 2991 1118 3013 M.
1140 2990 1175 3013 M.
1197 2992 1228 3014 r.
1249 2989 1276 3013 s.
1296 2990 1328 3014 v.
1348 2978 1386 3012 in
1412 2977 1693 3013 similitudinem
1719 2978 1824 3014 cunei
1849 2973 1971 3023 dispo-

271 3026 408 3060 nuntur
432 3005 588 3068 milites,
621 3029 698 3060 tum
729 3025 844 3061 densa
872 3024 970 3061 mole
1001 3025 1040 3059 id
1067 3027 1124 3060 est
1150 3025 1254 3060 densi
1280 3037 1364 3060 eum
1388 3025 1532 3070 impetu
1562 3025 1594 3060 T
1628 3026 1640 3070 11
1679 3029 1721 3060 19
1748 3036 1876 3060 zeuma
1899 3025 1942 3060 F
1963 3024 1975 3073 11

271 3084 399 3117 premo
426 3072 465 3107 F
485 3073 498 3117 11
528 3071 713 3117 eynossheo
740 3072 781 3108 F
805 3074 818 3119 11
848 3073 898 3108 ad
921 3083 1093 3108 APPAnw'r
1118 3083 1145 3107 s.
1171 3084 1203 3108 v.
1231 3072 1416 3118 syllemsis
1442 3084 1570 3108 zeuma
1598 3072 1631 3107 Τ
1660 3074 1672 3119 11
1704 3076 1749 3107 23
1775 3073 1974 3108 vehemens

271 3121 479 3165 Stephanus
497 3121 509 3166 11
528 3120 577 3155 ad
598 3132 794 3160 rmmosqvu
814 3134 845 3156 r.
871 3130 898 3156 s.
919 3131 951 3155 v.
976 3119 1015 3154 id
1041 3121 1124 3155 est.
1164 3122 1346 3166 ‚agentes
1371 3121 1404 3155 Τ
1419 3122 1431 3164 11
1449 3119 1663 3165 primusque
1683 3119 1750 3165 Fu
1769 3123 1815 3155 24
1840 3122 1905 3156 aut
1924 3119 1973 3163 F,

271 3178 362 3204 corr.
377 3167 516 3203 Daniel
538 3168 551 3213 11
581 3167 704 3220 eranh]
730 3167 911 3203 uenerant,
935 3166 970 3203 T
991 3168 1003 3212 11
1033 3147 1175 3203 scilieet
1200 3179 1266 3203 om.
1286 3168 1317 3202 Τ
1340 3169 1352 3212 11
1384 3171 1429 3203 25
1455 3171 1606 3213 egentes
1633 3167 1673 3203 F
1694 3168 1706 3214 11
1737 3172 1781 3203 27
1808 3168 1859 3228 ad
1882 3179 1973 3203 nuos

271 3226 297 3250 s.
325 3226 356 3250 υ.
384 3214 527 3251 scilicet
551 3213 712 3251 foederis
743 3216 776 3251 T
803 3216 816 3262 11
845 3218 891 3251 28
916 3214 1012 3262 fieri]
1038 3214 1132 3250 dicit
1157 3220 1196 3251 et
1220 3216 1304 3251 adol.
1325 3215 1425 3251 Lion
