2092 3614
237 669 257 700 ΕΙ

218 1026 258 1058 10

213 1382 256 1413 15

209 1739 254 1770 20

287 261 375 303 542
1061 262 1223 298 SERVII

285 386 365 427 per
396 371 543 426 valles,
577 372 666 414 sive
698 386 775 426 per
805 372 966 414 montis
997 372 1182 414 radices:
1214 372 1424 414 incertum
1458 375 1523 416 est
1555 374 1669 415 enim
1701 389 1784 429 qua
1815 373 1872 415 sit
1898 388 1993 416 ven-

283 445 407 485 turus
441 443 625 485 Aeneas.
675 441 802 485 ‘velis’
835 446 971 485 autem
994 458 1074 497 pro
1108 443 1160 485 ‘si
1190 445 1282 497 quis
1314 443 1435 486 velit'.

403 514 502 556 529.
552 530 721 556 INSTARE
749 531 859 557 zvozs
887 518 935 557 ut
964 515 1103 570 <VIII
1130 515 1245 569 693>
1279 517 1486 558 turritis
1508 516 1759 570 puppibus
1790 517 1993 558 instant.

404 585 503 628 531.
553 596 872 636 ARRIPvlTQvn
905 597 1062 629 LOCVM
1100 586 1260 640 raptim
1299 587 1450 629 tenuit.
1572 599 1763 629 msnm‘r
1802 587 1993 642 proprie:

285 671 386 698 nam
419 655 635 699 ‘insidere'
675 659 742 698 est
779 657 927 699 dolose
960 658 1149 712 aliquem
1184 661 1450 713 exspectare:
1488 658 1600 700 unde
1633 661 1675 700 et
1705 658 1887 700 insidiae
1918 673 1994 699 no-

286 728 475 769 minatae
508 730 621 770 sunt.
747 745 830 776 [mo
838 745 898 771 ms
926 730 1236 784 intelleyendum
1269 728 1432 772 ‘hosti'.·
1463 730 1524 772 vel
1554 730 1850 783 inaequalibus.

404 799 503 842 532.
552 811 777 842 VELOOEM
803 810 1011 842 INTEREA
1038 801 1140 843 licet
1165 800 1359 843 ‘interea'
1385 801 1598 855 particula
1623 802 1799 856 negotia
1825 815 1994 855 semper

283 871 530 926 praeteritis
575 871 722 913 futura
766 871 1019 927 coniungat,
1062 873 1210 913 tamen
1254 872 1463 926 abruptus
1510 875 1574 914 est
1613 874 1656 913 et
1692 871 1991 927 vituperabilis

283 942 506 984 transitus.
559 942 691 984 habet
727 944 872 984 autem
910 943 1020 984 tales
1058 943 1266 984 transitus
1305 945 1348 984 et
1387 943 1432 984 in
1465 943 1759 997 superioribus
1794 942 1916 984 libris
1949 945 1992 984 et

284 1012 329 1055 in
356 1014 553 1069 sequenti
581 1014 820 1069 praecipue,
847 1014 920 1055 ubi
945 1014 1138 1069 Iuppiter
1165 1015 1358 1069 appellat
1376 1013 1597 1056 Iunonem.
1691 1026 1804 1057 OPIM
1831 1012 1990 1068 ‘Opim'

285 1084 456 1139 quando
488 1085 686 1141 dicimus,
724 1085 962 1140 nympham
993 1085 1309 1141 significamus3
1350 1085 1387 1126 si
1420 1088 1563 1127 autem
1596 1085 1787 1128 dicamus
1820 1084 1991 1139 ‘opem',

285 1155 494 1197 auxilium
514 1155 825 1210 intellegimus:
846 1154 1072 1197 Terentius
1093 1154 1219 1198 Iuno
1239 1155 1431 1198 Lucina
1455 1156 1531 1198 fer
1551 1171 1711 1212 opem3
1733 1171 1880 1198 serva
1898 1170 1992 1210 me,

284 1227 520 1282 obsecr03
551 1226 687 1282 ‘opes’
719 1241 821 1269 vero
855 1241 1033 1268 numero
1067 1227 1223 1281 plurali
1255 1241 1428 1269 censum
1462 1228 1714 1282 accipimus:
1747 1242 1848 1269 nam
1869 1226 1989 1283 ‘Ops'

283 1297 416 1340 Terra
448 1301 532 1353 est,
563 1313 671 1340 uxor
702 1296 888 1354 Saturni,
920 1313 1049 1354 quam
1083 1297 1237 1340 Graeci
1268 1298 1437 1340 Rheam
1468 1302 1637 1342 vocant.
1686 1313 1786 1342 sane
1816 1299 1888 1341 hoc
1917 1314 1991 1342 no-

282 1383 375 1411 men
412 1370 544 1424 ipsius
579 1369 750 1412 Dianae
783 1371 928 1425 fuisse,
967 1370 1019 1412 ab
1049 1369 1243 1424 Ephesiis
1280 1371 1461 1413 dedicato
1499 1372 1643 1425 templo
1681 1371 1718 1413 ei
1754 1371 1991 1427 inpositum,

282 1441 520 1483 Alexander
550 1441 735 1492 Aetolus,
759 1444 901 1496 poeta,
933 1442 978 1482 in
1010 1441 1113 1483 libro
1144 1442 1216 1495 qui
1246 1442 1485 1484 inscribitur
1515 1443 1675 1496 Musae,
1707 1442 1852 1495 refert:
1883 1444 1993 1496 quod

280 1512 352 1555 hoc
397 1513 479 1554 loco
511 1513 792 1566 peritissimus
827 1513 1091 1566 antiquitatis
1121 1516 1242 1566 poeta
1278 1514 1409 1555 sociae
1445 1514 1532 1556 eius
1567 1514 1759 1567 inposuit.
1820 1515 1990 1567 quidam

280 1584 423 1626 dicunt
460 1583 581 1637 Opim
625 1587 663 1625 et
698 1584 935 1638 Hecaeryen
971 1584 1137 1638 primas
1173 1598 1221 1626 ex
1257 1584 1532 1639 Hyperboreis
1568 1598 1689 1627 sacra
1725 1586 1770 1627 in
1806 1585 1989 1627 insulam

279 1655 434 1697 Delum
465 1655 664 1697 occultata
695 1655 740 1697 in
768 1655 948 1708 fascibus
979 1656 1194 1709 meryitum
1220 1657 1447 1711 pertulisse.
1510 1657 1588 1698 alii
1610 1659 1768 1710 putant
1799 1656 1920 1711 Opim
1952 1660 1990 1698 et

280 1727 521 1781 Hecaerqon
562 1727 785 1769 nutritores
825 1727 1036 1780 Apollinis
1080 1731 1117 1769 et
1151 1727 1322 1769 Dianae
1362 1728 1510 1781 fuisse:
1553 1727 1648 1770 hinc
1691 1729 1829 1781 itaque
1867 1727 1989 1782 Opim

280 1799 414 1852 ipsam
445 1798 635 1840 Dianam
667 1799 1014 1852 coynominatam‚
1045 1799 1154 1852 quod
1181 1812 1310 1853 supra
1340 1800 1493 1841 dictum
1524 1802 1598 1852 est,
1631 1798 1866 1852 Apollinem
1897 1812 1988 1841 vero

279 1869 540 1924 Hecaer90n;
578 1869 639 1911 vel
675 1871 783 1923 quod
812 1871 839 1923 †
846 1870 1043 1923 proxima
1075 1869 1178 1912 luna
1207 1884 1310 1923 quae
1340 1870 1489 1912 Diana
1520 1871 1640 1912 terris
1673 1869 1796 1923 facile
1832 1871 1987 1924 conspi-

279 1942 363 1983 ciat
391 1941 588 1995 quoniam
618 1941 709 1983 uita
740 1942 756 1983 i
785 1941 920 1983 uocali
945 1955 1130 1995 ecaeryas
1154 1941 1244 1983 sola
1268 1947 1328 1981 ΤΟ
1353 1947 1447 1982 ΤΟΥ
1475 1944 1706 1981 ΚὰΕΝΙΙΕΕΤΙ
1733 1945 1984 1981 ΜΕΚΡΟΜΕΝ

374 2073 395 2105 5
421 2081 507 2105 nam
533 2070 693 2105 insidere
721 2098 728 2106 .
751 2097 758 2105 .
782 2100 790 2107 .
815 2069 1030 2106 nominatae
1056 2070 1155 2116 sunt]
1183 2081 1297 2105 exscr.
1324 2069 1411 2105 Isid.
1438 2081 1489 2104 or.
1515 2069 1549 2104 X
1576 2073 1641 2104 151
1662 2070 1674 2115 ΙΙ
1705 2074 1746 2104 12
1774 2069 1985 2116 Terentius]

280 2117 392 2153 Andr.
420 2117 472 2152 111
501 2122 531 2162 1,
560 2121 602 2152 15
629 2119 640 2164 ΙΙ
674 2121 717 2152 14
743 2129 830 2153 sane
857 2118 928 2152 hoc
954 2129 1089 2153 nornen
1115 2128 1144 2152 e.
1172 2128 1205 2162 q.
1234 2117 1279 2163 s.]
1308 2117 1351 2152 cf.
1380 2117 1541 2153 Mam-ob.
1570 2116 1646 2152 Sat.
1678 2117 1705 2151 V
1733 2121 1788 2162 22,
1816 2121 1835 2152 2
1858 2129 1937 2162 sqq.

374 2241 395 2271 2
422 2237 472 2272 ad
496 2249 596 2272 vens
622 2248 650 2272 s.
670 2248 701 2272 v.
728 2248 795 2282 pro
821 2237 915 2271 uelit
939 2236 1022 2281 quis
1046 2236 1079 2271 Τ
1093 2238 1105 2281 ΙΙ
1125 2240 1144 2271 3
1165 2232 1288 2271 tun-iti
1310 2235 1350 2270 F
1366 2237 1377 2282 ΙΙ
1397 2239 1417 2269 5
1444 2246 1529 2270 nam
1556 2235 1682 2271 sedere
1702 2236 1760 2271 est
1778 2235 1905 2271 dolere
1918 2235 1959 2270 F
1975 2236 1985 2282 ΙΙ

281 2288 301 2320 6
327 2285 376 2320 ad
401 2296 534 2325 m1QV1s
559 2295 587 2320 s.
608 2296 640 2322 v.
666 2283 728 2319 uel
753 2285 853 2319 hosti
878 2283 1016 2329 iniquis
1042 2284 1103 2319 uel
1128 2283 1363 2328 inequalibus
1387 2283 1420 2317 Τ
1437 2284 1448 2329 ΙΙ
1469 2287 1488 2318 7
1514 2284 1640 2318 uzalim
1664 2282 1823 2327 negotiis
1842 2284 1855 2327 ΙΙ
1874 2286 1895 2317 8
1921 2282 1985 2317 ab—

277 2331 425 2378 ruptus]
453 2332 591 2367 abusus
617 2332 661 2366 H
676 2333 687 2377 ΙΙ
707 2335 727 2367 9
755 2333 905 2368 habet.
991 2331 1169 2366 transitus
1194 2342 1260 2366 om.
1283 2330 1323 2365 F
1338 2332 1350 2376 ΙΙ
1371 2334 1414 2365 10
1442 2342 1487 2375 op
1491 2330 1528 2365 in
1556 2330 1599 2364 H
1613 2331 1625 2376 ΙΙ
1656 2334 1696 2364 11
1724 2329 1756 2364 si
1782 2359 1789 2366 .
1811 2358 1819 2365 .
1842 2357 1849 2365 .
1876 2340 1984 2375 opem

277 2390 344 2415 om.
365 2379 409 2413 H
425 2381 436 2425 ΙΙ
467 2378 624 2414 dicimus
652 2379 689 2414 R
708 2381 719 2424 ΙΙ
754 2384 795 2414 12
823 2357 1002 2414 auxilium
1028 2390 1094 2414 om.
1116 2379 1166 2413 M
1179 2379 1191 2424 11
1221 2378 1485 2423 intellegamus
1513 2377 1553 2412 F
1568 2379 1579 2424 ΙΙ
1605 2377 1678 2412 fe1t
1703 2377 1743 2411 F
1758 2378 1770 2423 ΙΙ
1795 2387 1901 2412 serva
1926 2388 1984 2412 me

278 2427 432 2462 obsecro
459 2437 525 2461 om.
552 2426 672 2461 ASI
687 2427 700 2471 ΙΙ
734 2430 775 2461 13
803 2438 933 2462 census
959 2426 1101 2461 RHM
1119 2428 1132 2471 ΙΙ
1163 2437 1275 2470 accep
1278 2425 1373 2459 imus
1398 2425 1470 2459 AS
1488 2426 1499 2471 ΙΙ
1533 2429 1576 2459 14
1602 2435 1710 2470 geam
1736 2424 1772 2459 R
1809 2435 1910 2459 ream
1938 2425 1987 2459 M

277 2473 371 2509 reim
397 2474 437 2508 F
452 2475 465 2518 ΙΙ
484 2474 533 2509 ad
557 2485 589 2508 v.
610 2476 677 2508 532
707 2475 775 2508 hoc
800 2485 935 2509 nomen
963 2500 969 2507 .
994 2502 1000 2509 .
1023 2501 1030 2507 .
1057 2473 1236 2518 imposuit
1258 2472 1290 2506 T
1308 2473 1319 2518 ΙΙ
1341 2475 1383 2506 15
1409 2472 1471 2518 ab]
1499 2472 1606 2506 abest
1632 2471 1672 2506 F
1687 2473 1699 2518 ss
1719 2471 1893 2507 dedicata
1911 2471 1951 2506 F
1973 2471 1985 2519 ΙΙ

280 2525 322 2556 17
349 2519 411 2555 hic
436 2520 519 2556 loco
540 2520 589 2563 F,
615 2532 680 2556 om.
704 2521 736 2555 T
749 2522 762 2566 ΙΙ
782 2520 882 2556 socia
902 2520 941 2555 F
957 2522 969 2565 ΙΙ
991 2524 1033 2555 18
1061 2521 1169 2564 Opim
1198 2522 1235 2554 et
1254 2520 1470 2564 Hecaergen
1496 2519 1636 2564 primas
1657 2519 1861 2554 Salmasius
1881 2519 1983 2554 Plin.

277 2569 420 2604 exercit.
441 2579 476 2611 p.
498 2571 582 2603 147:
608 2569 746 2603 metica
772 2578 883 2613 ergen
910 2569 1048 2612 primos
1070 2567 1109 2601 F
1142 2566 1343 2612 opimetica
1369 2577 1480 2611 ergea
1505 2565 1644 2611 primos
1666 2567 1803 2602 Daniel
1820 2567 1832 2611 ΙΙ
1851 2567 1983 2611 hyber-

275 2615 400 2651 boreis
427 2614 468 2650 F
494 2616 505 2660 ΙΙ
539 2619 581 2649 19
607 2615 742 2650 Delum
768 2626 845 2660 eqo:
874 2614 975 2650 delbi
998 2615 1039 2649 F
1073 2614 1156 2649 Deli
1183 2615 1387 2649 »Salmasius
1410 2615 1423 2659 ΙΙ
1454 2614 1664 2658 opimetaca
1690 2613 1870 2659 ergonF
1904 2614 1982 2658 opi-

276 2664 423 2698 meteca
448 2666 537 2708 ergo
563 2662 702 2698 Daniel
732 2663 744 2707 ΙΙ
775 2666 820 2697 20
846 2662 932 2696 hinc
956 2662 1085 2706 itaque
1112 2660 1199 2696 hinc
1224 2660 1325 2707 opim
1352 2661 1399 2704 Γ,
1426 2662 1581 2696 alterum
1605 2661 1692 2696 hinc
1716 2661 1986 2743 del.DanielF'1

278 2714 322 2746 21
351 2710 652 2756 cognominatum
681 2710 722 2745 F
742 2712 754 2757 ss
785 2714 828 2745 22
857 2720 1037 2755 ecaergon
1066 2710 1104 2744 F
1120 2711 1131 2755 ss
1162 2709 1222 2744 uel
1248 2709 1380 2763 quod.
1434 2738 1440 2745 .
1469 2708 1691 2755 adducatus]
1717 2709 1802 2744 dedi
1825 2709 1920 2753 quod

278 2758 427 2794 exhibet.
473 2758 533 2793 vel
571 2757 669 2802 quod
702 2758 824 2815 Luna,
864 2768 959 2802 quae
992 2757 1128 2800 Diana,
1166 2758 1334 2813 proxima
1367 2756 1476 2791 terris
1512 2756 1719 2801 conspiciat
1750 2756 1891 2791 omnia.
1912 2755 1983 2791 ita

278 2806 436 2841 uocatur
455 2805 665 2850 Hecaergos
687 2805 750 2840 Sol
776 2787 851 2839 ἀπὸ
879 2804 946 2839 τοῦ
975 2802 1143 2849 ἐνεργεῖν
1170 2800 1260 2846 (ἀπὸ
1287 2804 1353 2839 τοῦ
1381 2800 1471 2844 ἑκὰς
1496 2805 1636 2848 εἵργειν
1655 2802 1822 2838 τουτέστι
1843 2800 1980 2847 μακρό-

277 2855 351 2888 θεν
372 2852 607 2905 Masvicius)
621 2853 692 2888 hoc
719 2854 777 2888 est
802 2864 820 2888 e
846 2851 1050 2897 longinquo
1071 2852 1276 2888 Salmasius
1301 2852 1350 2886 ad
1374 2852 1539 2895 inscript.
1561 2851 1719 2886 Herodis
1738 2851 1856 2885 Attici
1867 2861 1908 2894 p.
1916 2853 1980 2908 ‚2³¹⁷

278 2900 340 2936 vel
371 2900 471 2959 quod
502 2898 674 2944 proxima
703 2900 794 2934 luna
826 2911 920 2944 quae
946 2901 1003 2933 est
1030 2899 1150 2934 Diana
1176 2910 1194 2934 e
1221 2899 1326 2934 terris
1351 2899 1463 2934 facile
1490 2897 1740 2958 conspiciatur
1767 2896 1878 2942 Opim
1903 2893 1979 2931 ἀπὸ

278 2947 346 2982 τοῦ
380 2943 549 2990 ὄψεσθαι
580 2947 707 2982 vocari
730 2948 950 2992 Hecaeigon
977 2946 1100 2981 Solem
1133 2943 1209 2981 άπὸ
1243 2947 1308 2981 τοῦ
1336 2947 1459 2981 καίειν
1486 2942 1528 2981 ἐκ
1553 2946 1620 2980 τοῦ
1647 2944 1790 2980 ἕκαθεν
1820 2944 1891 2979 1100
1923 2946 1981 2979 est

278 3005 298 3030 e
323 2993 527 3040 longinquo
553 2995 645 3030 coni.
666 2995 854 3040 Hayenus.
889 2995 1042 3039 fortasse
1067 2994 1127 3028 vel
1154 2995 1250 3038 quod
1271 2995 1386 3038 Luna,
1413 3004 1508 3037 quae
1528 2991 1659 3035 Diana,
1684 2991 1855 3037 proxima
1872 2992 1980 3027 terris

277 3041 389 3078 facile
415 3042 624 3086 conspiciat
653 3041 846 3077 hominum
878 3042 1013 3085 uitam,
1044 3043 1216 3076 vocatam
1243 3040 1353 3086 Opim
1378 3038 1452 3075 ἀπὸ
1480 3039 1545 3097 τῆς
1570 3037 1701 3079 ὄπιδος
1727 3040 1786 3083 (cf.
1820 3039 1981 3074 Welclcer

281 3088 423 3125 Griech.
446 3088 593 3125 Go'cterl.
614 3089 648 3124 11
670 3101 708 3134 p.
729 3092 813 3135 394)
840 3090 969 3126 contra
994 3091 1146 3124 vocatur
1168 3089 1379 3134 Hecaergos
1407 3087 1471 3123 Sol
1496 3084 1571 3122 ἀπὸ
1598 3086 1664 3122 τοῦ
1691 3085 1834 3121 ε’καθεν
1859 3086 1897 3121 1(1
1924 3087 1981 3121 est

278 3134 474 3183 μακρόθεν
509 3136 580 3172 hoc
612 3137 669 3172 est
701 3148 720 3172 e
753 3137 967 3182 longinquo.
1014 3147 1086 3180 pro
1111 3137 1158 3171 iis
1184 3148 1274 3181 quae
1297 3139 1499 3181 sequuntur
1526 3134 1732 3169 Masvicius
1756 3134 1844 3169 haec
1866 3134 1980 3169 edidit

278 3184 343 3220 alii
369 3184 499 3219 dicunt
522 3195 545 3219 a
569 3183 713 3220 Latona
738 3186 935 3230 conceptos
960 3194 1034 3219 non
1060 3182 1247 3220 educatos.
1285 3184 1411 3219 malim
1436 3194 1468 3218 a.
1490 3182 1524 3217 d.
1545 3193 1567 3217 a
1592 3181 1737 3217 Latona
1761 3181 1979 3227 Hecaergon

279 3233 317 3267 ct
342 3231 452 3277 Opim
477 3231 689 3267 aduocatas.
