2124 3600
487 232 638 269 COMM.
665 232 718 268 IN
742 233 887 270 VERG.
913 233 1024 269 AEN.
1051 234 1121 270 VII
1148 239 1346 271 197—222.
1683 234 1769 276 143

58 341 269 400 condidit,
300 340 439 384 Iasius
470 357 573 384 vero
605 342 836 385 Thraciam
867 342 1026 398 tenuit,
1055 343 1131 384 ubi
1163 345 1230 385 est
1261 342 1433 398 Samos,
1465 359 1594 399 quam
1622 342 1769 386 Samo-

57 412 268 455 thraciam
293 413 555 456 nominavit:
585 429 689 456 nam
714 414 893 456 Iunonis
920 414 1007 456 alia
1032 417 1099 456 est
1125 412 1279 456 Samos
1304 414 1458 457 insula.
1492 417 1770 471 [quamquam

58 483 212 526 civitas
239 483 461 540 Thraciae,
494 499 604 540 quae
632 488 699 528 est
723 485 770 527 in
794 484 1094 541 Cephallenia,
1121 484 1250 527 Samo
1282 485 1480 539 dicatur]
1527 487 1639 529 unde
1672 501 1769 529 cum

57 557 209 610 postea
244 569 501 610 responsum
541 557 668 598 esset.
688 555 783 611 <111
815 555 901 611 96>
935 556 1201 611 antiquam
1244 555 1503 611 exquirite
1540 559 1770 613 matrem,

57 628 101 668 et
131 625 302 669 Aeneas
333 625 508 668 Italiam
539 629 723 682 peteret,
754 626 974 681 profectus
1007 626 1061 668 a'd
1087 626 1316 669 Thraciam
1349 629 1415 669 est
1446 630 1490 669 et
1521 626 1769 670 Samothra·
1796 639 1817 669 5

57 712 128 739 cas
167 698 269 740 deos
308 697 487 740 sustulit
525 700 568 739 et
602 697 785 753 pertulit
823 713 966 741 secum
998 700 1176 754 propter
1208 698 1422 754 originem
1453 699 1623 742 matris:
1664 702 1772 754 quod

55 770 245 823 superius
277 768 372 824 <III
396 769 478 823 12>
502 769 671 823 plenius
701 770 856 811 dietum
886 773 953 812 est.
1063 781 1233 812 IDAEAs
1265 781 1505 812 PHRYGIAE
1538 783 1769 814 PENETRA-
1818 783 1821 789 ¹

55 852 133 881 VIT
180 852 243 883 AD
285 852 433 883 VRBES
479 840 581 896 quia
624 843 718 882 erat
760 840 844 883 Ida
891 843 934 883 et
982 840 1154 897 Cretae,
1199 841 1365 883 addidit
1405 841 1669 899 ‘Phrygiae'
1714 845 1773 886 ad

56 913 345 955 discretionem.
800 901 821 916 ”

174 983 272 1026 209.
324 994 529 1026 CORYTHI
561 984 764 1039 oppidum
797 987 840 1026 et
871 999 996 1026 mons
1028 984 1143 1027 dicta
1175 1000 1201 1027 a
1226 999 1327 1041 rege
1350 984 1543 1041 Corytho,
1574 990 1622 1028 ut
1642 990 1769 1040 puta·
1797 996 1840 1027 10

56 1058 125 1097 tur
160 1069 188 1097 a
224 1055 486 1109 quibusdam,
529 1058 653 1110 patre
690 1055 903 1112 Dardani,
946 1056 1005 1098 ibi
1040 1056 1206 1110 sepulto.
1327 1068 1484 1099 AVGET
1529 1057 1768 1100 adiectione

56 1126 221 1168 scilicet
250 1125 440 1168 numinis
474 1125 551 1168 sui.

174 1198 273 1240 212.
324 1208 447 1241 VOCE
482 1209 685 1241 SECVTVS
717 1199 970 1255 plerumque
1003 1199 1116 1242 enim
1150 1200 1443 1242 consentimus
1476 1202 1520 1242 et
1550 1201 1684 1244 taciti.

174 1269 273 1310 213.
321 1281 414 1311 REX
445 1269 693 1312 conciliatio
727 1270 781 1312 ab
813 1270 996 1325 honore,
1027 1270 1126 1312 inde
1159 1286 1185 1313 a
1216 1284 1383 1326 genere.

173 1340 273 1382 214.
322 1351 596 1383 SVCCEDERE
629 1339 793 1384 Tanais
825 1344 875 1383 ut
906 1341 975 1396 <11
1010 1342 1125 1396 723>
1159 1334 1479 1398 succedoque
1512 1345 1670 1387 oneri.
1797 1353 1840 1384 15

173 1412 272 1454 215.
321 1424 413 1456 NEC
457 1423 591 1455 SIDVS
636 1415 836 1468 aspectus
881 1413 1093 1455 siderum:
1136 1428 1239 1455 nam
1283 1416 1591 1470 tempestatem
1638 1431 1769 1471 supra

55 1481 174 1525 dixit.
235 1497 307 1526 nee
337 1487 397 1526 est
425 1484 487 1526 bis
517 1485 625 1526 idem
649 1486 843 1539 positum.

173 1554 273 1597 217.
322 1567 482 1598 VRBEM
513 1567 790 1613 ADFERIMVR
822 1556 875 1598 ad
907 1557 1058 1599 urbem
1089 1556 1280 1600 ferimur.

173 1626 270 1668 218.
320 1638 543 1670 EXTREMO
569 1639 770 1670 vnmnns
803 1627 847 1669 id
880 1629 946 1669 est
977 1627 1167 1683 ‘primo’z
1199 1643 1300 1671 nam
1333 1629 1441 1671 alias
1475 1629 1674 1674 ‘rediens'
1708 1631 1768 1673 di-

57 1699 191 1752 ceret,
221 1711 309 1739 non
340 1696 576 1741 ‘veniens'.
1793 1711 1839 1742 20

174 1768 273 1810 220.
323 1767 472 1826 (Iovn)
498 1781 725 1812 DARDANA
750 1781 897 1812 PVBEs
919 1781 1109 1813 GAVDET
1130 1782 1224 1813 Avo
1252 1771 1421 1826 generis
1448 1773 1634 1829 origine:
1665 1789 1766 1816 nam

55 1854 158 1882 avus
189 1854 277 1882 non
308 1842 374 1882 est
403 1840 688 1883 Troianorum
719 1840 931 1896 Iuppiter,
964 1841 1039 1883 sed
1071 1842 1243 1884 Aeneae
1275 1843 1403 1885 solius
1432 1858 1510 1898 per
1541 1843 1766 1888 Venerem.

174 1911 274 1953 222.
324 1923 513 1962 QVANTA
544 1925 635 1955 PER
666 1925 838 1956 IDAEOS
872 1913 926 1956 ad
957 1914 1063 1956 illud
1095 1914 1318 1969 respondit
1351 1914 1587 1972 ‘auditique
1619 1917 1766 1961 adver-

152 2067 170 2099 1
198 2064 319 2105 tenuit
344 2092 352 2100 .
374 2092 382 2100 .
405 2093 413 2100 .
438 2065 586 2101 dicatur
610 2077 675 2101 om.
698 2065 748 2110 F,
774 2067 858 2102 add.
884 2067 908 2110 f
919 2067 932 2111 ΙΙ
952 2065 1097 2113 Samos]
1123 2066 1248 2102 insula
1274 2068 1358 2103 add.
1382 2069 1450 2104 Ml
1468 2070 1480 2115 ΙΙ
1500 2070 1627 2117 quam]
1654 2081 1767 2115 quam

55 2110 116 2146 hic
134 2110 223 2146 RH
256 2122 368 2157 quam
395 2114 434 2147 et
460 2113 510 2148 M
544 2125 655 2158 quam
680 2113 739 2149 his
764 2115 788 2157 f
799 2115 812 2159 ΙΙ
838 2117 858 2148 2
886 2125 1112 2159 quamquam
1212 2113 1360 2150 dicatur
1384 2117 1513 2152 seclusi
1532 2118 1544 2163 ΙΙ
1563 2128 1674 2162 quam
1695 2117 1769 2153 AS

55 2161 294 2204 (quamquam
326 2162 364 2206 a)
408 2172 624 2206 quanquam
651 2161 687 2196 R
717 2162 729 2208 ΙΙ
767 2165 787 2196 3
816 2161 999 2197 cefalenia
1023 2160 1097 2196 AS
1140 2162 1325 2198 cefalania
1349 2163 1444 2198 ΒΜ
1487 2164 1685 2200 cefallania
1710 2165 1774 2209 Lf

56 2228 254 2265 cefellania
277 2230 323 2265 H
355 2232 367 2277 ΙΙ
410 2242 512 2267 samo
545 2232 648 2276 libri,
683 2233 759 2268 nisi
788 2233 885 2278 quod
916 2222 1040 2268 samo's
1064 2233 1100 2267 L
1139 2233 1248 2269 Same
1273 2235 1381 2280 vulyo
1417 2235 1431 2280 ΙΙ
1472 2238 1495 2269 4
1526 2236 1658 2281 postea
1683 2247 1767 2271 cum

55 2275 185 2312 RLH
189 2277 239 2312 M
266 2279 279 2322 ΙΙ
310 2282 330 2313 5
356 2280 503 2324 peteret
527 2290 593 2315 om.
620 2279 694 2315 AS
719 2282 832 2325 (supr.
851 2291 946 2316 ,vers
974 2280 1059 2316 add.
1086 2281 1123 2326 a)
1151 2282 1164 2326 11
1194 2281 1385 2326 profectus
1412 2282 1460 2317 ad
1486 2282 1684 2318 Thraciam
1711 2284 1768 2318 est

56 2334 121 2360 om.
149 2323 198 2368 F,
223 2326 307 2361 add.
333 2327 357 2369 f
368 2328 380 2372 ΙΙ
408 2328 466 2362 est
489 2327 556 2363 del.
581 2338 599 2363 s
624 2328 636 2372 ΙΙ
668 2328 707 2363 et
732 2330 959 2363 samotracas
985 2327 1022 2363 R
1030 2342 1037 2363 :
1065 2330 1294 2365 samotracos
1319 2329 1434 2365 ASL
1471 2333 1700 2366 samotracas
1725 2331 1771 2366 H

57 2373 95 2406 et
123 2371 169 2407 de
202 2372 348 2408 thracia
380 2376 607 2410 samotracas
636 2376 685 2410 M
726 2375 772 2411 de
803 2375 952 2411 thracia
982 2377 1020 2411 et
1051 2377 1307 2412 samothracas
1334 2376 1375 2411 F
1409 2379 1465 2413 est
1498 2379 1724 2414 samotracos
1749 2390 1767 2414 s

57 2420 95 2454 et
119 2419 164 2454 de
190 2419 305 2455 tratia
331 2422 558 2457 samotracos
586 2423 628 2467 lu
647 2426 668 2458 6
695 2434 817 2458 secum
844 2423 1000 2468 pertulit
1023 2423 1144 2458 ASF
1159 2424 1172 2468 ΙΙ
1192 2428 1210 2459 7
1238 2437 1454 2460 PENETRAVIT
1479 2425 1516 2460 R
1553 2438 1629 2461 mn.
1655 2427 1710 2461 vel
1735 2440 1765 2461 P.

56 2466 188 2511 reliqui
211 2467 224 2513 ΙΙ
254 2470 276 2502 8
301 2468 405 2515 quia]
432 2468 496 2514 qui
521 2470 562 2504 H
580 2471 592 2515 ΙΙ
618 2473 724 2505 erant
749 2470 841 2504 LM
859 2471 871 2516 ΙΙ
897 2470 1029 2516 frigiae
1056 2470 1203 2506 addidit
1226 2471 1262 2505 L
1281 2473 1293 2517 ΙΙ
1319 2472 1367 2507 ad
1392 2471 1658 2508 discretionem
1682 2473 1764 2510 hab.

57 2536 129 2572 AS
158 2538 170 2583 ΙΙ
203 2541 247 2572 10
272 2550 414 2573 comi-111
438 2540 598 2575 ASRL
626 2542 638 2586 ΙΙ
669 2531 788 2576 dicta¹3
815 2542 847 2576 L
884 2541 1006 2577 dictus
1035 2542 1084 2576 M
1117 2541 1211 2578 dicti
1235 2542 1276 2577 F
1303 2544 1316 2589 ΙΙ
1347 2542 1512 2588 Corytho
1542 2545 1765 2580 Masvicius:

57 2584 227 2629 corynthi
251 2584 291 2619 F
313 2586 325 2632 ΙΙ
352 2588 507 2631 putatur
533 2587 788 2624 Gommelinus:
814 2590 995 2634 putantur
1021 2588 1062 2624 F
1086 2590 1099 2634 ΙΙ
1132 2594 1171 2624 11
1200 2589 1254 2626 ibi
1281 2591 1504 2626 Masvicius:
1532 2591 1588 2627 bis
1615 2591 1655 2626 F
1676 2593 1688 2637 Ι]
1716 2593 1766 2628 ad

58 2643 88 2666 v.
103 2635 172 2667 210
197 2643 314 2667 AvnnA
339 2646 429 2669 nvnc
456 2645 529 2679 quo
554 2636 664 2671 modo
689 2635 750 2671 hic
776 2636 870 2671 dicit
892 2636 1059 2671 illumin
1079 2636 1183 2672 coelo
1204 2648 1295 2682 esse,
1322 2637 1354 2673 si
1373 2638 1473 2683 apud
1498 2638 1638 2674 inferos
1663 2640 1763 2675 hunc

58 2678 153 2714 vidit
177 2679 339 2723 Aeneas,
371 2681 425 2716 ait
456 2682 554 2718 enim
580 2682 645 2728 (VI
671 2684 754 2728 650)
783 2683 872 2718 ‘Ilus
898 2683 1178 2729 Assaracusque
1206 2686 1414 2731 (assaracus
1438 2687 1532 2730 eod.)
1565 2687 1604 2721 et
1629 2687 1762 2723 Troiae

59 2725 250 2762 Dardanus
276 2728 434 2765 auctor’.
474 2729 654 2766 Solvitur:
682 2731 781 2776 quod
807 2731 924 2766 tribus
949 2730 1074 2767 reddit
1100 2732 1232 2777 (tribus
1252 2733 1325 2768 tria
1349 2733 1515 2769 reddidit
1535 2734 1762 2779 Fabricius),

3 2791 6 2794 Δ
59 2773 217 2809 animam
251 2774 373 2820 coelo,
405 2787 538 2822 corpus
568 2778 707 2822 terrae,
742 2779 912 2813 umbram
936 2778 1065 2814 inferis
1090 2779 1129 2813 D
1165 2780 1177 2825 ΙΙ
1214 2793 1329 2815 Avenr
1355 2780 1429 2815 AS
1437 2780 1567 2818 RLH
1572 2782 1622 2816 M
1655 2794 1763 2816 Annrr

59 2822 172 2867 auget
196 2822 253 2857 Fl
290 2835 406 2858 Avem
430 2823 536 2859 addit
560 2824 767 2870 Stephanus
785 2827 797 2872 ΙΙ
825 2829 867 2860 12
894 2825 1056 2861 numinis
1082 2827 1190 2861 ASl:
1218 2827 1378 2862 nominis
1403 2829 1537 2873 reliqui
1554 2830 1566 2873 ss
1594 2833 1636 2864 13
1663 2829 1762 2864 enim

60 2878 123 2903 om.
149 2869 182 2903 L
206 2871 218 2913 ΙΙ
246 2872 438 2906 contemus
463 2871 500 2906 A
525 2873 790 2917 (consentimus
815 2874 852 2918 a)
880 2874 893 2918 ΙΙ
925 2877 969 2908 14
995 2885 1018 2909 a
1042 2874 1194 2920 genere]
1221 2886 1331 2920 agere
1358 2875 1398 2909 F
1419 2877 1431 2922 Η
1464 2879 1508 2910 15
1532 2875 1665 2911 honori
1689 2876 1763 2911 AS

3 2921 22 2930 ‘²
62 2916 186 2950 honeri
212 2917 245 2950 L
271 2918 376 2962 (corr.
403 2919 429 2963 l)
464 2920 475 2965 ΙΙ
514 2924 557 2954 16
583 2920 787 2964 tempestas
813 2921 846 2954 L
875 2923 979 2966 (corr.
1008 2922 1034 2967 l)
1071 2922 1083 2968 ΙΙ
1123 2925 1164 2957 17
1191 2933 1259 2957 nec
1286 2950 1293 2957 .
1315 2951 1322 2958 .
1346 2950 1353 2956 .
1379 2923 1541 2968 positum
1568 2925 1650 2959 hab.
1677 2924 1761 2967 AS,

61 2963 171 2998 edidit
196 2964 401 3009 Stephanus
425 2967 436 3012 ΙΙ
467 2969 508 3001 18
534 2978 735 3002 Asrnnmvn
759 2967 853 3002 LM
886 2979 1084 3004 Arrnmmvs
1111 2968 1147 3003 R
1166 2970 1176 3015 ΙΙ
1202 2969 1355 3005 ferimur
1382 2970 1433 3004 F:
1462 2969 1665 3006 referemur
1689 2972 1762 3005 As

63 3009 248 3051 referimur
267 3011 304 3046 R
340 3013 552 3048 referrimur
571 3014 603 3048 L
639 3015 836 3050 referimur
854 3015 895 3050 H
903 3016 951 3050 M
958 3028 981 3051 a
999 3017 1011 3062 ΙΙ
1033 3019 1074 3051 19
1095 3016 1134 3051 id
1154 3018 1216 3051 esb
1236 3027 1302 3051 om.
1323 3017 1407 3051 LH
1423 3019 1434 3063 ΙΙ
1454 3017 1590 3064 primo]
1618 3019 1665 3053 ab
1691 3018 1760 3052 ori-

62 3058 142 3091 ente
166 3057 286 3102 primo
309 3060 357 3094 M
380 3061 442 3105 (ab
469 3061 610 3096 oriente
636 3062 702 3098 del.
722 3063 772 3106 m)
797 3062 837 3098 id.
862 3064 919 3098 est
943 3063 991 3099 ab
1018 3063 1160 3098 oriente
1184 3074 1340 3108 superer.
1362 3065 1404 3110 ΖΙΙ
1423 3069 1469 3099 20
1494 3076 1567 3100 11011
1593 3064 1759 3109 veniens]

62 3113 124 3138 om.
150 3104 295 3150 RLH,
319 3118 393 3142 non
421 3108 619 3144 uehemens
647 3110 695 3144 M
718 3111 730 3156 ΙΙ
761 3113 806 3144 22
832 3110 945 3146 solius
970 3111 1084 3146 edidit
1109 3111 1316 3154 Stephanus
1347 3112 1358 3157 ΙΙ
1389 3115 1433 3146 23
1459 3112 1665 3157 respondit]
1693 3122 1759 3147 om.

64 3149 291 3232 hilaiffzssupr'
324 3164 411 3188 verS.
445 3156 530 3204 add.
564 3157 610 3202 l),
655 3158 856 3202 respondet
890 3158 947 3192 M.
998 3159 1043 3201 cf.
1077 3158 1180 3192 Neue
1211 3157 1395 3194 Formenl.
1428 3160 1462 3194 d.
1496 3160 1558 3194 lat.
1591 3159 1674 3203 Spr.
1709 3157 1761 3192 112
