2092 3614
519 275 672 313 COMM.
697 275 749 311 IN
776 274 921 312 VERG.
948 274 1058 311 AEN.
1085 275 1174 310 VIII
1201 277 1399 311 129——135¹
1714 273 1799 315 219

87 383 333 443 (Tantalus)
366 385 554 440 Pelopem
588 386 747 440 yenuit,
785 385 823 428 is
852 384 1046 437 Atreum,
1077 384 1232 427 Atreus
1261 383 1611 438 Ayaineninonem
1646 387 1684 426 et
1714 385 1802 426 Me-

85 458 274 509 nelaum;
295 458 534 500 Mercurius
550 458 694 500 deinde
711 460 769 500 est
787 457 1048 500 Nicostratae
1059 459 1193 511 pater,
1211 469 1315 510 quae
1330 456 1416 509 fuit
1433 460 1565 499 mater
1580 456 1801 507 Euandri;

85 529 345 573 Mercurium
369 529 496 572 Maia
523 529 617 583 filia
641 529 830 572 Atlantis
854 529 1010 593 ³qenuit.
1060 528 1120 571 sic
1143 528 1345 571 Euander
1368 528 1533 570 Atridis
1564 528 1803 570 coniunctus

85 604 154 645 est.
218 601 414 644 Troianis
449 604 587 643 autern
622 602 682 643 sic
717 600 928 655 iunyitur:
968 613 1017 642 ex
1048 599 1237 651 Electra,
1268 599 1459 642 Atlantis
1494 600 1603 654 fllia,
1640 602 1678 641 et
1706 598 1804 641 Iove

85 672 320 716 Dardanus
349 673 552 728 nascitur,
590 673 676 715 eius
704 672 820 727 filius
849 671 1167 727 Erichthonius,
1204 685 1255 714 ex
1285 685 1328 714 eo
1361 671 1613 727 Assaracus,
1653 685 1702 714 ex
1732 670 1803 714 illo
1825 677 1846 711 ὅ

87 743 242 800 Capys,
272 758 322 787 ex
355 745 424 787 illo
455 744 674 799 Anchises,
706 757 756 786 ex
785 743 858 787 illo
889 743 1063 786 Aeneas.
1133 779 1138 783 .

210 816 306 858 131.
355 826 452 857 ΜΕΑ
477 827 542 857 ΜΕ
569 826 737 858 VIRTVS
770 815 877 858 haec
910 814 1136 870 adrogatio
1163 814 1216 857 ad
1248 814 1458 870 honorem
1483 814 1680 857 Euandri
1711 829 1804 869 per-

88 888 210 930 tinet.
255 890 293 929 et
320 896 420 930 sane
445 887 574 941 paulo
604 887 875 942 adroyantius
898 887 1100 929 videretur
1124 887 1316 929 virtutem
1340 901 1461 930 suam
1487 887 1688 938 laudasse,
1721 887 1806 929 nisi

87 961 255 1002 deorum
292 959 461 1002 oracula
497 962 535 1001 et
568 959 662 1012 fata
699 959 964 1013 coniunyeret.
1026 959 1171 1002 deinde
1209 962 1258 1000 ut
1291 958 1498 1002 Euandro
1536 958 1805 1006 blandiretur,

89 1029 204 1073 ‘tua'
238 1031 374 1084 inquit
404 1030 546 1073 ‘terris
577 1031 714 1073 dedita
741 1029 895 1084 farna'.
951 1030 998 1073 ct
1017 1034 1065 1072 ut
1093 1031 1140 1073 in
1171 1031 1378 1073 audientis
1409 1034 1540 1074 mente
1568 1033 1805 1085 remaneret,
1834 1038 1877 1069 10

88 1104 135 1145 in
157 1102 304 1145 ultimo
329 1103 492 1145 addidit
516 1102 570 1144 ‘et
589 1102 694 1156 fatis
718 1116 828 1156 eslere
852 1100 1080 1144 volentein'.
1129 1103 1201 1144 sed
1223 1101 1289 1144 hic
1313 1102 1480 1157 sinyula
1504 1103 1807 1158 distinqucnda,

88 1162 141 1216 ut
164 1174 300 1216 maior
329 1174 395 1216 siff
414 1175 678 1216 enumeratio.
780 1184 959 1216 SANOTA
986 1184 1203 1216 ORAOVLA
1228 1185 1378 1216 DIVVM
1404 1173 1597 1216 Tiberini
1629 1174 1807 1229 scilicet,

88 1246 148 1288 vel
167 1245 398 1300 Apollinis,
428 1249 477 1288 ut
501 1245 594 1301 <VI
613 1245 700 1300 96>
733 1246 816 1288 via
838 1246 1009 1300 prima
1039 1245 1241 1300 salutis,
1271 1246 1398 1300 quod
1426 1245 1628 1289 minime
1658 1247 1804 1302 reris,

90 1317 258 1360 Graia
282 1318 533 1371 pandetur
562 1318 619 1359 ab
650 1318 775 1360 urbe.

212 1389 307 1431 132.
356 1400 523 1431 DIDITA
542 1400 670 1431 FAMA
696 1388 932 1445 divulgata,
951 1391 1000 1431 ut
1021 1388 1135 1444 <VII
1158 1389 1271 1445 144>
1293 1389 1493 1434 diditur
1518 1389 1602 1433 hic
1628 1390 1805 1434 subito
1834 1397 1877 1430 15

89 1461 318 1504 Troiana
348 1475 437 1516 per
468 1461 675 1516 agmina
705 1476 887 1504 rumor.

213 1533 309 1575 133.
358 1544 490 1576 FATIS
528 1544 683 1576 EGERE
724 1545 975 1577 VOLENTEM
1019 1534 1065 1576 id
1105 1537 1178 1590 est,
1224 1534 1338 1590 quod
1381 1534 1622 1577 voluntatis
1665 1534 1807 1577 fuerat

91 1605 183 1661 egit
213 1604 448 1647 necessitas
481 1604 572 1647 fati.

213 1676 310 1720 134.
359 1688 609 1720 DARDANVS
642 1688 827 1720 1L1A0An
855 1689 1025 1720 Pmnvs
1051 1689 1207 1720 PATER
1232 1690 1368 1721 vuffls
1395 1691 1453 1720 ET
1480 1690 1667 1722 Avc'rou
1691 1679 1805 1722 Dar-

91 1749 227 1790 danus
257 1762 306 1790 ex
337 1747 434 1790 Iove
464 1751 502 1790 et
530 1748 717 1804 Electra,
748 1748 938 1791 Atlantis
967 1749 1078 1803 filia,
1112 1751 1274 1804 genitus
1310 1751 1359 1792 de
1390 1750 1523 1793 Italia
1559 1755 1665 1794 sorte
1695 1751 1808 1794 abire
1832 1759 1877 1790 20

91 1819 326 1874 conpulsus,
366 1833 487 1874 ayros
526 1820 692 1862 Troicos
723 1821 832 1874 petit
866 1821 999 1875 ibique
1035 1821 1292 1864 Dardanum
1331 1824 1527 1876 omoidum
1563 1823 1611 1865 in
1646 1824 1808 1878 rcyionc

92 1891 322 1934 Dardania
352 1891 582 1934 conlocavit.
632 1905 732 1934 sane
761 1892 827 1934 hic
856 1892 998 1935 reddit
1029 1893 1143 1948 quod
1175 1893 1237 1936 ait
1268 1909 1399 1949 supra
1431 1894 1710 1951 ‘cognatique
1735 1910 1808 1950 pa-

93 1962 217 2006 tres'.
274 1978 377 2005 sane
410 1963 629 2005 sciendum
662 1963 864 2006 Atlantes
902 1966 991 2006 tres
1023 1965 1176 2019 fuisse3
1214 1980 1347 2007 unum
1379 1965 1598 2020 Maurum,
1635 1966 1710 2022 qui
1741 1968 1808 2008 est

95 2035 327 2090 maximus;
368 2034 554 2077 alterum
584 2034 799 2087 Italicum,
839 2037 1009 2090 pat-rem
1041 2035 1258 2092 Electrae,
1295 2037 1407 2079 unde
1439 2040 1568 2080 natus
1602 2040 1668 2080 est
1698 2037 1807 2079 Dar-

94 2107 249 2161 danus3
279 2106 456 2149 tertium
477 2106 754 2161 Arcadicum,
785 2109 954 2163 patrem
979 2106 1139 2159 Maiae,
1172 2108 1283 2150 unde
1309 2111 1437 2151 natus
1465 2112 1532 2151 est
1555 2108 1808 2151 Mercurius.
1833 2117 1878 2148 25

95 2179 168 2222 sed
199 2193 314 2221 nunc
347 2193 397 2220 ex
429 2179 654 2221 nominum
687 2178 971 2221 similitudine
1011 2179 1120 2222 facit
1153 2194 1344 2222 errorem
1377 2183 1420 2223 et
1451 2181 1556 2223 dicit
1587 2181 1807 2237 Electram

95 2254 138 2294 et
170 2251 333 2294 Maiam
370 2251 479 2293 filias
520 2251 654 2293 fuisse
688 2250 882 2293 Atlantis
920 2251 1113 2294 maximi.
1175 2266 1255 2294 nec
1291 2254 1463 2307 praeter
1499 2252 1713 2295 rationem
1746 2253 1809 2295 ait

96 2325 139 2365 et
170 2323 316 2378 <136>
349 2322 608 2364 ‘maximus'
642 2325 685 2365 et
718 2323 862 2378 <140>
896 2322 1044 2366 ‘Atlas
1078 2323 1191 2366 idem
1222 2324 1347 2366 Atlas
1380 2323 1598 2380 generat':
1630 2339 1731 2366 nam
1764 2326 1808 2366 et

95 2395 186 2450 ipse
217 2394 372 2436 habuit
403 2393 535 2436 etiam
566 2394 720 2436 horum
752 2395 976 2437 nominum
1003 2395 1134 2447 filias,
1167 2396 1210 2438 id
1238 2398 1305 2438 est
1322 2395 1542 2438 Electram
1570 2398 1613 2438 et
1631 2395 1807 2439 Maiam.

219 2464 315 2508 135.
363 2477 424 2507 VT
458 2476 570 2508 GRAI
602 2477 872 2509 PERHIBENT
904 2467 951 2509 id
973 2470 1047 2518 cst,
1079 2469 1127 2509 ut
1158 2469 1327 2510 vestrae
1360 2468 1584 2511 continent
1614 2468 1806 2510 litterae:
1833 2475 1878 2507 30

95 2537 260 2592 firmius
290 2537 399 2579 enim
429 2540 488 2580 est
516 2538 624 2591 quod
653 2538 838 2592 ipsorum
870 2539 1097 2581 tcslimonio
1129 2539 1318 2592 insertur.

192 2718 236 2749 23
263 2725 351 2750 sane
377 2714 568 2751 sciendum
596 2745 603 2752 .
626 2745 632 2752 .
657 2743 663 2751 .
690 2715 876 2752 Electram
903 2716 942 2751 et
966 2716 1121 2764 Maiam]
1149 2729 1262 2754 exscr.
1290 2718 1476 2764 mythogr.
1504 2717 1557 2753 III
1585 2722 1639 2762 13,
1666 2721 1687 2753 5

194 2885 215 2916 2
240 2881 477 2918 nicostratias
497 2882 538 2917 F
571 2882 785 2919 nicostratis
811 2883 857 2927 G,
882 2895 973 2920 corr.
989 2874 1128 2921 Daniel
1146 2887 1158 2932 ΙΙ
1178 2890 1198 2921 3
1224 2886 1330 2932 genit
1347 2885 1387 2920 F
1403 2887 1416 2931 ΙΙ
1434 2889 1456 2920 4
1483 2886 1626 2932 autem]
1654 2887 1720 2921 aut
1739 2886 1774 2921 G
1798 2886 1809 2932 Η

459 2950 470 2968 l

97 2977 239 3012 alecti-a
265 2977 299 3013 G
323 2979 335 3024 ss
367 2982 387 3012 5
414 2977 647 3013 eretthonius
672 2978 713 3013 F
728 2979 741 3023 ΙΙ
768 2977 974 3014 erithonius
1001 2981 1033 3014 G
1060 2982 1071 3026 ΙΙ
1100 2981 1321 3016 assarachus
1348 2981 1387 3015 F
1403 2982 1415 3025 ΙΙ
1446 2992 1490 3016 ex
1515 2981 1583 3016 illa
1608 2980 1710 3026 capis
1736 2981 1776 3015 F
1797 2981 1809 3027 Η

98 3029 118 3059 9
138 3024 218 3060 fata
236 3026 386 3070 scripsi:
411 3025 513 3060 facta
534 3025 574 3060 F
589 3027 600 3072 ΙΙ
622 3030 665 3060 10
684 3027 770 3070 fort.
791 3028 1026 3062 remanerent
1045 3029 1056 3074 ΙΙ
1079 3032 1120 3062 12
1140 3027 1304 3073 tyberini
1323 3028 1410 3063 RH
1438 3028 1570 3063 tiberis
1591 3029 1630 3063 F
1646 3030 1658 3075 n
1679 3032 1722 3063 15
1743 3042 1807 3062 m:-

99 3084 184 3107 mu
210 3073 308 3116 libri,
333 3074 409 3108 nisi
433 3074 528 3118 quod
553 3086 678 3108 mma-A
702 3085 738 3108 ‘m
756 3074 768 3118 ΙΙ
788 3072 928 3109 diditur
953 3075 1048 3110 HM
1059 3090 1066 3110 :
1093 3074 1242 3110 deditur
1262 3075 1419 3111 ASRm
1457 3075 1656 3123 dedisssstur
1680 3076 1715 3110 L
1751 3074 1805 3108 di-

99 3118 158 3153 dic
185 3119 226 3153 F
240 3120 253 3164 ΙΙ
287 3124 329 3155 18
355 3120 436 3165 pati
461 3120 507 3156 H
527 3122 539 3166 ΙΙ
568 3125 613 3156 20
639 3121 801 3156 adlantis
828 3121 868 3156 F
902 3121 1083 3158 athlantis
1110 3123 1143 3158 G
1168 3124 1180 3168 ΙΙ
1212 3127 1254 3157 21
1282 3123 1500 3160 dardanium
1529 3125 1563 3159 G
1587 3125 1599 3170 ΙΙ
1629 3128 1674 3158 23
1701 3122 1804 3168 sane]

100 3165 164 3200 sed
190 3166 230 3200 F
246 3168 257 3212 ΙΙ
283 3167 347 3211 qui
372 3168 444 3214 est]
471 3179 582 3213 quem
608 3168 649 3204 F
663 3170 676 3214 ΙΙ
703 3173 749 3204 24
775 3169 908 3204 italum
935 3169 975 3204 F
990 3171 1003 3216 ΙΙ
1031 3174 1076 3206 26
1101 3182 1176 3205 non
1202 3170 1236 3204 L
1261 3171 1373 3215 (nunc
1399 3172 1423 3216 l)
1451 3172 1463 3217 ΙΙ
1493 3175 1539 3207 27
1565 3182 1632 3205 nec
1657 3169 1808 3215 praeter
1867 3205 1871 3209 .

99 3211 285 3248 rationem
309 3214 363 3249 ait
388 3216 427 3250 et
450 3216 633 3251 maximus
658 3228 715 3252 om
753 3216 793 3251 H
817 3218 829 3262 ΙΙ
859 3221 905 3252 28
931 3218 1083 3253 maximi
1109 3218 1222 3252 ASL
1246 3219 1259 3262 ΙΙ
1288 3219 1487 3263 generarat
1511 3219 1556 3254 H
1580 3219 1590 3266 ΙΙ
1622 3221 1666 3252 29
1694 3217 1807 3254 etiam

100 3271 168 3294 om.
196 3259 231 3294 L
256 3260 354 3305 (add.
382 3262 407 3306 l)
427 3262 440 3306 ΙΙ
471 3267 516 3298 30
542 3263 600 3310 ut]
627 3266 664 3299 et
690 3264 739 3299 M
759 3265 771 3311 ΙΙ
802 3268 845 3299 31
872 3265 999 3300 firmus
1026 3265 1075 3310 F,
1101 3276 1191 3303 corr.
1218 3265 1358 3304 Daniel
