2092 3614
287 665 309 696 5

265 1022 308 1053 10

264 1380 306 1410 15

261 1736 306 1767 20

342 262 423 305 188
1108 265 1269 301 SERVII

457 360 558 415 7181
603 384 828 416 MARMORE
861 374 983 416 mari.

457 444 553 486 720.
602 456 694 486 VEL
728 456 823 488 CVM
855 457 970 488 SOLE
1003 458 1132 489 Novo
1169 446 1311 502 prima
1343 445 1520 487 aestatis
1553 448 1693 500 parte:
1737 461 1837 489 nani
1869 448 2041 503 proprie

335 515 402 557 sol
437 529 575 558 novus
613 517 681 558 est
717 528 814 559 vm.
846 517 936 559 Kal.
967 530 1078 573 1AN.3
1120 517 1194 560 sed
1232 519 1335 559 tunc
1364 531 1453 559 non
1492 519 1592 559 sunt
1629 517 1806 574 aristae,
1846 534 1951 575 quas
1985 520 2039 562 ab

337 586 539 629 ariditate
570 587 706 630 dictas
739 602 832 630 esse
865 592 1049 631 constat.

457 658 554 701 721.
603 671 696 702 AVT
723 671 872 702 HERMI
899 671 1056 703 CAMPO
1083 660 1272 702 Hermus
1297 660 1458 715 Lydiae
1490 659 1663 712 fluvius,
1695 661 1768 716 qui
1793 662 2041 716 superfusus

334 729 498 784 campis
530 730 674 786 gignit
704 730 995 786 fertilitatem,
1027 732 1139 774 unde
1170 731 1356 774 harenas
1390 745 1542 773 aureas
1574 731 1751 787 fingitur
1781 732 1965 775 trahere.

334 811 505 843 LYGIAE
536 813 859 845 FLAVEN'rmvs
892 814 1030 846 ARVIS
1061 803 1284 858 provincia
1316 804 1382 845 est
1412 802 1569 844 fertilis
1601 802 1786 859 frugum.

455 873 551 915 723.
600 884 715 915 nmo
748 884 1118 918 AGAMEMNomvs
1150 886 1344 918 TROIANI
1370 885 1565 917 nonnus
1592 885 1757 917 Hosius
1789 874 1902 917 hunc
1929 875 2041 932 Aga-

333 945 578 986 memnonis
619 945 814 1000 plerique
855 946 1075 1002 comitem,
1114 946 1306 1001 plerique
1348 945 1532 987 nothum
1569 946 1706 988 filium
1746 947 1907 989 volunt.
1969 939 2065 1003 qui

333 1029 431 1056 cum
469 1015 659 1057 venisset
697 1016 752 1057 ad
789 1016 982 1073 Italiam,
1029 1018 1177 1060 audito
1223 1017 1410 1060 adventu
1451 1016 1623 1059 Aeneae
1661 1017 1705 1059 in
1742 1018 1905 1060 bellum
1943 1018 2042 1072 ruit,

333 1100 422 1128 non
454 1101 599 1129 amore
631 1086 783 1143 Turni,
820 1087 894 1130 sed
926 1087 1024 1130 odio
1056 1087 1311 1130 hostilitatis
1350 1088 1570 1143 antiquae3
1609 1087 1719 1130 unde
1752 1088 1815 1130 ait
1846 1087 2042 1132 ‘Troiani

333 1157 523 1199 nominis
555 1157 731 1200 hostis'.

454 1228 549 1272 725.
600 1240 737 1272 RAPIT
775 1240 981 1273 POPVLOS
1021 1230 1182 1286 raptim
1225 1229 1410 1272 adducit.
1472 1230 1602 1273 etiam
1643 1229 1906 1287 Campaniae
1947 1231 2042 1274 loca

334 1304 655 1343 commemorat.
777 1313 966 1344 FELICIA
996 1313 1182 1345 BACCHO
1215 1313 1410 1345 MASSICA
1442 1317 1542 1344 nam
1574 1301 1786 1344 Massicus
1817 1317 1943 1346 mons
1976 1306 2042 1345 est

335 1372 496 1414 vitibus
527 1373 692 1427 plenus.
754 1372 984 1415 ‘Massica'
1017 1375 1159 1415 autem
1192 1373 1317 1429 dixit,
1348 1376 1397 1414 ut
1428 1372 1673 1415 Maenala.

453 1444 549 1487 727.
599 1456 807 1487 AVRVNCI
847 1456 1015 1487 MISERE
1053 1456 1230 1487 PATRES
1272 1444 1346 1486 isti
1387 1458 1539 1500 graece
1577 1443 1775 1486 Ausones
1817 1444 2039 1486 nominan—

332 1516 414 1557 tur.
535 1526 836 1567 smlcmAQvss
880 1528 1021 1558 IVXTA
1065 1527 1289 1567 AEQvonA
1339 1515 1393 1557 ab
1447 1514 1604 1570 oppido
1649 1515 1761 1571 quod
1804 1513 2039 1558 Sidicinum

332 1585 502 1629 dicitur.

452 1658 549 1701 728.
599 1670 745 1702 cALEs
770 1670 1011 1710 LINQVVNT
1043 1659 1195 1701 civitas
1228 1660 1293 1700 est
1318 1656 1596 1713 Campaniae3
1628 1673 1729 1700 nam
1754 1658 1800 1700 in
1824 1657 2041 1700 Flaminia

334 1743 443 1784 quae
476 1732 541 1772 est
567 1729 669 1773 Cale
695 1731 863 1774 dicitur.
914 1733 981 1773 est
1009 1734 1053 1773 et
1078 1730 1123 1772 in
1149 1729 1293 1772 Gallia
1324 1729 1406 1771 hoc
1432 1729 1622 1783 nomine,
1654 1744 1783 1784 quam
1810 1727 2039 1772 Sallustius

332 1803 505 1855 captam
537 1817 563 1843 a
586 1801 806 1857 Perperna
837 1803 1160 1844 commemorat.
1252 1812 1488 1851 AMNISQVE
1515 1812 1687 1843 VADOSI
1713 1811 1897 1844 AccoLA
1927 1813 2040 1844 va-

333 1884 476 1914 TVRNI
508 1872 662 1915 fluvius
694 1877 752 1917 est
782 1873 1053 1928 Campaniae,
1087 1872 1160 1928 qui
1191 1871 1312 1914 iuxta
1343 1869 1501 1913 Cumas
1534 1871 1650 1913 cadit
1680 1871 1727 1913 in
1757 1886 1888 1914 mare.

453 1944 550 1986 729.
599 1955 853 1987 SATICVLVS
886 1955 1032 1987 ASPER
1063 1943 1247 1999 populus
1280 1941 1561 1998 Campaniae,
1593 1958 1718 1998 asper
1749 1942 1952 1985 moribus.

454 2015 550 2057 730.
606 2027 917 2068 OSCORVMQVE
962 2027 1118 2059 MANVS
1163 2013 1409 2070 Capuenses
1454 2014 1575 2069 dicit,
1625 2014 1699 2070 qui
1743 2016 1841 2056 ante
1885 2014 2039 2070 Ophici

429 2137 472 2168 15
498 2132 687 2179 Maenala]
714 2144 838 2180 georg.
861 2134 877 2169 Ι
898 2137 940 2170 17
959 2135 971 2180 ΙΙ
990 2137 1037 2169 20
1062 2131 1278 2178 Sallustius]
1305 2131 1391 2166 hist.
1419 2131 1552 2177 fragm.
1577 2131 1648 2167 inc.
1669 2134 1713 2167 37
1734 2129 1913 2177 Dietsch„
1933 2135 1953 2166 3
1973 2130 2036 2167 Kr.

332 2239 595 2276 necessitatem
620 2252 733 2275 unum
760 2242 886 2286 (unum
914 2251 980 2276 om.
1001 2240 1052 2284 Β)
1078 2241 1092 2275 l
1124 2238 1271 2274 addidit
1294 2239 1337 2272 ut
1361 2236 1452 2274 allia
1478 2238 1568 2283 (alia
1592 2237 1647 2282 F)
1672 2237 1858 2273 diceretur
1883 2237 2039 2282 (diceret

332 2288 384 2333 F)
411 2288 506 2323 sicut
537 2287 731 2333 relliquias
764 2287 876 2334 (sicut
908 2287 1083 2332 reliquias
1108 2287 1147 2322 ct
1171 2284 1348 2330 reliquias
1375 2284 1427 2329 F)
1457 2285 1555 2320 unde
1586 2285 1744 2330 apparet
1773 2285 1868 2320 bene
1900 2284 2037 2320 dixisse

331 2335 506 2370 lucanum
531 2346 624 2380 quas
650 2336 738 2380 (qua
757 2335 812 2381 F)
838 2334 936 2371 aliae
963 2335 1088 2370 clades
1114 2333 1235 2370 SRF
1269 2343 1356 2368 sane
1382 2332 1473 2367 allia
1499 2332 1588 2378 (alia
1612 2336 1660 2374 m)
1687 2330 1825 2367 dicitur
1849 2332 1909 2367 cui
1933 2332 2037 2367 addi-

330 2384 391 2417 tur
418 2395 531 2417 unum
552 2383 610 2418 ,1.
630 2385 784 2428 propter
801 2382 913 2418 metri
932 2382 1196 2418 necessitatem
1221 2381 1264 2416 ut
1287 2379 1378 2415 allia
1403 2379 1597 2415 diceretur.
1636 2380 1734 2414 unde
1761 2380 1918 2425 apparet
1942 2379 2037 2415 bene

332 2428 470 2464 dixisse
496 2429 671 2466 lucanum
698 2431 740 2464 ut
764 2429 958 2475 relliquias
985 2430 1138 2465 lucanus
1163 2429 1257 2464 bene
1290 2427 1418 2472 posuit
1443 2438 1536 2472 quas
1563 2426 1674 2462 alliae
1701 2426 1812 2472 (aliae
1837 2429 1885 2471 m)
1912 2426 2037 2462 clades

333 2478 380 2511 M
398 2478 410 2522 ΙΙ
441 2481 458 2511 1
486 2488 587 2512 mare
613 2477 654 2512 F
669 2478 680 2523 ΙΙ
709 2483 729 2512 3
757 2488 850 2523 quas
878 2506 885 2513 .
908 2505 916 2512 .
938 2506 946 2513 .
973 2478 1122 2513 constat
1146 2487 1213 2511 om.
1239 2475 1327 2510 LH
1349 2474 1448 2519 (add.
1476 2475 1500 2520 l)
1521 2476 1532 2520 ΙΙ
1561 2477 1582 2509 5
1607 2474 1711 2509 fusus
1739 2475 1789 2509 M
1809 2473 2037 2519 (superfusus

331 2525 379 2568 m)
398 2526 410 2570 ΙΙ
439 2529 458 2559 6
486 2524 609 2569 campi
634 2524 670 2559 Β
689 2525 701 2570 ΙΙ
727 2529 745 2559 7
773 2537 901 2559 meru:
928 2553 935 2560 .
958 2554 965 2560 .
988 2552 995 2559 .
1021 2523 1188 2569 frugum]
1215 2537 1248 2558 H.
1275 2535 1308 2557 D.
1336 2522 1485 2565 frugum
1508 2521 1705 2566 prouincia
1729 2522 1757 2556 S
1774 2523 1786 2566 ΙΙ
1804 2521 1938 2556 fertilis
1962 2520 2039 2555 fru-

331 2583 419 2616 gum
446 2570 640 2616 prouincia
660 2571 753 2616 RF,
779 2573 854 2607 nisi
873 2573 969 2617 quod
988 2571 1202 2617 prouinciae
1222 2570 1262 2605 F
1278 2571 1290 2616 ΙΙ
1307 2569 1496 2614 prouintia
1515 2569 1608 2603 LM
1626 2570 1637 2615 ΙΙ
1657 2569 1728 2615 est]
1756 2567 1907 2604 minoris
1927 2567 2036 2603 Asiae

332 2620 417 2655 aad.
444 2618 646 2654 Fabricius
677 2620 688 2664 ΙΙ
718 2619 893 2665 fugarum
918 2619 954 2654 L
985 2620 1146 2664 (frugum
1174 2619 1199 2663 l)
1236 2619 1248 2663 ΙΙ
1285 2618 1334 2652 acl
1358 2628 1389 2652 v.
1418 2621 1484 2652 722
1520 2616 1722 2661 ‘Pulsuque
1748 2615 1884 2660 pedum
1909 2615 2038 2650 tremit

332 2665 455 2701 excita
478 2666 605 2700 tellus'
627 2665 812 2701 Homerus
836 2666 899 2710 (Il.
919 2666 953 2700 ΙΙ
974 2669 1057 2712 784)
1083 2663 1156 2701 ὑπὸ
1183 2665 1292 2700 ποσσὶ
1316 2662 1410 2712 μέγα
1437 2665 1670 2709 στεναχίζετο
1695 2668 1786 2708 γαῖα
1806 2661 2007 2698 Fabricius
2032 2662 2035 2706 ᾖ

332 2717 354 2748 8
380 2714 647 2759 agamennonis
673 2713 766 2747 LM
788 2714 800 2759 ΙΙ
831 2717 851 2748 9
879 2712 1054 2748 comitem
1080 2713 1248 2758 plerique
1273 2723 1339 2747 om.
1367 2711 1438 2746 SR
1466 2713 1478 2756 ΙΙ
1512 2715 1555 2746 10
1581 2710 1784 2755 auditoque
1809 2709 2001 2745 SRMFZ
2034 2709 2037 2755 Ι

335 2765 375 2795 11
403 2760 537 2796 chodio
564 2760 604 2795 F
634 2760 649 2805 ss
687 2764 729 2795 12
756 2761 806 2795 ad
830 2771 861 2794 υ.
891 2764 959 2795 724
983 2761 1025 2796 in
1050 2771 1163 2805 mara.
1191 2759 1342 2804 quidam
1373 2758 1527 2793 tradunt
1558 2758 1782 2802 armigerum
1806 2756 1920 2791 fuisse
1946 2767 2034 2801 aga-

332 2808 541 2843 memnonis
567 2808 606 2843 et
631 2808 763 2843 timore
796 2806 969 2842 factionis
1001 2807 1251 2842 clitemestrae
1277 2804 1418 2851 fugisse
1444 2805 1491 2840 ad
1516 2805 1660 2842 italiam
1690 2805 1724 2839 T
1757 2805 1770 2850 ΙΙ
1809 2807 1851 2838 14
1877 2814 2036 2838 comme·

331 2856 454 2889 morat
478 2854 563 2890 loca
587 2855 623 2890 Β
642 2855 653 2901 ΙΙ
673 2867 811 2890 runem
835 2866 973 2888 BAccuo
999 2866 1146 2889 irAssrcA
1171 2865 1237 2890 om.
1264 2854 1363 2896 libri,
1389 2852 1596 2898 Lipsiensis
1621 2855 1796 2887 corrector
1819 2862 1920 2896 supr.
1946 2861 2035 2887 verS.

332 2903 528 2946 adscripsit
552 2904 564 2948 ΙΙ
595 2902 773 2937 marsicus
800 2901 839 2936 F
860 2902 872 2947 ΙΙ
906 2904 949 2936 15
975 2902 1149 2936 meniana
1175 2901 1219 2935 H
1240 2902 1251 2947 ΙΙ
1286 2905 1328 2935 16
1355 2910 1511 2935 ausones
1535 2910 1670 2945 graece
1695 2899 1731 2934 Β
1755 2900 1768 2944 ss
1798 2900 1864 2933 not
1887 2898 2036 2933 lamena

333 2948 521 2983 minantur
540 2950 573 2983 L
599 2951 630 2993 (t
653 2948 804 2984 lamena
828 2949 893 2984 del.
916 2949 938 2984 l.
964 2950 1186 2992 scripturam
1205 2949 1254 2983 ad
1273 2947 1446 2983 Maenala
1471 2948 1512 2982 in
1538 2948 1730 2992 archetypo
1755 2946 1920 2981 additam
1945 2946 2036 2980 male

332 2997 548 3031 intellexisse
572 2998 716 3032 videtur
742 2997 918 3032 librarius
942 2996 954 3041 ΙΙ
986 3006 1151 3039 augones
1177 2995 1205 3029 S
1229 2997 1334 3039 (corr.
1360 2995 1392 3039 s)
1417 2995 1430 3039 ΙΙ
1464 2998 1505 3028 17
1531 2994 1705 3029 scholium
1730 2994 1779 3028 ad
1803 3005 1833 3026 ε.
1858 3006 1881 3027 1.
1908 3004 1941 3026 A.
1967 3003 2035 3027 om.

332 3043 422 3078 LH
442 3044 540 3087 (add.
567 3044 594 3089 Z)
622 3045 634 3089 ΙΙ
668 3048 710 3079 19
737 3056 889 3083 usqvu'r
915 3043 1009 3078 LM
1032 3042 1221 3087 (linquunt
1244 3044 1292 3085 m)
1329 3053 1482 3086 mNvar
1508 3041 1552 3075 H
1579 3042 1590 3085 ΙΙ
1627 3044 1672 3075 20
1700 3039 1804 3084 Cale]
1837 3049 1911 3073 non
1935 3038 2034 3073 cales

332 3102 434 3135 supr.
453 3101 541 3126 vers.
562 3091 647 3125 add.
670 3091 682 3125 l
700 3092 711 3136 ΙΙ
732 3090 856 3125 Gallia
874 3090 973 3133 libri,
998 3088 1191 3125 Gallaecia
1216 3089 1307 3123 coni.
1330 3089 1364 3122 1.
1388 3087 1537 3122 Vossius
1556 3088 1605 3122 ad
1623 3087 1748 3131 Pomp.
1771 3086 1860 3122 Mel.
1875 3097 1915 3130 p.
1938 3089 2005 3121 186
2023 3084 2036 3132 ΙΙ

334 3142 377 3173 21
404 3148 521 3183 perna
545 3137 635 3172 ΒΗ
667 3149 858 3183 perpenna
882 3137 1014 3183 reliqui
1031 3137 1044 3181 11
1062 3140 1106 3171 22
1134 3135 1196 3181 qui
1221 3146 1287 3170 cm.
1315 3134 1413 3176 libri,
1438 3135 1522 3170 add.
1545 3133 1775 3179 Fabricius„
1803 3136 1849 3168 24
1875 3143 2034 3178 capuen-

334 3185 384 3219 sis
410 3185 438 3220 S
456 3186 468 3231 ΙΙ
489 3183 637 3229 Ophici]
665 3185 741 3219 osci
761 3184 929 3219 SRLH
961 3184 1045 3220 afici
1065 3184 1114 3218 M
1149 3180 1276 3228 osssllci
1296 3181 1336 3216 F
1371 3180 1494 3215 offiuci
1519 3182 1531 3216 l
1568 3180 1660 3216 ofici.
1672 3181 1959 3216 Daventriensis.
1993 3180 2036 3215 in

335 3232 553 3278 Reyinensis
578 3232 742 3277 maryinc
769 3232 892 3268 ‘aliter
917 3233 959 3267 in
982 3243 1013 3267 v.
1039 3232 1114 3267 cod.
1140 3229 1389 3274 manuscripto
1415 3228 1510 3271 ofici’
1540 3229 1623 3263 add.
1644 3228 1783 3263 Daniel
1958 3256 1960 3258 .
