2092 3614
343 277 429 320 164
1114 275 1274 314 SERVII

409 427 413 432 .
460 387 559 431 518.
608 399 840 430 PRESSERE
877 399 940 429 AD
978 399 1191 430 PECTORA
1229 398 1380 430 NATos
1419 386 1585 430 Statius
1625 386 1923 443 pressitque
1959 385 2052 430 Pa-

339 459 577 502 laemona
619 461 799 514 mater,
848 459 953 501 item
998 473 1020 500 e
1063 460 1214 501 contra
1256 473 1347 501 nec
1396 461 1549 501 natos
1600 474 1753 501 ausae
1797 458 2051 514 deponere

341 532 545 573 matres.

460 600 560 643 519.
609 613 672 643 AD
698 613 857 644 VOCEM
889 601 1088 656 bucinae,
1119 604 1168 644 ut
1194 601 1425 656 <111669>
1453 602 1620 644 sensit
1651 604 1700 644 et
1732 601 1791 644 ad
1824 601 2050 644 sonitum

293 682 314 713 ὅ
342 672 482 714 vocis
514 673 742 728 vestigia
773 672 952 715 torsit:
983 687 1084 714 nam
1116 674 1369 728 quicumque
1402 687 1533 715 sonus
1566 672 1652 714 dici
1685 687 1766 715 vox
1798 674 1954 727 potest.

458 744 558 787 522.
606 756 835 786 Avxlmvm
862 755 1051 787 CASTRIS
1078 755 1314 787 EFFVNDIT
1340 755 1533 786 APERTIS
1566 743 1608 785 id
1641 746 1707 786 est
1737 744 1831 799 ipsa
1862 745 1908 786 in
1935 744 2051 786 auxi-

339 815 442 857 lium
478 815 723 858 effunditur.

459 887 557 930 523.
608 898 844 929 DIREXERE
877 897 1008 929 AOIES
1043 887 1298 929 ordinarunt
1328 887 1373 929 in
1404 886 1691 930 latitudinem.

458 958 558 1001 524.
606 969 858 1010 PRAEVSTIS
897 957 1042 1013 ‘prae'
1081 958 1224 1000 brevis
1262 958 1313 1000 fit
1349 960 1528 1013 propter
1561 960 1809 1013 sequentem
1842 958 2051 1017 vocalem:

270 1040 313 1071 10
338 1029 452 1085 quod
484 1029 528 1071 in
559 1044 645 1072 una
677 1032 800 1085 parte
833 1029 1042 1072 orationis
1074 1029 1237 1072 factum
1268 1029 1494 1071 tolerabile
1527 1032 1611 1083 est,
1648 1029 1750 1084 quia
1782 1029 2048 1084 compositus

338 1103 405 1142 est
436 1115 589 1143 sermo.
1291 1153 1300 1161 Ι

457 1172 555 1215 525.
605 1184 756 1215 FERRO
788 1184 998 1215 ANCIPITI
1034 1171 1078 1214 id
1115 1174 1182 1214 est
1217 1172 1432 1227 utrimque
1463 1171 1606 1215 noxio.
1662 1172 1767 1214 dicit
1798 1175 1942 1215 autem
1974 1175 2050 1215 aut

339 1244 526 1300 gladios,
557 1247 633 1287 aut
664 1245 898 1300 bipennes.⁴

460 1317 561 1359 526.
611 1327 753 1359 SEGES
779 1318 896 1359 terra
922 1316 1067 1371 modo,
1099 1318 1147 1358 ut
1174 1315 1296 1371 quid
1327 1316 1489 1358 faciat
1521 1316 1688 1358 laetas
1716 1319 1932 1371 segetes.
1975 1330 2050 1371 per

269 1397 313 1428 15
340 1387 525 1431 ‘atram'
558 1402 658 1430 vero
687 1387 876 1430 fertilem
904 1387 1140 1443 significat,
1171 1391 1220 1429 ut
1252 1387 1496 1429 ostenditur
1520 1387 1561 1428 111
1591 1387 1805 1443 georgicis
1831 1387 1902 1441 <11
1921 1388 2050 1442 203>

458 1459 556 1501 527.
607 1470 726 1501 SOLE
758 1470 1012 1502 LACESSITA
1046 1459 1245 1500 naturale
1278 1459 1391 1500 enim
1424 1461 1491 1500 est
1522 1460 1569 1500 ut
1600 1458 1876 1500 metallorum
1910 1459 2049 1514 splen·

339 1530 418 1573 dor
448 1530 548 1586 plus
578 1529 747 1585 fulgeat
778 1530 862 1573 alia
893 1531 988 1572 luce
1019 1544 1259 1585 percussus.

457 1601 556 1644 529.
612 1613 854 1644 PAVLA'rnu
892 1613 1001 1645 SESE
1038 1613 1209 1644 'ronnrr
1246 1613 1371 1643 MARE
1412 1601 1472 1643 sic
1513 1601 1627 1643 bella
1668 1601 1772 1643 dicit
1813 1601 2049 1660 surrexisse

338 1672 569 1729 paulatim,
602 1673 713 1715 sicut
745 1673 885 1716 ventis
917 1673 1122 1715 flantibus
1156 1673 1317 1715 sensim
1350 1687 1467 1714 mare
1498 1672 1721 1727 turgescit.

266 1753 312 1784 20
457 1744 558 1786 531.
608 1756 687 1787 HIC
720 1756 908 1787 IVVENIS
948 1743 1172 1787 confundit
1201 1744 1395 1786 nomina:
1434 1758 1535 1785 nam
1573 1745 1617 1785 et
1647 1758 1826 1800 puerum
1859 1745 1902 1785 et
1933 1743 2048 1786 iuve-

338 1830 439 1858 nem
482 1830 806 1871 nonnumquam
852 1815 1084 1858 indiscrete
1127 1816 1250 1870 ponit
1290 1814 1530 1870 VergiliuS‚
1573 1817 1622 1856 ut
1663 1814 1746 1857 1100
1789 1815 1901 1870 100ος
1947 1829 2047 1857 nam

338 1886 589 1940 Almonem,
627 1901 754 1941 quem
796 1886 924 1929 modo
966 1887 1162 1929 iuvenem
1205 1886 1325 1941 dicit,
1367 1886 1496 1941 paulo
1535 1887 1636 1941 post
1668 1885 1731 1928 ait
1760 1900 1958 1942 puerum,
2002 1888 2051 1927 ut

339 1958 484 2013 (575)
519 1958 781 2000 Almonem
822 1972 1046 2013 puerum.
1108 1959 1253 2000 movet
1291 1959 1434 1999 autem
1467 1957 1788 1999 miserationem
1820 1957 1873 1999 ab
1908 1958 2048 1999 aetate

338 2044 434 2071 cum
466 2028 570 2071 dicit
601 2028 826 2085 ‘iuvenis'‚
859 2045 884 2072 a
915 2029 1074 2071 virtute
1106 2028 1285 2071 dicendo
1319 2028 1526 2083 ‘primam
1559 2029 1659 2070 ante
1691 2027 1868 2083 aciem'3
1902 2030 2048 2070 mouet

435 2151 452 2182 1
477 2146 636 2193 Statius]
660 2147 776 2182 Theb.
797 2146 812 2181 I
835 2116 933 2191 12211
958 2150 978 2181 2
999 2157 1067 2182 nec
1087 2146 1212 2193 natos]
1234 2145 1327 2181 Stat.
1350 2145 1465 2181 Theb.
1487 2145 1538 2180 XI
1558 2148 1603 2180 20
1621 2146 1634 2190 ΙΙ
1657 2148 1699 2179 14
1719 2144 1824 2191 quid]
1845 2154 1970 2190 georg.
1991 2143 2008 2177 I
2029 2148 2045 2178 1

436 2258 453 2289 1
482 2254 604 2289 status
632 2253 672 2288 F
687 2254 700 2298 ΙΙ
718 2252 937 2299 gremioque
956 2252 1183 2288 Palaemona
1207 2252 1344 2297 pressit
1362 2251 1506 2287 Statius
1525 2253 1537 2298 ΙΙ
1555 2256 1576 2287 2
1603 2262 1623 2286 0
1642 2262 1708 2286 om.
1726 2250 1799 2286 AS
1816 2252 1828 2296 ΙΙ
1847 2252 1885 2286 et
1904 2249 2048 2285 Statius

338 2302 349 2347 Ji
375 2303 485 2336 nator
510 2300 550 2335 F
565 2302 578 2346 ΙΙ
597 2301 726 2347 ausae]
753 2312 791 2336 se
811 2301 898 2335 LH
920 2302 1025 2345 (corr.
1046 2301 1072 2344 l>
1091 2301 1103 2345 ΙΙ
1130 2304 1152 2334 4
1178 2300 1334 2335 bucinae
1361 2298 1503 2335 scilicet
1521 2298 1700 2334 ASRFl
1719 2300 1730 2345 ΙΙ
1750 2297 1880 2343 sensit]
1907 2297 1956 2332 sit
1975 2297 2015 2332 F
2045 2298 2047 2343 1

339 2350 377 2383 et
401 2359 467 2383 om.
489 2348 524 2383 L
543 2350 555 2393 ΙΙ
586 2354 606 2383 5
633 2359 720 2383 nam
748 2377 754 2384 .
777 2375 784 2383 .
807 2377 815 2385 .
842 2349 965 2393 potest
989 2359 1055 2393 om.
1082 2347 1166 2382 LH
1191 2346 1290 2393 (add.
1318 2347 1343 2391 l)
1363 2348 1375 2392 ΙΙ
1394 2358 1465 2382 vox
1491 2346 1641 2392 proprie
1666 2347 1792 2392 potest
1816 2345 1855 2380 D
1873 2346 1885 2391 ΙΙ
1905 2346 2031 2390 potest

338 2406 453 2440 quare
473 2397 554 2440 (oui.
576 2396 667 2441 cod.)
695 2407 778 2430 cum
799 2395 852 2430 dii
876 2395 986 2430 inferi
1005 2394 1231 2430 inducantur
1256 2394 1402 2439 signum
1428 2394 1564 2429 bucina
1589 2394 1722 2428 datur?
1748 2392 1920 2428 soluitur:
1948 2393 2047 2437 quod

337 2442 474 2478 bucina
499 2454 543 2478 ex
569 2454 682 2489 capra
708 2444 768 2488 (ex
793 2454 907 2478 cornu
930 2453 1064 2488 caprae
1085 2442 1307 2486 Masvicius)
1334 2442 1401 2476 fiat
1424 2442 1463 2476 et
1488 2441 1537 2476 sit
1562 2442 1614 2485 (et
1639 2441 1737 2486 quod
1763 2440 1812 2475 sit
1830 2439 2047 2485 Fabricius)

337 2490 485 2535 proprie
511 2490 600 2525 ditis
626 2489 744 2535 patris
770 2491 908 2535 hostia,
933 2492 972 2525 et
996 2490 1085 2534 quia
1110 2500 1224 2535 capra
1248 2488 1473 2524 febriculosa
1498 2490 1626 2533 (capra
1651 2499 1797 2533 semper
1821 2487 2047 2522 febriculosa

339 2537 556 2582 Fabricius)
583 2536 650 2573 sit:
676 2549 764 2572 nam
790 2540 829 2573 et
853 2538 975 2583 ipsum
1001 2537 1146 2572 februm
1173 2537 1309 2582 (ipsum
1335 2536 1505 2572 februum
1531 2536 1733 2571 Fabricius
1768 2534 1887 2580 ipsam
1913 2533 2045 2569 febrim

341 2585 561 2629 Masvicius)
588 2596 669 2620 esse
690 2584 887 2620 affirmant.
928 2595 1015 2630 ergo
1042 2585 1141 2620 recte
1168 2584 1215 2620 ab
1240 2584 1311 2619 hac
1330 2584 1400 2619 dea
1424 2584 1496 2618 hoc
1515 2583 1662 2629 signum
1684 2582 1781 2617 dixit
1800 2581 1879 2617 dari
1904 2582 1989 2617 add.
2008 2581 2047 2616 D

338 2631 350 2678 Ι]
380 2636 400 2666 9
426 2630 550 2666 breuis
576 2633 636 2667 est
660 2632 693 2666 L
728 2633 741 2676 ΙΙ
779 2636 823 2666 10
848 2631 1061 2667 tollet-abile
1086 2632 1169 2666 LF
1203 2633 1216 2677 ΙΙ
1253 2631 1325 2678 est]
1351 2631 1394 2666 fit
1418 2631 1455 2665 R
1482 2632 1494 2676 ΙΙ
1525 2631 1613 2675 quia
1638 2658 1645 2666 .
1667 2657 1676 2666 .
1700 2659 1709 2667 .
1735 2641 1855 2665 sermo
1881 2640 1948 2664 om.
1973 2628 2014 2663 F
2036 2630 2046 2674 Η

340 2682 382 2713 12
408 2678 448 2713 111
474 2680 532 2713 cst
556 2689 622 2714 om.
649 2678 737 2713 LH
764 2679 777 2723 Ι]
812 2680 1012 2724 utrumque
1039 2679 1079 2714 F
1106 2680 1118 2725 ΙΙ
1154 2678 1265 2714 noxia
1289 2678 1362 2713 AS
1371 2679 1420 2713 M
1443 2680 1549 2722 (corr.
1576 2679 1638 2722 as)
1674 2680 1687 2722 11
1723 2676 1830 2722 dicit]
1859 2675 2046 2721 significat

338 2725 521 2761 ASRFl
538 2726 551 2770 Ι]
581 2729 624 2760 13
649 2725 821 2770 bipinnes
847 2726 891 2760 H
924 2727 1095 2771 bipentes
1121 2726 1162 2760 F
1182 2727 1195 2771 ΙΙ
1228 2729 1271 2760 15
1296 2726 1340 2760 ut
1364 2725 1401 2760 in
1428 2725 1613 2771 georgicis
1639 2724 1848 2760 ostenditur
1872 2722 2045 2766 ASRF,

336 2773 444 2818 nigra
469 2773 630 2818 (nigram
651 2773 678 2818 Ζ)
704 2772 780 2808 fere
806 2774 845 2807 et
869 2784 998 2816 presso
1023 2773 1175 2819 pinguis
1201 2773 1269 2808 sub
1289 2784 1438 2808 uomere
1465 2775 1630 2818 (mouere
1645 2772 1680 2807 A
1706 2782 1854 2806 uemere
1867 2770 1918 2815 R)
1944 2770 2046 2804 terra

337 2822 490 2866 (terram
514 2820 619 2865 ΑΒΖ)
645 2820 728 2855 add.
756 2819 891 2854 ΑΕΒΖ
909 2821 921 2865 ΙΙ
949 2824 990 2855 17
1017 2820 1177 2866 fulgeat]
1205 2821 1331 2855 luceat
1354 2820 1391 2855 R
1410 2821 1421 2865 ΙΙ
1446 2831 1681 2865 repercussus
1707 2818 1747 2853 F
1762 2819 1774 2863 ΙΙ
1801 2821 1844 2853 18
1869 2829 2045 2852 auronum

337 2867 374 2902 R
392 2869 404 2914 ΙΙ
434 2871 476 2902 19
504 2867 600 2902 sicut
626 2895 632 2902 .
655 2894 663 2902 .
685 2894 690 2902 .
719 2865 901 2912 turgescit
925 2877 991 2901 om.
1021 2866 1106 2901 LH
1127 2869 1181 2912 (in
1205 2879 1319 2914 mary.
1347 2868 1432 2903 add.
1460 2868 1484 2912 l)
1504 2868 1516 2913 ΙΙ
1542 2866 1696 2913 sensim]
1722 2876 1788 2901 om.
1810 2865 1867 2909 M,
1894 2875 2043 2899 sensum

337 2914 378 2950 F
393 2916 405 2961 ΙΙ
430 2918 476 2950 20
501 2914 695 2950 confundit
718 2914 871 2949 nomina
895 2925 982 2949 nam
1006 2924 1071 2949 om.
1094 2914 1134 2948 F
1150 2916 1161 2960 ΙΙ
1186 2914 1334 2950 nomine
1360 2915 1405 2949 H
1419 2916 1430 2961 ΙΙ
1457 2926 1543 2949 nam
1570 2943 1577 2950 .
1599 2942 1607 2950 .
1629 2941 1636 2949 .
1663 2917 1706 2948 ut
1729 2912 1927 2948 Almonem
1952 2922 2043 2957 pue-

336 2963 436 3009 rum]
473 2973 559 2997 nam
599 2961 766 2997 dicturus
804 2963 862 2996 est
892 2961 938 2996 de
969 2961 1039 2996 hoc
1071 2961 1218 2996 almonc
1244 2972 1398 3006 puerum
1425 2962 1512 2996 ΔΗ
1546 2962 1652 3006 (quae
1676 2961 1837 2996 eduntur
1861 2960 1903 2994 in
1927 2969 2041 3002 mary.

335 3009 485 3055 scripsit
510 3010 536 3052 l)
567 3010 578 3055 ΙΙ
609 3013 653 3044 21
680 3009 880 3044 indiscrete
905 3019 1184 3052 nonnumquam
1211 3009 1261 3043 M
1286 3010 1298 3054 ΙΙ
1335 3012 1379 3043 22
1406 3010 1449 3043 ut
1474 3008 1670 3043 Almonem
1695 3017 1853 3052 puerum
1877 3017 1943 3040 om.
1970 3005 2008 3046 R,
2031 3006 2041 3051 ΙΙ

338 3061 383 3092 23
415 3057 541 3092 movet
577 3057 702 3091 autem
728 3085 735 3093 .
763 3085 771 3092 .
801 3083 808 3090 .
836 3054 1075 3100 crudelitate]
1115 3066 1197 3090 cum
1229 3055 1322 3090 dicit
1351 3055 1496 3090 iuuenis
1527 3055 1653 3099 mouet
1685 3053 1962 3088 miserationem
1995 3052 2043 3087 ab

338 3105 473 3140 aetate.
523 3103 679 3140 dicendo
712 3104 838 3139 autem
872 3101 1030 3148 primam
1061 3103 1148 3137 ante
1181 3101 1300 3137 aciem
1331 3114 1353 3137 a
1385 3102 1535 3137 uirtute.
1586 3112 1668 3136 cum
1704 3099 1797 3135 dicit
1828 3099 1949 3135 haesit
1974 3099 2042 3134 sub

337 3154 488 3197 gutture
512 3150 674 3195 nuulnus
699 3162 722 3186 a
747 3150 911 3186 uulneris
938 3149 1159 3185 crudelitate
1178 3149 1214 3183 R
1233 3150 1244 3195 ΙΙ
1264 3152 1309 3183 24
1335 3148 1509 3194 dicendo]
1537 3148 1635 3192 quod
1660 3146 1753 3182 dicit
1771 3147 1858 3181 LH
1885 3147 2041 3182 dicendo

337 3200 436 3244 quod
461 3199 554 3234 dicit
580 3199 629 3233 M
654 3199 665 3244 ΙΙ
698 3199 784 3233 ante
810 3197 945 3243 aciem]
972 3198 1058 3232 ante
1083 3198 1212 3232 mouet
1234 3196 1352 3231 aciem
1382 3196 1431 3230 M
1460 3196 1535 3241 (sed
1559 3196 1686 3231 mouet
1704 3198 1789 3240 post
1813 3195 2004 3239 seclusum)
2030 3193 2041 3239 ΙΙ

337 3248 464 3282 movet
488 3258 511 3282 a
537 3245 720 3290 dignitate
748 3272 754 3279 .
778 3272 785 3280 .
807 3274 813 3280 .
839 3245 948 3280 Almo
974 3246 998 3288 l,
1024 3255 1089 3280 om.
1114 3244 1247 3289 reliqui
