2092 3614
197 995 240 1028 10

197 1354 239 1385 15

197 1712 242 1744 20

198 2069 243 2100 25

265 233 352 275 636
808 277 812 281 ⁵
1040 233 1202 270 snavn
1272 262 1278 267 .

265 345 341 385 aut
379 344 493 384 eerte
531 343 637 384 illud
669 343 861 397 quaerit,
888 342 985 398 quis
1016 342 1077 384 ibi
1110 343 1162 385 de
1194 342 1338 385 Turno
1372 345 1415 385 et
1447 343 1592 386 Aenea
1624 343 1776 386 mortis
1809 344 1975 387 adferat

265 429 450 456 eausam.
488 429 588 456 nam
624 413 770 456 dieunt
800 413 1071 470 philosophi,
1102 416 1287 456 mortem
1320 414 1374 456 ad
1407 429 1504 457 eum
1536 415 1711 457 minime
1742 415 1974 470 pertinere:

264 501 365 527 nam
396 486 512 528 bona
543 488 714 527 tantum
745 487 951 540 praestat,
982 500 1060 528 nee
1092 485 1145 528 ad
1178 500 1275 528 eum
1310 501 1418 541 quae
1450 486 1566 528 mala
1593 489 1704 541 sunt,
1735 486 1974 542 pertinent:

264 571 364 599 nam
397 558 484 600 ideo
515 560 554 600 et
582 570 735 611 aequas
766 557 901 619 lances
929 557 1111 600 sustinet.
1154 557 1216 599 vel
1247 558 1333 600 ideo
1365 572 1392 600 a
1422 557 1520 600 Iove
1549 557 1622 600 hoc
1650 559 1710 612 fit,
1741 561 1789 600 ut
1818 557 1976 601 Iunoni

265 630 440 682 aliisque
470 629 556 671 deis
585 628 833 671 necessitatis
862 628 1099 671 violentiam
1123 628 1276 683 probet.
1331 642 1388 671 an
1419 630 1613 683 inquirit,
1648 632 1790 672 utrum
1822 633 1976 684 tempus

264 701 347 743 sit?
391 703 538 743 tamen
577 700 816 755 sciendum,
855 700 996 742 locum
1035 700 1148 742 hune
1188 715 1213 742 a
1245 699 1440 756 Vergilio
1478 701 1541 743 ita
1579 715 1673 744 esse
1703 702 1976 757 translatum,

265 775 314 814 ut
357 772 403 814 in
440 771 631 814 Homero
676 771 812 814 lectus
856 774 934 814 est.
1054 783 1265 814 EXAMINE
1309 786 1485 814 examen
1529 772 1704 828 proprie
1742 775 1810 815 est
1846 773 1977 826 filum,

266 858 350 899 quo
383 843 548 886 trutina
579 843 758 899 regitur.

387 915 410 956 7
416 915 484 957 27.
535 926 732 957 DAMNET
763 925 919 958 LABOR
951 915 1119 970 liberet,
1151 915 1195 957 id
1225 918 1282 958 est
1311 928 1428 969 quem
1452 918 1540 957 voto
1567 908 1705 958 liberet
1728 915 1842 958 labor
1859 929 1978 969 proe-

266 986 417 1037 liandi,
448 989 577 1040 parta
612 987 764 1030 scilicet
797 987 985 1039 victoria,
1023 987 1221 1041 quoniam
1257 987 1535 1040 unusquisque
1574 987 1621 1029 ob
1658 987 1977 1030 incolumitatem
2020 1000 2029 1009 ·

266 1061 544 1111 recuperatam
575 1059 678 1100 votis
707 1058 939 1112 exsolvitur,
970 1058 1016 1100 id
1044 1061 1103 1099 est
1133 1057 1329 1100 liberatur
1354 1058 1557 1112 explicitis
1584 1058 1811 1112 sacrificiis,
1842 1060 1890 1100 ut
1921 1062 1980 1101 est

266 1129 534 1172 damnabis
573 1133 627 1172 tu
667 1143 871 1185 quoque
908 1129 1057 1172 votis.
1119 1143 1203 1171 non
1239 1129 1348 1172 nulli
1383 1129 1443 1172 sic
1483 1130 1674 1172 tradunt:
1717 1143 1833 1183 quem
1865 1130 1979 1172 labor

264 1215 364 1244 suus
395 1201 543 1256 liberet,
574 1214 691 1255 quem
715 1214 827 1243 mors
851 1203 1015 1254 uryeat:
1047 1214 1148 1243 nam
1172 1201 1216 1242 in
1244 1201 1334 1242 iure
1362 1214 1454 1243 eum
1478 1202 1628 1244 (licitur
1654 1200 1846 1244 ‘damnas
1870 1200 1978 1256 esto',

265 1272 337 1315 hoc
373 1276 431 1316 est
468 1272 705 1315 ‘damnatus
742 1276 823 1315 esto
860 1275 906 1314 ut
941 1271 1037 1326 cles’,
1075 1271 1149 1314 hoc
1179 1275 1238 1314 est
1266 1273 1417 1315 damno
1450 1275 1486 1314 te
1515 1275 1563 1315 ut
1592 1273 1676 1326 des,
1714 1286 1840 1326 neque
1870 1273 1979 1316 alias

267 1344 366 1387 liber
408 1345 500 1387 eris.
561 1345 732 1399 quidam
776 1342 922 1387 ‘labor'
960 1358 1040 1398 pro
1078 1344 1233 1386 militia
1275 1344 1523 1398 intelleyunt.
1644 1354 1832 1386 VERGAT
1870 1355 1978 1387 PON-

266 1427 391 1457 DERE
424 1427 583 1458 LETVM
616 1416 723 1458 bene
756 1414 960 1472 ‘vergat'2
992 1430 1093 1457 nam
1125 1415 1356 1457 morientes
1390 1415 1551 1458 inferos
1583 1417 1751 1470 petunt.

388 1488 486 1530 730.
536 1499 727 1529 TREPIDI
764 1498 926 1529 LATINI
971 1486 1091 1542 atqui
1134 1486 1238 1528 laeti
1282 1501 1374 1528 esse
1422 1486 1673 1528 debuerunt.
1729 1486 1801 1528 sed
1844 1486 1978 1528 nimia

269 1558 440 1602 Aeneae
473 1559 717 1601 ostenditur
749 1558 906 1601 virtus:
944 1573 1133 1614 namque
1163 1558 1362 1601 naturale
1395 1560 1474 1612 est,
1506 1560 1552 1600 ut
1585 1557 1714 1600 sociis
1745 1557 1892 1601 timori
1924 1558 1980 1600 sit

267 1630 486 1673 inferioris
527 1630 723 1672 audacia:
765 1630 875 1672 unde
913 1645 1027 1673 nune
1058 1629 1203 1673 Latini
1237 1633 1338 1672 sunt
1370 1629 1512 1672 territi
1545 1644 1596 1672 ex
1629 1644 1678 1672 eo
1711 1630 1825 1685 quod
1857 1644 1979 1685 supe-

267 1702 427 1745 riorem
459 1702 588 1744 ferire
620 1716 749 1744 ausus
782 1704 849 1743 est
880 1701 1063 1744 Turnus

389 1774 486 1815 731.
535 1790 648 1816 Acms
677 1776 753 1815 aut
781 1773 990 1823 exercitus,
1023 1776 1098 1815 aut
1127 1773 1244 1815 oculi.

390 1844 486 1886 734.
538 1856 598 1886 v'r
644 1855 865 1887 CAPVLVM
909 1855 1121 1887 IGNOTVM
1165 1856 1484 1896 DEXTRAMQVE
1530 1856 1723 1887 ASPEXIT
1767 1855 1980 1886 INERMEM

269 1917 388 1958 loeus
431 1915 501 1958 hie
539 1918 658 1957 totus
698 1916 751 1957 ad
790 1916 974 1972 gloriam
1012 1915 1185 1958 Aeneae
1222 1916 1428 1971 pertinet:
1472 1931 1657 1971 namque
1699 1915 1741 1957 id
1779 1915 1887 1970 agit,
1925 1929 1979 1957 ne

270 1988 463 2030 videatur
495 1986 666 2030 Turnus
697 2002 917 2030 armorum
950 1987 1118 2030 vilitate
1152 1989 1389 2042 superatus.
1452 1987 1562 2030 unde
1594 1987 1634 2029 ei
1665 1987 1857 2029 redditur
1889 1986 1979 2041 gla-

270 2059 384 2111 dius,
423 2073 507 2114 quo
546 2058 679 2101 etiam
718 2073 814 2101 eum
847 2046 1002 2101 divinis
1036 2059 1166 2101 armis
1200 2059 1254 2101 ab
1289 2058 1436 2100 Aenea
1468 2059 1608 2114 possit
1640 2058 1843 2114 extingui.
1900 2056 1980 2099 eas·-

260 2130 394 2185 pexit'
426 2133 563 2173 autem
592 2131 714 2183 quasi
744 2130 1030 2182 mirabundus,
1061 2130 1169 2184 quod
1195 2130 1355 2183 fractus
1385 2133 1495 2185 esset,
1527 2143 1620 2172 cum
1636 2131 1807 2183 putaret
1828 2142 1869 2171 se
1889 2128 1978 2182 yla-

268 2203 384 2245 dium
413 2202 522 2255 ferre
554 2201 814 2245 Vulcanium.

365 2311 385 2342 7
412 2318 567 2343 examen
592 2335 600 2343 .
622 2333 630 2340 .
653 2334 661 2343 .
687 2306 847 2354 regitur]
876 2306 922 2344 cf.
949 2306 1035 2342 Isid.
1062 2318 1112 2342 or.
1139 2306 1225 2341 XVI
1252 2309 1309 2351 25,
1337 2309 1358 2342 5
1376 2307 1389 2352 ΙΙ
1421 2310 1441 2342 9
1467 2317 1609 2341 muner
1635 2304 1785 2352 liberet]
1811 2303 1856 2340 cf.
1882 2304 1978 2340 Non.

268 2367 303 2400 p.
331 2359 413 2400 277,
438 2359 460 2390 2
482 2366 561 2400 sqq.
588 2355 636 2390 M.
657 2355 669 2402 u
697 2357 739 2390 12
768 2353 981 2401 damnabis]
1007 2354 1090 2389 bue.
1117 2354 1149 2389 V
1175 2357 1221 2389 80

366 2454 384 2484 1
412 2449 604 2495 quaeritur
630 2449 670 2484 F
686 2450 698 2495 ss
726 2448 809 2495 quis
835 2449 888 2485 ibi
913 2449 1003 2484 RH
1007 2449 1060 2484 F:
1086 2460 1181 2494 quae
1209 2447 1281 2484 sibi
1301 2448 1374 2484 AS
1398 2448 1475 2493 (qui
1502 2448 1573 2483 sibi
1600 2450 1636 2492 a)
1674 2458 1768 2493 quae
1793 2447 1880 2482 lanx
1907 2446 1980 2482 sibi

272 2498 320 2532 M
355 2496 436 2542 quis
463 2496 535 2532 sibi
560 2497 762 2532 Fabricius
787 2501 894 2540 recte,
927 2501 968 2531 ut
992 2497 1136 2531 videtur
1173 2497 1184 2542 ΙΙ
1221 2501 1241 2531 2
1269 2497 1316 2531 ad
1343 2496 1452 2531 deum
1481 2497 1529 2530 M
1536 2495 1577 2530 F
1608 2497 1621 2541 ΙΙ
1657 2495 1810 2530 minime
1837 2522 1844 2531 .
1866 2522 1873 2530 .
1897 2521 1904 2529 .
1931 2495 1980 2530 ad.

269 2556 355 2581 eum
379 2556 446 2580 om.
467 2544 553 2579 RH
559 2543 599 2579 F
614 2545 626 2589 ΙΙ
645 2548 666 2579 3
692 2543 791 2579 bona
816 2555 884 2579 om.
904 2543 977 2579 AS
993 2545 1006 2589 ΙΙ
1024 2543 1072 2579 ad
1098 2543 1209 2578 deum
1236 2543 1270 2578 A
1290 2544 1302 2589 ss
1320 2542 1526 2589 pertinent]
1553 2543 1651 2578 unde
1677 2541 1805 2578 Cicero
1831 2542 1871 2576 in
1898 2542 1979 2577 offi-

271 2593 337 2628 ciis
369 2592 424 2628 ait
457 2591 539 2626 ‘sed
571 2591 659 2636 quia
688 2602 821 2627 nocere
855 2591 943 2626 deos
974 2602 1047 2626 non
1079 2592 1231 2635 putant,
1270 2589 1329 2624 his
1365 2590 1529 2635 exeeptis
1563 2590 1732 2625 homines
1764 2590 1979 2625 hominibus

271 2641 401 2676 obesse
426 2639 629 2684 plurimum
655 2639 898 2674 arbitrantur’
927 2639 1012 2674 adel.
1034 2638 1234 2674 Fabricius
1260 2640 1271 2684 ΙΙ
1302 2642 1325 2673 4
1350 2639 1392 2673 de
1416 2639 1548 2674 scholio
1574 2638 1623 2673 ad
1635 2649 1679 2680 a).
1702 2640 1769 2673 725
1795 2638 1838 2672 in
1862 2647 1978 2682 mary.

274 2687 498 2723 Turonensis
523 2687 709 2732 adscripto
733 2687 820 2722 haec
844 2687 954 2731 legere
972 2686 1083 2731 potui
1108 2696 1130 2720 a
1154 2686 1239 2721 ioue
1271 2687 1315 2720 ut
1345 2686 1474 2721 iunoni
1507 2685 1713 2730 ceterisque
1739 2688 1772 2720 et
1796 2684 1980 2720 uiolentia

270 2735 449 2781 probetur
474 2739 507 2770 et
530 2736 654 2770 utrum
688 2734 763 2770 iam
794 2735 943 2778 tempus
970 2734 1019 2769 sit
1054 2734 1067 2779 ΙΙ
1103 2733 1239 2769 iunone
1271 2733 1413 2778 alisque
1445 2733 1524 2768 deis
1550 2733 1590 2768 F
1623 2734 1635 2779 ΙΙ
1672 2737 1692 2767 6
1718 2731 1875 2777 uergilio
1902 2731 1942 2767 F
1969 2731 1980 2777 ΙΙ

273 2788 291 2818 7
319 2784 456 2818 lectum
484 2783 541 2818 est
560 2782 608 2817 F.
646 2781 712 2818 καὶ
737 2778 820 2817 τότε
847 2779 894 2826 δὴ
922 2778 1077 2826 χρύσεια
1099 2807 1105 2815 .
1128 2809 1135 2816 .
1157 2809 1164 2814 .
1186 2781 1294 2816 λίπεν
1320 2781 1362 2817 δέ
1386 2777 1404 2816 ἕ
1426 2782 1561 2827 Φοῖβος
1581 2778 1762 2815 Ἀπόλλων
1788 2780 1855 2823 (Il.
1876 2778 1980 2814 XXII

271 2832 354 2874 209)
381 2830 468 2865 adel.
487 2830 527 2864 D
545 2832 557 2874 ΙΙ
577 2835 597 2866 8
624 2830 750 2865 rutina
775 2829 816 2864 Η
853 2828 995 2864 turtina
1021 2829 1071 2863 M
1106 2828 1276 2864 truncina
1302 2828 1342 2863 F
1356 2830 1369 2874 ΙΙ
1388 2828 1527 2872 ligatur
1551 2828 1587 2863 R
1625 2826 1763 2872 legitur
1788 2826 1832 2861 Η
1845 2828 1859 2871 ΙΙ
1885 2831 1906 2862 9
1932 2827 1982 2862 ad

272 2890 302 2913 v.
325 2882 391 2913 727
412 2878 455 2912 in
473 2888 588 2922 mary.
615 2889 724 2921 quem
751 2878 840 2912 uoto
866 2876 1000 2911 liberet
1020 2902 1028 2910 .
1051 2903 1059 2910 .
1081 2904 1088 2910 .
1112 2875 1296 2921 explicitis
1323 2875 1512 2911 sacrifieiis
1538 2877 1579 2911 ut
1604 2874 1798 2910 damnabis
1822 2874 1865 2909 tu
1890 2884 1980 2918 quo-

273 2937 344 2970 que
369 2924 468 2960 uotis
496 2951 502 2958 .
531 2924 596 2960 alii
622 2925 676 2959 sic
700 2924 855 2960 tradunt
884 2935 994 2968 quem
1027 2922 1133 2958 labor
1164 2936 1250 2959 suus
1281 2923 1417 2959 liberet
1443 2923 1480 2957 id
1506 2923 1564 2957 est
1589 2933 1700 2966 quem
1725 2932 1823 2956 mors
1849 2922 1982 2966 urgeat

274 2973 372 3009 sicut
395 2971 435 3007 in
459 2971 538 3007 iure
565 2971 702 3007 dicitur
726 2972 923 3007 damnatus
949 2973 1028 3006 esto
1060 2970 1092 3005 T
1107 2972 1118 3016 ss
1137 2970 1314 3006 liberauit
1339 2971 1379 3006 F
1395 2972 1407 3015 ΙΙ
1428 2974 1470 3005 11
1496 2969 1744 3015 reciperatam
1768 2968 1801 3002 T
1817 2969 1829 3014 ΙΙ
1851 2971 1893 3003 13
1918 2980 1980 3003 ur-

274 3021 366 3066 guet
389 3019 428 3055 F
454 3020 466 3065 ΙΙ
500 3023 543 3054 14
568 3019 765 3055 damnatus
791 3030 829 3055 es
854 3018 992 3053 Daniel
1023 3019 1035 3063 {j
1075 3021 1117 3053 15
1143 3029 1211 3063 pro
1236 3017 1372 3053 militia
1397 3017 1622 3062 intellegunt
1649 3016 1872 3051 Masvicius:
1898 3026 1981 3061 pro-

274 3066 410 3103 maluit
435 3066 705 3111 intelleguntur
730 3067 770 3101 F
785 3069 797 3111 ΙΙ
829 3070 871 3101 16
896 3065 1007 3111 bene]
1035 3067 1121 3110 apte
1147 3066 1274 3110 posuit
1298 3065 1338 3100 F
1353 3066 1366 3110 ΙΙ
1396 3069 1438 3100 18
1464 3064 1642 3109 namque]
1669 3074 1756 3098 uam
1782 3063 1882 3108 quod
1908 3062 1949 3098 F
1971 3062 1980 3108 Η

276 3114 420 3151 timoris
447 3114 497 3149 sit
521 3113 614 3148 MF
630 3115 641 3159 ΙΙ
667 3118 710 3148 21
740 3116 805 3149 aut
831 3143 837 3150 .
859 3140 867 3148 .
890 3140 897 3149 .
926 3113 1024 3149 oculi
1048 3113 1131 3149 hab.
1154 3113 1187 3147 Τ
1203 3115 1216 3158 ΙΙ
1234 3114 1327 3148 haut
1352 3111 1452 3148 oculi
1477 3112 1517 3147 F
1532 3112 1545 3157 ΙΙ
1570 3115 1615 3146 23
1640 3111 1789 3146 Aeneae
1815 3121 1882 3147 om.
1908 3109 1948 3144 F
1970 3109 1981 3155 ΙΙ

277 3167 322 3198 25
343 3162 390 3197 ab
413 3190 443 3198 ..
459 3189 467 3197 .
489 3161 673 3207 extingui]
700 3160 818 3207 possit
843 3161 890 3196 ab
916 3170 960 3196 eo
987 3159 1156 3205 extingui
1176 3160 1211 3196 R
1249 3160 1296 3195 ab
1317 3171 1361 3195 ea
1380 3158 1502 3205 possit
1527 3158 1695 3204 extingui
1714 3158 1757 3193 Η
1772 3159 1785 3204 ΙΙ
1804 3161 1848 3193 26
1873 3157 1979 3202 quasi

278 3238 285 3245 .
309 3238 315 3245 .
338 3237 345 3245 .
371 3208 595 3244 Vulcanium
620 3210 701 3244 hab.
726 3209 759 3243 T
781 3209 793 3254 ΙΙ
825 3208 880 3255 se]
908 3207 971 3243 sed
998 3206 1038 3243 F
