2124 3600
504 253 655 291 COMM.
681 253 735 289 IN
759 252 903 290 VERG.
930 252 1041 287 AEN.
1069 252 1120 287 VI
1146 255 1344 287 588—603.
1724 248 1779 289 83

75 439 270 493 peraeta,
301 437 375 478 sed
406 434 667 478 recrudescit
699 448 886 488 semper,
923 431 1032 474 unde
1066 431 1128 473 ait
1158 429 1368 472 Horatius
1401 428 1782 472 incontinentis

77 512 167 551 aut
198 507 339 563 Tityi
376 507 528 549 iecur.
589 507 683 561 ipse
716 505 847 547 etiam
878 503 1100 546 Lucretius
1133 502 1238 544 dicit
1275 516 1352 557 per
1390 516 1480 556 eos,
1518 515 1645 555 super
1677 514 1783 555 quos

78 580 255 622 iamiam
281 593 458 621 casurus
485 577 668 619 inminet
698 576 829 632 lapis,
861 575 1188 630 superstitiosos
1215 573 1467 629 significari,
1499 573 1571 627 qui
1602 572 1788 613 inaniter

77 665 247 706 semper
284 653 487 692 verentur
525 651 568 691 et
605 648 656 690 de
695 647 775 689 diis
814 650 857 689 et
895 647 1012 689 caelo
1051 644 1347 700 superioribus
1386 644 1497 686 male
1537 643 1787 698 opinantur:
1815 653 1835 684 5

78 737 179 765 nam
210 721 405 777 religiosi
437 722 539 762 sunt
570 719 644 775 qui
675 733 752 774 per
782 718 1069 761 reverentiam
1099 717 1269 758 timent.
1324 730 1401 770 per
1433 729 1506 757 eos
1538 716 1683 756 autem
1716 714 1789 769 qui

79 807 230 835 saxum
276 783 455 834 volvunt
497 790 708 833 ambitum
752 790 846 832 vult
883 792 927 832 et
963 788 1186 844 repulsam
1226 786 1478 842 significari,
1519 787 1620 842 quia
1658 786 1790 828 semel

79 864 243 919 repulsi
279 863 488 919 petitores
527 862 692 904 ambire
730 876 820 904 non
857 861 1071 903 desinunt.
1133 875 1210 915 per
1249 862 1390 902 rotam
1425 861 1570 902 autem
1603 857 1792 900 ostendit

82 935 395 991 negotiatores,
428 933 502 989 qui
534 947 703 987 semper
733 932 1067 988 tempestatibus
1099 931 1432 986 turbinibusque
1464 931 1709 974 volvuntur.

198 1006 298 1050 598.
346 1016 660 1056 FEOVNDAQVE
691 1016 860 1047 pomus
893 1003 1077 1046 fecunda
1108 1003 1153 1065 in
1184 1018 1382 1058 poenam.
1821 1010 1864 1040 10

199 1077 298 1120 599.
348 1089 559 1119 RIMATVR
591 1076 802 1132 pascitur,
833 1078 882 1117 ut
912 1075 1170 1117 rimantur
1201 1076 1355 1130 prata
1387 1072 1608 1129 Caystri.

200 1148 298 1190 600.
349 1159 502 1190 FIBRIS
539 1148 673 1190 fibrae
706 1149 808 1189 sunt
839 1147 1098 1189 eminentiae
1130 1146 1295 1188 iecoris.

201 1219 299 1262 601.
350 1231 461 1270 Qvn)
500 1230 732 1261 MEMOREM
769 1230 998 1262 LAPITHAs
1039 1218 1085 1260 hi
1125 1217 1275 1274 populi
1305 1212 1568 1274 jThessaliae
1609 1216 1797 1271 fuerunt,

86 1291 244 1347 quibus
270 1291 515 1347 imperabat
539 1290 682 1346 Ixion,
715 1290 1024 1345 amicissimus,
1056 1291 1105 1332 ut
1130 1290 1315 1331 diximus
1343 1304 1474 1344 supra
1501 1288 1660 1343 <286>‚
1691 1287 1797 1342 Iovi,

85 1362 303 1418 Phlegyae
341 1361 469 1404 filius.
520 1362 593 1418 qui
630 1364 731 1417 post
770 1362 896 1404 nubis
935 1361 1095 1404 coitum
1132 1361 1260 1403 fictae
1298 1360 1345 1402 in
1382 1361 1566 1402 formam
1606 1359 1798 1413 Iunonis,
1826 1367 1868 1398 15

83 1448 180 1476 cum
213 1428 258 1476 se
290 1433 341 1475 de
374 1433 464 1475 eius
497 1435 649 1488 stupro
681 1434 880 1489 iactaret,
913 1434 968 1475 ab
1000 1433 1112 1475 irato
1140 1431 1241 1474 love
1275 1432 1328 1474 ad
1360 1432 1521 1475 inferos
1553 1434 1699 1473 trusus
1732 1433 1799 1472 est

83 1507 126 1547 et
156 1505 247 1547 illic
278 1504 491 1561 religatus
524 1505 750 1549 adrotam
783 1505 1088 1547 circumfusam
1127 1503 1413 1558 serpentibus.
1535 1514 1794 1545 PIRITHOVM

84 1580 128 1619 et
157 1576 228 1619 hic
259 1591 370 1631 unus
402 1576 453 1618 de
483 1576 685 1631 Lapithis
716 1576 818 1631 fuit,
858 1576 932 1631 qui
965 1590 1063 1618 cum
1095 1575 1262 1617 Theseo
1296 1574 1516 1617 descendit
1548 1574 1597 1616 ad
1632 1574 1796 1629 rapien-

86 1648 184 1690 dam
214 1647 533 1703 Proserpinam.

209 1720 307 1762 603.
356 1731 593 1762 ADSIMILIS
624 1720 741 1762 valde
770 1720 938 1762 similis:
978 1718 1075 1761 ‘ad'
1108 1720 1217 1761 enim
1248 1721 1391 1773 vacat,
1430 1720 1474 1760 et
1505 1733 1530 1760 a
1562 1718 1800 1761 maioribus
1826 1726 1871 1757 ‘20

90 1791 143 1832 ad
178 1792 378 1833 ornatum
411 1790 716 1846 adhibebatur,
747 1794 795 1833 ut
818 1790 1029 1833 Horatius
1063 1805 1160 1846 qua
1190 1790 1409 1845 populus
1443 1790 1613 1832 adsita
1645 1790 1799 1832 certis

87 1860 353 1903 limitibus
386 1860 559 1903 vicina
589 1862 786 1918 refugit
823 1862 1006 1917 iurgia.
1128 1872 1316 1904 LvoEN'r
1349 1872 1632 1904 GENIALmvs
1665 1872 1799 1903 AL'ris

185 2005 205 2036 2
233 2000 451 2048 Horatius]
466 2013 577 2036 carm.
603 2000 657 2034 III
681 2004 715 2045 4,
742 2004 785 2036 77
817 2001 829 2045 ΙΙ
868 2004 908 2035 11
936 1999 1136 2047 rimantur]
1171 2011 1296 2046 georg.
1323 2001 1340 2035 I
1365 2004 1435 2036 384
1471 2002 1483 2046 ΙΙ
1523 2005 1564 2036 12
1593 2001 1707 2036 fibrae
1734 2029 1741 2036 .
1763 2029 1799 2037 ..

88 2048 239 2095 iecoris]
267 2047 312 2085 cf.
338 2047 423 2083 Isid.
451 2059 502 2084 or.
524 2048 574 2083 XI
598 2049 813 2094 1,1261113
842 2046 883 2082 hi
908 2047 1038 2094 populi
1064 2059 1093 2083 e.
1116 2060 1150 2093 q.
1173 2048 1217 2094 s.]
1245 2048 1290 2083 cf.
1317 2049 1503 2093 mythogr.
1532 2049 1546 2082 l
1569 2052 1622 2088 14
1649 2049 1802 2096 1110611

92 2101 136 2132 ‘³0
162 2095 272 2131 valde
298 2095 447 2143 similis]
475 2096 520 2131 cf.
549 2076 643 2132 Geli.
669 2095 719 2130 VI
748 2099 779 2139 7,
807 2098 827 2130 5
849 2106 942 2140 sqq.
968 2095 1061 2131 Don.
1088 2095 1136 2130 ad
1161 2094 1242 2131 Ter.
1270 2095 1382 2130 Andr.
1409 2096 1459 2131 IV
1486 2100 1589 2140 2,11
1616 2096 1629 2140 ΙΙ
1657 2100 1700 2131 21
1729 2096 1801 2131 Ho-

90 2143 223 2189 iatius]
251 2154 307 2188 ep.
335 2143 370 2177 II
394 2147 427 2187 2,
458 2147 523 2178 170

191 2278 209 2308 1
236 2274 275 2309 in
299 2284 459 2319 poenam
483 2272 630 2309 renasci
654 2272 792 2308 dicitur
818 2273 868 2308 M
880 2275 892 2319 ΙΙ
919 2273 1120 2308 libidinum
1146 2273 1175 2308 S
1198 2274 1210 2317 ΙΙ
1237 2283 1296 2307 res
1323 2272 1395 2307 AS
1419 2274 1430 2319 ΙΙ
1462 2277 1482 2308 3
1509 2273 1589 2319 aut]
1618 2274 1658 2308 at
1684 2274 1715 2309 0
1749 2273 1803 2309 ait

92 2322 377 2367 mythoyraphus
401 2321 479 2355 III
512 2332 582 2357 nec
607 2321 791 2374 Horatius
819 2323 830 2367 ΙΙ
862 2321 934 2366 tyti
958 2321 995 2356 R
1031 2322 1115 2366 tyty
1118 2320 1130 2355 i
1157 2320 1198 2354 H
1207 2319 1237 2354 O
1265 2322 1276 2366 ΙΙ
1308 2320 1404 2355 enim
1432 2321 1461 2355 S
1487 2321 1614 2366 (etiam
1641 2323 1672 2367 s)
1698 2323 1709 2367 ΙΙ
1737 2332 1803 2366 per

94 2380 157 2404 eos
185 2380 251 2404 om.
266 2368 318 2412 H,
344 2378 409 2414 per
434 2379 501 2404 om.
518 2368 548 2403 0
564 2370 576 2415 ΙΙ
595 2372 618 2403 4
642 2367 796 2404 iamiam
822 2368 995 2404 sHFO:
1021 2367 1097 2402 iam
1119 2368 1255 2402 ΑΒΜ
1262 2379 1278 2402 3
1298 2369 1309 2413 ΙΙ
1329 2378 1480 2403 casurus
1506 2368 1664 2404 inminet
1688 2369 1801 2414 lapis]

94 2415 270 2461 lapsurus
297 2418 354 2451 est
377 2415 475 2461 lapis
502 2414 534 2450 0
567 2416 739 2461 lapsurus
766 2418 824 2451 est
848 2416 944 2461 lapis
970 2415 1130 2451 inminet
1152 2415 1190 2449 F
1207 2416 1218 2461 ΙΙ
1239 2420 1259 2450 5
1284 2416 1478 2450 uertentur
1499 2416 1547 2450 M
1563 2417 1575 2461 ΙΙ
1595 2418 1633 2451 et
1659 2416 1704 2451 de
1731 2415 1803 2451 diis

95 2464 166 2509 (dis
183 2463 226 2509 0)
252 2464 291 2498 et
309 2463 413 2498 caelo
434 2463 687 2508 superioribus
709 2462 963 2509 (peritioribus
978 2463 1017 2497 F
1040 2463 1234 2508 superibus
1251 2463 1294 2496 H
1315 2462 1540 2508 superioris)
1560 2464 1675 2499 ASR
1684 2465 1727 2498 H
1730 2464 1770 2498 F
1778 2463 1808 2498 G

97 2512 135 2546 et
167 2510 213 2545 de
245 2509 316 2546 diis
347 2511 387 2544 et
420 2510 465 2545 de
497 2509 602 2546 caelo
634 2511 672 2546 et
702 2510 795 2546 locis
827 2510 1080 2557 superioribus
1108 2510 1200 2545 MD
1231 2511 1378 2554 exempl.
1405 2511 1511 2555 impr.
1538 2512 1613 2546 nisi
1637 2512 1734 2556 quod
1758 2511 1804 2546 de

96 2561 180 2593 ante
200 2557 304 2593 caelo
329 2568 427 2592 wnus
448 2558 496 2592 M
513 2558 653 2593 exhibet
690 2559 729 2593 et
753 2558 799 2594 de
826 2558 898 2594 diis
924 2559 963 2594 et
987 2557 1091 2593 caelo
1117 2558 1291 2604 mythoqr.
1309 2557 1362 2591 II
1383 2559 1420 2592 et
1447 2558 1492 2593 de
1518 2557 1591 2593 diis
1617 2562 1656 2594 et
1679 2570 1803 2603 super-

95 2605 238 2640 ioribus
262 2605 437 2651 mythoyr.
452 2605 542 2641 III.
568 2606 722 2649 fortasse
748 2606 786 2641 et
811 2605 857 2640 de
877 2605 949 2641 diis
969 2607 1007 2640 et
1027 2604 1149 2649 caelo,
1176 2604 1319 2649 superis
1344 2605 1454 2640 rebus
1478 2607 1533 2640 vel
1552 2605 1804 2651 superioribus

95 2653 223 2697 rebus,
261 2651 359 2687 male
398 2651 606 2697 opinantur.
658 2653 704 2696 cf.
731 2653 829 2689 Serv.
857 2654 906 2688 ad
930 2653 1023 2687 Aen.
1049 2652 1134 2687 VIII
1162 2655 1229 2687 187
1267 2652 1348 2687 ‘aut
1373 2654 1567 2688 secundum
1594 2654 1805 2688 Lucretium

97 2700 306 2745 superstitio
337 2702 388 2734 est
416 2701 703 2745 superstantium
734 2712 872 2743 rerum,
906 2701 931 2735 i.
957 2711 984 2735 e.
1012 2700 1216 2735 caelestium
1246 2702 1279 2734 et
1310 2700 1541 2744 divinarum,
1574 2711 1666 2746 quae
1697 2711 1806 2745 super

996 2759 1049 2784 uol
1743 2767 1764 2785 u

97 2805 164 2830 nos
188 2797 300 2837 stant,
324 2794 452 2829 inanis
476 2797 509 2829 et
533 2796 741 2839 superfluus
765 2794 900 2829 timor’.
922 2795 933 2839 ΙΙ
955 2797 972 2829 7
1047 2794 1132 2828 uult
1149 2794 1185 2828 R
1210 2793 1287 2839 (uol
1305 2804 1483 2837 superscr.
1503 2806 1548 2830 m.
1568 2797 1648 2838 sec.)
1675 2795 1807 2830 uolunt

101 2841 132 2877 G
147 2843 159 2887 ss
177 2821 385 2876 hambitum
402 2841 443 2876 F
457 2842 470 2887 ΙΙ
489 2841 587 2887 vult]
607 2840 704 2877 uidit
717 2841 757 2876 F
771 2842 784 2887 u
803 2841 991 2886 repulsum
1007 2841 1055 2876 M
1070 2842 1106 2932 uf
1101 2842 1215 2876 semel
1232 2841 1280 2876 M
1285 2840 1363 2875 FO
1378 2842 1552 2887 mythoyr.
1569 2842 1634 2877 11:
1662 2853 1806 2887 semper

99 2887 268 2923 ASRH
287 2889 462 2934 mythoyr.
480 2888 558 2922 III
575 2890 586 2935 ΙΙ
606 2893 627 2924 8
652 2900 719 2934 per
743 2892 865 2924 rotam
890 2900 916 2924 e.
941 2900 972 2933 q.
992 2889 1035 2934 3.]
1064 2889 1109 2932 cf.
1130 2888 1359 2934 Bernaysffls
1382 2899 1472 2923 mus.
1492 2889 1607 2925 Rhen.
1630 2889 1715 2934 Vp.
1737 2893 1805 2925 584

100 2936 223 2972 adnot.
249 2939 282 2971 et
307 2936 455 2971 Lachm.
476 2947 597 2971 comm.
612 2947 653 2980 p.
668 2939 736 2971 203
756 2937 768 2982 ΙΙ
787 2936 1030 2971 ostendunt-ur
1054 2936 1091 2971 R
1110 2937 1121 2981 ΙΙ
1141 2940 1161 2970 9
1188 2934 1554 2981 turbitudinibusque
1583 2937 1642 2980 M,
1667 2948 1757 2972 corr.
1772 2948 1803 2970 m

100 2981 110 3028 ΙΙ
139 2986 182 3018 10
201 2995 386 3018 msscvnm
405 2987 438 3018 et
457 2983 729 3018 faecundaAG
745 2984 757 3029 ΙΙ
778 2987 819 3017 11
847 2982 1027 3029 pascitur]
1053 2983 1137 3028 paci
1162 2982 1308 3018 citurA
1334 2982 1550 3028 (paciscitur
1570 2986 1607 3028 a)
1634 2984 1803 3029 palssssci-

99 3030 162 3063 tur
187 3030 238 3074 H,
263 3041 329 3064 om.
358 3029 424 3077 Fu
444 3030 600 3066 rimatur
627 3031 674 3065 M
691 3031 704 3073 ΙΙ
735 3034 777 3065 12
803 3030 1008 3066 eminentia
1032 3032 1066 3065 A
1087 3029 1251 3076 1116011116
1279 3029 1309 3064 O
1325 3031 1336 3076 ΙΙ
1367 3034 1409 3064 13
1435 3042 1605 3065 LAPners
1631 3031 1772 3065 AHM
1797 3058 1798 3067 1

105 3079 147 3111 15
173 3076 305 3122 flegiae
330 3077 462 3112 ΑΕΗ
494 3078 591 3123 fiaeg
592 3077 651 3112 iae
679 3076 710 3112 Ο
738 3079 749 3124 ΙΙ
788 3081 829 3112 17
858 3077 1039 3122 religatur
1063 3078 1108 3111 H
1140 3077 1328 3121 relegatus
1355 3076 1431 3111 FG
1453 3078 1464 3123 ΙΙ
1495 3077 1744 3113 circumfixam
1771 3076 1806 3109 11’

102 3124 352 3159 ureumfusam
377 3125 423 3160 H
454 3124 757 3166 incircumfusam
786 3125 834 3160 M
863 3126 874 3171 ΙΙ
908 3128 951 3160 18
977 3124 1132 3170 laphitis
1159 3124 1256 3158 HM
1291 3123 1419 3168 lapitis
1445 3124 1487 3158 F
1511 3126 1522 3171 ΙΙ
1559 3129 1601 3159 21
1630 3123 1806 3159 Horatius

103 3180 169 3205 o‘m.
197 3170 227 3205 0
242 3172 255 3216 ΙΙ
281 3171 373 3224 qua]
399 3171 487 3224 quia
512 3171 554 3207 F
568 3173 580 3219 ΙΙ
605 3171 705 3207 adsit
728 3171 940 3226 adsssscertis
965 3172 1009 3206 H
1029 3173 1138 3216 (duae
1164 3172 1303 3206 litterae
1326 3172 1489 3207 radendo
1515 3172 1647 3206 deletae
1671 3171 1770 3215 sunt)

108 3219 153 3250 22
179 3216 318 3263 iurgia]
343 3216 400 3253 ita
424 3217 641 3254 adiuuenire
667 3229 734 3264 pro
760 3218 927 3254 inuenire
952 3217 1112 3264 legimus
1139 3218 1223 3253 add.
1250 3217 1452 3253 Fabricius

1477 3273 1525 3309 6³²
