2092 3614
306 255 392 297 396
1082 253 1138 289 SE
1144 253 1243 290 RVH

425 365 493 406 84.
541 381 614 407 Nos
642 381 734 412 ALIQ
742 381 805 407 νη)
842 380 1019 407 ernos·
1054 380 1198 406 CONTRA
1239 380 1398 406 JVVJSSE
1432 381 1590 407 NEFAND
1600 381 1652 406 VM
1687 380 1760 407 EST
1792 363 2015 406 verecunda

305 436 501 488 confessio
531 438 610 478 est:
642 449 726 477 non
750 436 862 477 enim
885 438 1006 490 neyat
1028 449 1070 478 se
1094 435 1260 489 iuvisse,
1290 436 1362 478 sed
1390 437 1586 478 adtemcat
1615 436 1780 478 dicendo
1812 434 2015 489 ‘aliquid'.

426 507 494 549 85.
544 518 726 549 AENEAS
763 518 962 550 IGNARVS
1000 518 1148 549 ABEST
1193 521 1244 548 ea
1287 493 1396 562 quae
1441 508 1605 550 solvere
1645 522 1731 549 non
1775 521 2014 561 possumus,

306 578 561 632 inridemus,
594 581 643 621 ut
673 578 756 621 hoc
788 579 894 622 loco.
951 578 1012 621 sic
1044 579 1089 620 in
1121 578 1328 621 bucolicis
1361 578 1454 632 <ΙΙΙ
1481 579 1565 633 37>
1598 578 1821 633 praemisit
1853 576 2015 619 divini

259 660 279 690 5
307 665 431 704 opus
471 649 868 706 Alcimedontis,
911 652 1064 705 postea
1107 664 1183 705 per
1227 650 1478 692 inrisionem
1520 650 1583 692 ait
1615 649 1731 705 <44>
1771 651 1821 691 et
1864 648 2014 691 nobis

236 1019 280 1051 10

235 1377 278 1409 15

231 1736 278 1767 20

233 2093 277 2125 25

306 722 438 764 idem
469 722 776 765 Alcimedon
809 722 904 765 duo
937 722 1124 776 pocula
1155 721 1295 764 fecit.

426 794 494 837 87.
544 805 789 837 GRAVIDAM
814 805 980 836 BELLIS
1001 805 1162 836 VRBEM
1188 792 1294 835 alibi
1320 792 1371 848 <I
1394 793 1511 848 263>
1538 794 1856 848 populosque
1882 793 2012 835 fero-

305 880 387 908 ces
414 865 709 907 contundet.
754 864 936 908 ‘urbem'
964 866 1109 908 autem
1133 865 1401 920 provinciam
1428 865 1545 921 dicit,
1572 880 1654 921 quo
1682 864 1810 908 modo
1832 864 1880 919 <I
1899 863 2015 919 380>

306 937 519 980 Italiam
551 951 739 992 quaero
771 937 1009 992 patriam.

426 1009 492 1051 88.
544 1020 697 1051 NOSNE
737 1021 833 1050 ΤΙΒΙ
871 1020 1052 1051 FLVXAS
1095 1011 1235 1051 status
1274 1008 1499 1064 relativus,
1544 1023 1620 1064 per
1663 1023 1788 1063 quem
1828 1008 2018 1050 ostendit

307 1079 519 1122 Venerem
565 1080 707 1136 magis
752 1079 950 1122 Troianis
995 1095 1172 1123 causam
1221 1079 1354 1122 fuisse
1402 1080 1701 1135 periculorum.
1833 1091 2015 1122 FLVXAS

306 1152 476 1206 molles,
515 1166 624 1207 quae
661 1153 840 1206 possent
872 1152 1003 1194 etiam
1035 1152 1127 1194 sine
1159 1152 1344 1194 inimicis
1377 1151 1529 1206 perire.
1591 1150 1689 1193 ‘res’
1722 1165 1813 1206 erqo
1846 1149 2014 1193 ‘fluxas’

305 1223 463 1265 fluxam
496 1223 811 1279 rempublicam
842 1224 962 1266 dicit:
993 1224 1053 1266 vel
1085 1223 1253 1277 ‘fluxas'
1286 1223 1563 1277 labefactatas.

425 1295 493 1339 89.
544 1307 625 1346 QVI
652 1306 801 1338 TROAS
826 1307 1015 1338 ACHIVIS
1048 1295 1167 1351 atqui
1194 1295 1245 1337 de
1272 1294 1440 1337 Venere
1466 1294 1677 1350 loquitur:
1710 1295 1784 1336 sed
1817 1295 1917 1350 quia
1948 1294 2015 1336 dei

305 1363 628 1423 ἆρσενοθήλεις
659 1369 777 1422 sunt,
810 1368 858 1410 ut
890 1367 1074 1409 diximus
1107 1382 1238 1422 supra
1270 1366 1343 1422 <II
1373 1366 1503 1422 632>,
1533 1366 1630 1409 ideo
1664 1366 1726 1409 sic
1756 1366 1883 1408 flixit:
1914 1381 2014 1408 nam

305 1439 349 1481 in
381 1439 682 1481 subauditione
713 1441 934 1493 ponuntur
965 1453 1016 1481 ea
1048 1454 1157 1494 quae
1187 1453 1277 1481 non
1308 1453 1538 1493 possumus
1571 1438 1710 1480 dicere
1743 1440 1902 1493 aperte.

423 1511 492 1553 90.
544 1528 637 1554 oozvs
645 1527 795 1554 monim
823 1528 869 1554 nv
897 1527 1005 1553 ΑΒΗΔ
1028 1525 1110 1565 pro
1142 1509 1468 1565 ‘oonsurqendi'.·
1508 1510 1700 1564 infinitus
1731 1511 1875 1553 modus
1905 1510 2016 1552 verbi

296 1596 376 1636 pro
398 1582 665 1637 participato.

423 1654 492 1696 91.
541 1665 761 1696 FOEDERA
788 1665 997 1696 SOLVERE
1023 1655 1176 1696 ‘FVRTo
1209 1653 1370 1709 legitur
1400 1653 1447 1695 in
1471 1652 1667 1695 historiis
1700 1651 1815 1707 quod
1839 1651 2016 1695 Troiani

305 1741 402 1768 cum
446 1724 622 1768 Graecis
665 1724 816 1768 foedus
861 1724 1119 1768 habuerunt.
1190 1727 1292 1767 tunc
1336 1724 1467 1766 etiam
1512 1723 1635 1766 Paris
1681 1725 1747 1765 est
1792 1726 2015 1778 susceptus

303 1797 494 1852 hospitio
534 1799 578 1839 et
615 1797 676 1839 sic
715 1797 934 1839 commisit
971 1796 1243 1839 adulterium.
1307 1809 1409 1852 ergo
1449 1794 1643 1838 ‘foedera
1675 1795 1839 1838 solvere
1875 1793 2016 1838 furto'

304 1868 520 1911 amicitias
552 1868 766 1911 adulterio
798 1868 1028 1924 dissipare:
1071 1883 1172 1911 nam
1203 1868 1371 1910 furtum
1402 1869 1468 1910 est
1501 1867 1774 1922 adulterium,
1806 1866 1918 1909 unde
1949 1870 2016 1910 est

304 1942 353 1983 et
392 1940 565 1983 dulcia
601 1940 754 1983 furta.
803 1942 848 1983 et
885 1940 1024 1983 eversi
1054 1939 1124 1982 Ilii
1156 1940 1262 1983 haec
1295 1941 1362 1982 est
1393 1954 1494 1982 vera
1526 1953 1671 1982 causa:
1710 1953 1810 1981 nam
1841 1938 2016 1980 foedera

304 2027 413 2068 quae
445 2012 560 2055 inter
591 2011 778 2054 Graecos
811 2014 854 2054 et
885 2011 1097 2055 Troianos
1128 2011 1323 2067 fuerunt,
1363 2011 1424 2054 ita
1457 2010 1600 2053 soluta
1632 2011 1744 2052 sunt.
1806 2009 2014 2052 Hercules

304 2098 401 2126 cum
433 2085 680 2140 expugnato
712 2083 795 2126 Ilio
828 2083 966 2126 filiam
994 2082 1301 2126 Laomedontis
1330 2081 1584 2137 Hesionam,
1618 2081 1779 2123 Priami
1812 2095 2016 2133 sororem,

305 2154 533 2198 Telamoni
564 2155 768 2211 dedisset,
803 2155 987 2211 profecti
1020 2156 1122 2197 sunt
1153 2154 1288 2210 legati
1321 2168 1419 2197 cum
1445 2153 1617 2196 Priamo
1644 2155 1687 2195 et
1713 2167 1808 2196 eam
1840 2153 2016 2195 minime

399 2302 420 2333 3
453 2308 499 2333 ea
530 2307 627 2343 quae
653 2297 796 2333 solvere
821 2307 897 2331 non
922 2307 1118 2342 possumus
1144 2306 1175 2330 e.
1202 2308 1236 2341 q.
1263 2295 1308 2342 s.]
1343 2295 1387 2330 cf.
1417 2294 1577 2331 Macrob.
1606 2294 1681 2330 Sat.
1709 2293 1759 2329 IV
1787 2298 1818 2338 6,
1845 2297 1891 2328 24
1921 2295 1933 2338 ΙΙ
1972 2297 2015 2329 19

304 2344 446 2391 legitur
476 2345 516 2380 in
548 2343 713 2381 historiis
738 2356 769 2380 e.
796 2357 830 2390 q.
858 2344 904 2390 s.]
937 2354 1052 2380 exscr.
1079 2342 1182 2379 Luct.
1215 2342 1315 2379 Plac.
1349 2343 1397 2378 ad
1429 2342 1522 2378 Stat.
1550 2342 1641 2377 Ach.
1666 2342 1684 2376 Ι
1709 2345 1751 2376 21
1781 2343 1819 2377 et
1844 2345 1923 2377 393.
1968 2341 2015 2378 cf.

306 2392 491 2439 mythogr.
517 2392 552 2427 II
580 2396 665 2437 199;
692 2392 745 2427 ΙΠ
770 2396 804 2436 3,
829 2395 851 2427 8
883 2393 895 2439 ΙΙ
927 2395 972 2426 23
998 2391 1038 2426 et
1061 2390 1187 2426 dulcia
1211 2390 1328 2437 furta]
1354 2401 1482 2436 georg.
1508 2388 1560 2424 IV
1585 2393 1655 2424 346

401 2527 419 2557 1
453 2533 480 2558 s.
507 2534 539 2557 v.
565 2526 611 2558 84
641 2521 855 2557 uerecunda
891 2521 1076 2557 confessio
1113 2531 1188 2555 non
1223 2520 1322 2556 enim
1354 2520 1469 2565 negat
1500 2519 1565 2555 sed
1596 2519 1774 2555 extenuat
1804 2530 1888 2554 cum
1920 2518 2013 2555 dicit

305 2569 448 2615 aliquid
473 2568 614 2605 iuuisse
637 2569 670 2603 T
686 2570 698 2615 ΙΙ
726 2573 747 2604 2
774 2568 985 2605 confession
1005 2568 1046 2603 F
1060 2570 1073 2613 ΙΙ
1091 2579 1166 2603 non
1191 2578 1256 2603 om.
1279 2567 1319 2603 F
1335 2569 1346 2614 Η
1366 2579 1405 2603 se
1429 2567 1582 2613 iuvisse]
1610 2566 1774 2602 senuisse
1793 2566 1834 2601 F
1848 2568 1861 2612 ΙΙ
1879 2566 2010 2602 dicedo

304 2618 345 2653 F
360 2619 372 2664 ΙΙ
392 2621 413 2652 8
437 2616 568 2652 urbem
590 2643 596 2650 .
615 2645 622 2652 .
638 2645 646 2653 .
668 2616 831 2661 patriam
857 2627 922 2652 om.
944 2616 984 2650 F
999 2618 1012 2662 ΙΙ
1030 2615 1257 2661 prouintiam
1276 2616 1407 2650 ALH
1413 2616 1460 2650 M
1477 2616 1488 2661 ΙΙ
1510 2619 1552 2650 13
1578 2613 1850 2659 rempublicam
1874 2614 2011 2650 fluxam

305 2665 344 2700 F
360 2667 373 2711 11
394 2669 438 2700 14
462 2665 637 2701 scholium
662 2664 712 2700 ad
736 2675 770 2701 v.
796 2667 840 2699 89
863 2667 947 2708 post
969 2664 1144 2699 scholium
1169 2664 1218 2698 ad
1242 2674 1274 2699 v.
1295 2667 1338 2698 91
1366 2663 1446 2699 hab.
1474 2663 1646 2698 »Serviani
1670 2662 1758 2697 libri
1775 2663 1788 2707 ΙΙ
1811 2661 1918 2706 atqui
1943 2689 1951 2696 .
1973 2690 1980 2697 .
2003 2689 2011 2697 .

305 2713 450 2759 aperte]
477 2712 613 2758 quideo
639 2710 884 2747 masculinum
911 2722 1026 2756 genus
1051 2710 1178 2756 posuit
1204 2710 1292 2755 quia
1317 2711 1497 2746 dearseno
1523 2710 1599 2746 telo
1623 2711 1711 2745 sunt
1728 2710 1771 2744 ut
1789 2709 1931 2745 dictum
1955 2710 2013 2744 est

306 2773 419 2806 supra
449 2760 533 2796 ideo
566 2759 658 2795 dicit
689 2759 753 2805 qui
784 2758 959 2794 deuenire
986 2760 1026 2794 et
1050 2759 1088 2793 in
1113 2758 1331 2794 subdicione
1355 2758 1545 2803 ponuntur
1570 2768 1614 2793 ea
1637 2768 1712 2792 non
1736 2759 1930 2802 possumus
1957 2755 2010 2791 di-

307 2820 388 2843 cere
415 2808 544 2852 aperte
570 2807 611 2842 F
626 2808 638 2853 ΙΙ
657 2805 788 2852 autqui
812 2806 849 2841 R
867 2806 880 2851 ΙΙ
899 2805 951 2840 dii
977 2806 1090 2841 RMl
1122 2806 1167 2841 de
1192 2805 1358 2841 ASLH
1373 2807 1386 2851 ΙΙ
1416 2809 1459 2840 15
1485 2815 1616 2840 arseno
1642 2803 1737 2839 theli
1754 2804 1828 2839 AS
1864 2813 2010 2838 arseno-

304 2856 399 2891 teles
423 2855 460 2890 R
498 2854 758 2900 arsenothelys
782 2853 869 2889 LH
901 2854 1147 2889 arsenothelis
1175 2854 1225 2888 M
1250 2854 1262 2899 ΙΙ
1292 2855 1335 2888 ut
1362 2854 1411 2888 M
1418 2867 1426 2888 ε
1460 2863 1526 2888 om.
1552 2852 1701 2897 reliqui,
1728 2851 1825 2886 sicut
1850 2852 1933 2886 add.
1960 2851 1973 2886 l
1999 2851 2011 2898 ΙΙ

308 2907 350 2938 17
376 2903 426 2938 ad
451 2913 482 2938 v.
510 2906 555 2937 90
581 2902 622 2937 in
646 2913 760 2946 marq.
788 2911 1010 2947 consurgere
1035 2912 1102 2946 pro
1129 2900 1374 2946 consurgendi
1403 2900 1437 2935 Τ
1450 2902 1462 2947 ΙΙ
1493 2911 1717 2935 concvmmnn
1742 2911 1778 2934 IN
1803 2909 1899 2933 Ama
1923 2909 2010 2933 eon-

307 2960 452 2985 currere
477 2959 545 2995 pro
572 2949 742 2985 currendi
768 2950 855 2995 (leye
873 2948 1128 2992 concurrendi)
1154 2948 1321 2984 infinitus
1339 2948 1470 2983 modos
1489 2947 1595 2982 uerbi
1613 2957 1680 2991 pro
1700 2945 1940 2991 participatio
1959 2945 2010 2990 F,
2026 2990 2030 2995 Α

305 3009 408 3043 quem
432 2998 473 3032 in
506 2996 717 3042 Veryilia‘no
741 3007 880 3043 quoque
904 2996 1064 3032 carmine
1090 3006 1305 3032 concurrere
1330 2996 1494 3031 exhibere
1517 3004 1649 3030 moneo.
1670 2994 1682 3039 ΙΙ
1716 2996 1758 3028 18
1783 2991 2010 3039 participato

306 3045 517 3089 Schoellius,
532 3043 731 3089 participio
745 3045 884 3079 Daniel
901 3045 913 3090 ΙΙ
934 3047 977 3079 19
993 3043 1115 3078 storiis
1129 3043 1170 3078 F
1191 3043 1297 3079 troiis
1311 3043 1345 3079 G
1363 3044 1375 3089 ΙΙ
1394 3047 1439 3078 20
1453 3040 1652 3077 habuerint
1663 3039 1747 3075 RF
1762 3041 1774 3085 ΙΙ
1792 3041 1898 3087 tunc]
1912 3040 2009 3076 unde

306 3093 346 3128 F
361 3093 374 3138 ΙΙ
391 3094 566 3137 receptus
592 3094 648 3127 est
671 3091 772 3137 paris
799 3091 839 3126 F
853 3093 866 3138 ΙΙ
885 3095 929 3127 21
957 3091 995 3126 et
1021 3120 1028 3126 .
1049 3118 1056 3125 .
1080 3119 1087 3125 .
1114 3091 1338 3126 adulterium
1365 3101 1442 3126 om:
1457 3089 1498 3124 F
1512 3090 1524 3134 ΙΙ
1543 3087 1687 3123 soluere
1713 3090 1770 3122 est
1793 3088 1893 3123 furto
1918 3087 2009 3124 ami-

306 3140 415 3176 citias
443 3140 509 3175 Ml
527 3140 540 3186 ΙΙ
567 3143 611 3174 22
638 3139 735 3175 unde
761 3139 833 3186 est]
860 3140 903 3174 ut
926 3138 967 3173 F
981 3139 994 3183 ΙΙ
1023 3142 1067 3173 23
1093 3138 1192 3173 furta
1217 3150 1266 3174 an
1291 3138 1391 3182 quod
1416 3136 1586 3182 paridem
1611 3163 1618 3170 .
1641 3162 1649 3170 .
1670 3163 1679 3171 .
1705 3147 1772 3180 per
1795 3135 1934 3171 furtum
1961 3134 2010 3179 F,

307 3191 345 3223 et
369 3187 489 3223 eversi
513 3186 575 3222 nii
601 3215 609 3223 .
631 3214 638 3221 .
661 3214 668 3221 .
696 3199 718 3222 a
742 3186 865 3232 poetis
890 3185 1100 3232 composita
1123 3187 1288 3222 omittens
1306 3187 1318 3232 ΙΙ
1344 3187 1401 3221 est
1425 3195 1490 3220 om.
1517 3182 1646 3218 RLH
1667 3183 1765 3228 (add.
1792 3184 1818 3229 l)
1839 3184 1851 3229 ΙΙ
1878 3187 1923 3218 26
1948 3183 2009 3218 de-

307 3235 425 3271 disset
450 3236 489 3272 et
513 3233 672 3280 profecti
696 3234 785 3269 LH
798 3234 811 3280 ΙΙ
835 3245 858 3270 a
881 3233 1025 3280 priamo
1051 3234 1064 3269 l
2002 3247 2004 3250 ⁴
