2124 3600
828 283 1114 321 PRAEFATIO.
1758 299 1830 330 VII

111 408 152 448 Ρ.
182 393 289 449 434,
320 394 376 436 23
421 395 565 448 potest
606 396 649 436 et
687 393 997 436 ‘semianimis’
1043 395 1097 436 ab
1137 408 1187 436 eo
1234 393 1348 449 quod
1394 396 1459 436 est
1504 393 1829 437 ‘semianimus’

114 480 194 520 pro
226 464 596 508 ‘semianimibus'
624 466 714 521 legi
738 466 846 508 idem
870 465 884 520 ΙΙ
905 480 949 520 p.
976 466 1077 521 438,
1106 466 1157 508 11
1193 466 1494 508 dilemmatum
1527 468 1830 522 argumentum

115 535 182 594 (nt
206 550 348 591 yraeee
379 536 652 592 διλήμματον
676 551 757 592 pro
790 537 984 592 δίλημμοε
1014 535 1183 593 dieitur)
1215 538 1324 580 idem
1342 537 1367 592 11
1396 551 1439 591 Ρ.
1467 537 1566 591 438,
1602 538 1655 579 14
1689 535 1828 579 ‘sorti'

115 623 193 664 pro
227 607 362 651 ‘casui
394 611 437 650 et
467 608 696 663 fortunae',
727 613 776 651 at
799 607 954 652 ‘casui'
986 610 1042 651 sit
1066 608 1243 664 ‘malae’‚
1276 600 1500 662 ‘fortunae’
1527 613 1663 651 antem
1690 609 1831 652 ‘bonae

113 679 249 732 sorti',
286 681 393 723 idem
426 680 440 734 ΙΙ
469 695 513 734 Ρ.
538 681 637 736 443,
669 682 696 723 2
735 680 938 723 admotus
976 684 1028 723 et·
1050 681 1180 723 cessit
1218 683 1261 722 et
1292 681 1474 736 imperio
1507 681 1658 723 relicto
1690 682 1750 723 vel
1788 684 1832 724 et

114 736 345 808 imperium
384 752 631 807 relinquens
671 752 724 794 ad
755 752 1102 807 Peloponnesum
1135 752 1325 808 perrexit
1355 754 1462 795 idem
1492 751 1506 806 ΙΙ
1532 766 1577 806 Ρ.
1597 752 1697 807 468,
1729 754 1755 794 2
1789 755 1832 794 et

115 823 357 879 quaeritur:
389 823 426 866 si
458 838 544 878 qua
575 823 679 866 fides
713 826 778 866 est
810 839 835 866 a
862 824 1109 879 praeterito,
1142 840 1196 867 an
1226 825 1333 867 bene
1360 824 1508 866 futuro
1536 824 1650 866 dicat
1675 823 1832 866 Schoel-

115 895 212 938 tias:
254 898 302 937 at
342 895 589 937 dubitaverit
630 896 831 949 interpres
873 899 1190 950 congruerentne
1227 897 1333 938 inter
1373 910 1430 939 sa·
1450 898 1645 938 vetustas
1682 909 1760 938 vox
1796 899 1833 937 et

111 967 256 1008 latura
293 968 359 1008 est
386 966 579 1020 saturam
610 970 766 1021 tempas
801 966 815 1022 ΙΙ
843 982 888 1021 Ρ.
916 968 1015 1022 468,
1047 967 1103 1009 28
1138 966 1281 1010 ‘tuta'
1313 970 1505 1022 tutante,
1544 982 1652 1023 quae
1683 970 1830 1010 tuetur

113 1039 219 1080 idem
265 1038 279 1093 ΙΙ
323 1052 368 1092 Ρ.
411 1038 514 1092 468,
559 1038 616 1080 29
668 1053 771 1081 arcu
821 1039 1206 1081 concamerationis
1259 1054 1412 1082 curvae
1463 1039 1564 1082 conl.
1614 1038 1724 1081 Serv.
1777 1040 1834 1081 ad

113 1112 216 1152 Aen.
250 1108 311 1151 VI
349 1110 432 1152 631
473 1111 582 1153 idem
620 1110 634 1165 ΙΙ
667 1125 712 1165 Ρ.
749 1111 855 1166 470,
895 1111 953 1153 24
997 1110 1234 1153 ‘siccabat'
1281 1111 1405 1167 quasi
1457 1111 1649 1154 sedabat.
1717 1126 1830 1154 nove

114 1195 144 1224 e.
175 1196 211 1235 q.
242 1196 273 1224 3.
304 1182 423 1224 idem.

231 1253 322 1296 Lib.
348 1253 410 1295 XI
434 1268 479 1307 p.
505 1254 605 1309 483,
631 1254 687 1297 28
724 1257 767 1296 et
798 1255 982 1311 figurate
1011 1254 1206 1311 ‘sospite'
1242 1270 1320 1310 pro
1348 1241 1534 1310 esospiti'
1568 1254 1792 1298 Sehoellins
1816 1253 1827 1311 Ι,

104 1339 151 1378 Ρ.
176 1324 276 1378 491,
311 1325 365 1366 16
396 1339 480 1379 sqq.
516 1327 575 1368 sic
606 1327 887 1369 constituenda
918 1330 1037 1370 erant
1066 1327 1128 1369 ita
1161 1329 1204 1369 et
1235 1327 1305 1369 hic
1338 1360 1347 1369 .
1380 1361 1388 1369 .
1422 1360 1431 1369 .
1463 1327 1621 1381 posuit.
1683 1338 1828 1370 IVSTI-

114 1407 288 1438 TIAENE
330 1396 367 1438 si
400 1396 638 1440 ‘iustitiae'
677 1398 836 1454 legeris
876 1413 907 1441 6.
938 1413 974 1453 q.
1005 1413 1036 1441 3.
1073 1400 1087 1454 ΙΙ
1120 1414 1165 1453 Ρ.
1197 1399 1298 1454 495,
1329 1399 1357 1440 2
1396 1398 1660 1453 rudimenta,
1705 1399 1828 1454 quasi

112 1468 215 1511 novi
248 1468 349 1510 anni
381 1467 604 1512 Sekoellias
627 1468 640 1524 ΙΙ
670 1484 715 1524 p.
741 1470 842 1525 495,
867 1470 925 1512 25
955 1471 1013 1513 ad
1042 1471 1086 1512 in
1118 1471 1282 1526 togatis
1316 1469 1546 1513 ‘victrices'
1579 1471 1687 1513 inter
1719 1465 1826 1513 te'sa-

112 1541 254 1582 monia
290 1541 414 1582 adde:
451 1540 569 1583 Ribb.
602 1555 700 1584 eom.
733 1542 802 1584 Zat.
835 1542 903 1585 rel.
937 1557 978 1596 p.
1006 1542 1089 1585 221
1128 1541 1142 1597 ΙΙ
1182 1557 1228 1597 Ρ.
1259 1543 1360 1598 499,
1395 1543 1449 1585 15
1487 1542 1682 1597 Iuppiter
1719 1542 1826 1584 illud

111 1626 142 1653 6.
173 1626 208 1666 q.
239 1626 269 1655 3.
308 1612 531 1656 Sehoellias
560 1613 574 1669 ΙΙ
599 1628 643 1668 Ρ.
677 1614 780 1666 504,
811 1614 840 1656 4
880 1629 924 1656 se
957 1618 1031 1656 ant
1060 1618 1162 1657 reete
1199 1615 1333 1657 omitti
1365 1618 1440 1656 aut
1467 1617 1564 1669 post
1601 1614 1637 1655 si
1677 1615 1827 1656 adden-

111 1684 209 1726 dam
241 1697 322 1727 esse
344 1686 472 1739 putat
501 1686 606 1728 idem
630 1685 644 1740 ΙΙ
669 1700 714 1740 Ρ.
745 1685 851 1741 504,
881 1686 936 1728 14
969 1686 1074 1729 adeo
1107 1684 1153 1743 (i.
1179 1700 1209 1729 6.
1241 1685 1474 1742 adgredior)
1507 1689 1642 1728 servat
1671 1687 1778 1728 idem
1814 1685 1816 1741 ξ

104 1769 150 1809 Ρ.
184 1755 282 1808 504,
315 1756 368 1798 21
411 1756 557 1799 statim
596 1757 776 1800 consilio
815 1757 1026 1800 conclusit
1063 1758 1125 1800 vel
1163 1759 1316 1800 statim
1355 1758 1544 1801 consulit
1580 1758 1688 1800 idem
1725 1758 1827 1800 conl.

113 1826 223 1869 Serv.
256 1829 313 1869 ad
341 1842 375 1869 v.
402 1829 501 1871 281.
532 1830 640 1882 qaod
666 1844 733 1884 690
758 1831 960 1884 proposui
992 1833 1036 1872 et
1068 1830 1175 1872 satis
1209 1831 1345 1872 multa
1372 1829 1583 1873 conclusit
1611 1830 1722 1871 volnt
1746 1843 1829 1872 esse

114 1897 167 1940 ‘et
195 1900 299 1941 satis
329 1900 460 1941 multa
491 1901 721 1954 complexus
751 1901 837 1944 est'.
890 1902 1067 1955 fortasse
1100 1905 1196 1956 post
1227 1901 1439 1945 conclusit
1469 1902 1671 1956 quaedam
1703 1902 1826 1943 inter-

112 1971 316 2021 ciderunt,
361 1971 418 2013 ad
459 1985 562 2025 quae
606 1972 717 2014 sicut
762 1973 814 2014 ad
859 1974 1032 2029 singula
1076 1973 1268 2016 invenies
1313 1974 1476 2016 dictum
1512 1974 1776 2028 pertinebant
1816 1972 1827 2029 11

105 2057 150 2096 Ρ.
171 2042 270 2097 508,
292 2043 318 2084 2
346 2043 420 2084 alii
447 2042 635 2086 ‘sceleris
664 2044 821 2086 omnis'
855 2046 1006 2102 legunt
1030 2049 1126 2100 post
1150 2045 1362 2102 supplicia
1387 2045 1622 2088 collocanda
1647 2059 1729 2088 esse
1744 2060 1827 2100 pn-

113 2116 174 2155 tat
191 2113 415 2157 Schoellias
437 2115 451 2169 ΙΙ
473 2130 518 2169 p.
539 2115 639 2169 511,
665 2118 713 2158 11
748 2118 807 2159 sie
833 2118 1114 2160 constituenda
1144 2120 1264 2160 erant
1287 2129 1526 2160 DEVICTAM
1554 2129 1695 2160 ASIAM
1723 2128 1758 2160 s,
1784 2129 1823 2159 A.

113 2185 288 2240 quidam
311 2217 318 2225 .
340 2218 350 2227 .
371 2219 380 2227 .
407 2190 508 2241 post
534 2187 739 2242 possedit.
782 2200 991 2231 DEVICTA
1011 2200 1118 2231 ASIA
1143 2189 1303 2244 legitur
1325 2191 1368 2230 et
1393 2202 1424 2230 6.
1444 2203 1480 2242 q.
1501 2203 1530 2231 3.
1556 2188 1569 2244 ΙΙ
1590 2203 1634 2242 Ρ.
1655 2189 1753 2244 511,
1769 2188 1826 2231 25

113 2257 187 2299 alii
219 2257 331 2300 hunc
359 2256 552 2299 Orestem
585 2259 719 2301 filiam
746 2258 932 2301 Menelai
966 2262 1008 2301 et
1033 2259 1226 2302 Helenae
1259 2260 1437 2302 tradunt
1466 2260 1639 2302 duxisse
1666 2259 1823 2303 Sekoa-

114 2329 211 2372 lias.
236 2343 317 2383 pro
341 2330 397 2372 iis
417 2343 521 2383 qnae
545 2334 770 2385 sequnntur
794 2332 902 2374 idem
927 2332 1161 2374 dubitanter
1177 2332 1377 2387 proponit
1401 2331 1577 2387 quidam
1604 2332 1823 2374 inventam

112 2400 371 2457 Erigonam,
402 2401 638 2457 uterinam,
670 2418 845 2446 uxorem
880 2403 919 2445 ei
950 2404 1102 2446 volunt
1133 2404 1280 2446 fuisse.
1317 2404 1368 2457 cf.
1401 2403 1586 2446 Paasan.
1617 2402 1662 2445 II
1692 2404 1756 2458 18,
1785 2404 1823 2446 6.

116 2472 243 2515 Tecta.
269 2473 326 2515 ad
347 2473 545 2527 Ixyeophr.
572 2474 684 2516 1374
708 2474 721 2529 Η
749 2490 793 2530 p.
814 2476 913 2531 512,
935 2476 993 2518 25
1026 2476 1234 2518 barbaras
1258 2490 1340 2530 pro
1373 2475 1532 2518 latinas
1559 2475 1782 2518 Selioellias
1814 2474 1824 2532 l}

104 2558 139 2597 p
177 2543 276 2598 516,
306 2544 358 2586 12
391 2559 416 2586 a
447 2545 591 2600 patria
614 2546 719 2588 urbe
746 2545 881 2601 Tydei
908 2546 1130 2589 Diomedis
1157 2562 1212 2589 111.
1231 2547 1256 2589 i.
1282 2547 1506 2590 Schoellius
1529 2547 1542 2602 ΙΙ
1572 2562 1615 2601 Ρ.
1643 2547 1741 2601 521,
1768 2547 1825 2589 25

113 2619 162 2657 ut
194 2615 368 2670 quidam
399 2616 550 2658 volunt
582 2631 708 2672 saepe
740 2618 901 2660 bonum
934 2618 1019 2660 dici
1050 2619 1158 2661 idem
1181 2618 1195 2673 ΙΙ
1221 2634 1266 2674 Ρ.
1294 2618 1393 2673 535,
1420 2620 1446 2661 6
1479 2619 1591 2661 unde
1622 2619 1682 2661 vel
1713 2634 1824 2660 nunc

112 2686 260 2742 posuit
292 2686 449 2728 ‘edice'
480 2702 560 2741 pro
598 2689 844 2743 composuit
874 2687 1036 2730 ‘edice'
1067 2690 1176 2732 idem
1209 2690 1222 2744 ΙΙ
1251 2704 1295 2744 Ρ.
1327 2689 1426 2744 535,
1463 2689 1514 2731 18
1556 2688 1823 2744 ‘Messapus'

114 2761 256 2801 autem
301 2773 397 2801 cum
435 2759 610 2811 diceret,
651 2759 810 2802 vitavit
841 2758 1176 2815 ὁμοιοτέλευτον
1213 2762 1320 2803 idem
1355 2761 1368 2815 ΙΙ
1397 2775 1441 2814 Ρ.
1474 2760 1573 2815 537,
1606 2761 1662 2802 22
1701 2761 1824 2817 quasi

112 2832 286 2884 praesto
319 2830 377 2872 sit
406 2830 467 2872 vel
499 2831 621 2886 quasi
653 2845 762 2887 quae
792 2832 853 2873 sit
884 2834 1057 2886 praesto
1088 2833 1196 2875 idern
1219 2832 1233 2887 ΙΙ
1260 2847 1306 2887 Ρ.
1333 2833 1431 2887 542,
1457 2832 1514 2874 20
1546 2832 1647 2873 hinc
1678 2832 1823 2887 itaque

114 2899 240 2955 Opim
279 2901 418 2957 ipsam
458 2901 645 2944 Dianam
683 2903 1054 2959 cognominatam,
1099 2904 1213 2959 quod
1259 2919 1391 2959 supra
1427 2903 1589 2946 dictum
1631 2906 1712 2958 est,
1756 2904 1821 2944 vel

115 2971 227 3027 quod
259 2972 374 3028 luna,
406 2988 513 3028 quae
541 2975 607 3016 est
633 2973 784 3029 Diana,
815 2975 1013 3029 proxima
1036 2976 1165 3017 terris
1196 2975 1321 3018 facile
1359 2975 1659 3031 conspiciatur,
1690 2974 1823 3029 Apol-

113 3042 243 3085 linem
296 3059 398 3087 vero
447 3044 694 3100 hecaergon
742 3046 904 3102 vocari,
955 3047 1159 3102 quoniam
1209 3047 1253 3089 in
1303 3049 1422 3089 terra
1471 3046 1705 3102 hecaergos
1757 3045 1822 3087 sol

113 3113 159 3158 O.
186 3115 298 3158 Jahn
329 3115 481 3160 Philol.
510 3115 656 3159 XXVI
678 3131 723 3172 p.
753 3118 820 3160 13.
875 3117 976 3161 hinc
1006 3118 1154 3175 itaque
1185 3152 1193 3160 .
1221 3152 1229 3161 .
1262 3152 1271 3161 .
1303 3118 1576 3174 Hecaergon:
1609 3118 1676 3160 vel
1708 3116 1820 3172 quod

114 3200 190 3240 per
227 3187 331 3239 ὄψιν
369 3188 489 3244 luna,
527 3203 636 3244 quae
675 3191 742 3232 est
779 3189 938 3246 Diana,
977 3192 1116 3233 terras
1154 3190 1282 3232 facile
1321 3189 1578 3246 conspiciat,
1616 3187 1820 3243 quoniam

115 3249 204 3314 Ops
241 3259 341 3311 ὄψις
383 3260 542 3303 extrita
581 3261 595 3303 i
633 3261 784 3304 vocali.
853 3268 896 3305 et
931 3261 1180 3317 Hecaergos
1220 3261 1295 3305 Sol
1339 3261 1422 3304 ἀπὸ
1459 3266 1539 3303 τοῦ
1577 3258 1739 3302 ἕκαθεν
1776 3257 1819 3310 ἐς
