2124 3600
357 258 413 300 80
1126 259 1285 297 SERVII

355 370 440 410 est:
474 371 550 410 aut
583 366 819 411 ‘accincta'
853 371 919 410 est
943 369 1176 425 instructa,
1208 369 1260 411 ad
1289 369 1468 413 verbera
1494 370 1676 426 scilicet,
1707 371 1749 413 id
1776 373 1841 414 est
1865 374 2068 415 nocentes

356 439 531 494 flagello
564 439 705 495 quatit
736 439 833 495 ipsa
864 442 1135 495 praeparata.

473 510 573 554 572.
623 522 804 555 AGMINA
849 522 997 554 SAEVA
1042 522 1260 554 SORORVM
1306 515 1380 554 aut
1423 512 1628 569 impetus,
1673 516 1721 557 ut
1763 514 1814 557 de
1857 514 2065 570 Harpyiis

354 581 481 624 dixit:
514 584 590 624 aut
621 583 869 638 serpentum
902 583 1096 639 agmina,
1129 598 1236 639 quos
1268 599 1348 639 pro
1381 584 1514 626 comis
1546 585 1721 628 habent.

305 663 326 693 5
473 653 571 696 573.
622 665 745 696 TVNC
783 665 951 695 DEMVM
990 665 1259 697 HORRISONO
1299 666 1588 699 STRIDENTES
1634 668 1840 700 OARDINE
1887 668 2066 700 SACRAE

354 736 639 767 PANDVNTVR
677 736 859 768 PORTAE
896 724 1146 779 mittuntur,
1190 725 1349 781 inquit,
1394 729 1494 781 post
1532 728 1712 770 verbera
1750 728 1802 770 ad
1841 731 2065 772 aeternum

354 796 624 852 supplicium.
671 798 712 838 et
746 798 813 839 est
845 798 1016 838 secutus
1044 796 1237 839 ordinem
1263 797 1367 839 iuris
1395 798 1583 852 antiqui:
1615 814 1715 842 nam
1742 801 1845 855 post
1870 800 2064 843 habitam

353 868 653 923 quaestionem
685 867 730 910 in
756 867 1003 910 Tullianum
1037 866 1089 910 ad
1122 868 1325 911 ultimum
1357 869 1617 924 supplicium
1650 870 1947 913 mittebantur.
1990 871 2064 913 alii

349 938 432 983 hoc
472 955 498 982 a
528 942 657 995 poeta
696 938 859 981 dictum
897 939 1068 994 volunt,
1110 942 1159 981 ut
1195 939 1270 981 illa
1307 940 1510 995 loquente
1547 941 1852 997 intellegamus
1892 945 2064 998 portam

283 1020 327 1051 10
354 1025 447 1054 esse
473 1011 752 1067 patefactam3
778 1010 855 1052 alii
881 1010 1139 1052 continuant
1163 1010 1469 1053 narrationem.
1581 1023 1756 1055 SAORAE
1790 1014 2064 1057 execrabiles.

470 1082 568 1125 574.
619 1092 783 1124 cemus
825 1093 1059 1124 CVSTODIA
1101 1093 1267 1132 QVAms
1313 1081 1552 1124 ‘custodia'
1595 1086 1660 1126 est
1705 1099 1814 1139 quae
1859 1085 2061 1141 custodit,

279 1197 294 1208 .
351 1168 438 1196 non
470 1168 579 1209 quae
619 1152 871 1195 custoditur.
934 1155 1190 1208 usurpatum
1231 1155 1374 1195 autem
1416 1156 1499 1209 est,
1539 1154 1650 1197 sicut
1683 1154 1913 1211 ‘hospita'‚
1951 1156 2064 1199 sicut

350 1223 558 1280 ‘neptis't
603 1239 704 1267 nam
743 1222 859 1266 ‘hic’
899 1226 942 1266 et
981 1223 1108 1266 ‘haec
1139 1223 1305 1266 custos’
1344 1224 1460 1267 facit.
1523 1240 1572 1267 ea
1610 1226 1723 1268 enim
1767 1241 1875 1282 quae
1913 1227 1960 1268 in
1992 1226 2063 1270 ‘o'

350 1298 508 1338 exeunt
540 1297 588 1338 ut
619 1294 786 1350 ‘fullo'‚
825 1295 870 1337 in
902 1294 994 1338 ‘os'
1026 1297 1076 1337 ut
1107 1295 1299 1351 ‘nepos',
1329 1296 1374 1337 in
1409 1296 1496 1339 ‘es'
1529 1299 1578 1339 ut
1609 1296 1823 1353 ‘hospes’,
1854 1297 2063 1342 feminina

282 1378 325 1408 15
352 1382 403 1410 ex
437 1382 482 1410 se
514 1382 599 1409 non
633 1367 809 1409 faciunt.
873 1381 982 1422 quae
1014 1369 1157 1409 autem
1190 1366 1433 1409 invenimus
1466 1370 1676 1456 usurpata
1714 1371 1831 1424 sunt,
1869 1369 1980 1412 unde
2019 1372 2063 1412 et

348 1438 596 1481 dissimilia:
629 1453 730 1480 nam
763 1437 954 1480 ‘custos'
989 1436 1229 1480 custodia'
1261 1437 1383 1493 facit,
1417 1437 1592 1494 ‘nepos'
1626 1438 1822 1495 ‘neptisffi

467 1510 567 1553 575.
616 1520 876 1553 VESTIBVLO
903 1521 1086 1552 SEDEAT
1113 1508 1357 1565 Megaeram
1385 1510 1614 1565 significat.
1658 1511 1739 1554 hoc
1766 1513 1911 1554 autem
1939 1490 2062 1555 dicit:

348 1581 486 1624 cernis
519 1581 630 1623 hanc
662 1596 791 1636 quam
824 1595 953 1623 saeva
984 1580 1071 1623 sit‘?
1113 1582 1178 1622 est
1218 1581 1335 1622 intus
1369 1581 1497 1623 alia
1509 1583 1696 1624 inmanis
1729 1583 1835 1625 atris
1868 1583 2060 1626 hiatibus

348 1643 700 1709 quinquaginta',
745 1667 853 1708 quae
900 1654 965 1695 est
1003 1651 1188 1708 saevior,
1233 1667 1360 1708 quam
1401 1651 1552 1707 Hydra
1596 1653 1691 1696 fuit.
1754 1654 1882 1696 multi
1920 1655 2059 1710 ipsam

277 1733 323 1766 20
348 1723 543 1780 Hydram
578 1724 746 1779 volunt,
780 1723 893 1779 quod
924 1738 1012 1765 non
1044 1723 1256 1779 procedit:
1295 1738 1396 1765 nam
1430 1738 1526 1765 eam
1557 1724 1601 1765 in
1633 1724 1751 1772 aditu
1783 1725 1967 1781 legimus
1999 1727 2061 1768 in-

348 1795 540 1838 ferorum
571 1795 646 1837 ubi
678 1794 785 1836 dixit
812 1794 957 1849 (287)
991 1809 1046 1837 ac
1078 1794 1234 1837 belua
1265 1793 1473 1836 Lernae.
1525 1810 1655 1850 quam
1688 1796 1761 1838 alii
1793 1797 1877 1839 tria
1909 1798 2060 1842 volunt

346 1867 550 1909 habuisse
583 1866 749 1921 capita,
781 1866 854 1907 alii
885 1879 1058 1921 novem,
1092 1864 1334 1907 Simonides
1367 1865 1683 1922 quinquaginta
1714 1867 1831 1910 dicit.

467 1938 566 1981 577.
617 1948 862 1980 TARTARVS
907 1937 973 1979 vel
1011 1937 1114 1993 quia
1153 1936 1299 1979 omnia
1343 1937 1431 1979 illic
1470 1938 1646 1981 turbata
1690 1942 1807 1995 sunt,
1852 1935 1937 1983 ἀπὸ
1981 1940 2060 1995 τῆς

345 2009 557 2065 ταραχῆςε
599 2010 691 2064 aut,
730 2008 842 2064 quod
876 2011 943 2051 est
975 2009 1146 2064 melius,
1185 2005 1272 2051 ἀπὸ
1306 2009 1387 2051 τοῦ
1418 2012 1715 2066 ταρταρίζειν,
1747 2010 1790 2052 id
1823 2013 1890 2054 est
1921 2026 1946 2053 a
1976 2013 2060 2053 tre-

275 2091 320 2122 25
347 2095 464 2123 more
498 2080 693 2135 frigoris3
725 2080 816 2122 sole
850 2079 963 2121 enim
996 2081 1125 2121 caret.

467 2151 566 2194 578.
616 2163 687 2197 B1s
720 2163 871 2194 PATET
903 2163 954 2193 IN
987 2161 1223 2195 PRAECEPS
1256 2150 1350 2195 ideo
1383 2150 1442 2193 ‘in
1476 2151 1698 2207 praeceps'
1732 2152 1914 2208 addidit,
1957 2153 2059 2208 quia

350 2341 382 2375 A
407 2297 487 2375 ὶι21·Ιί
513 2291 702 2376 l57:25241t2qui21.
728 2321 734 2328 .
757 2321 764 2328 .
788 2320 794 2327 .
828 2292 946 2338 caret]
986 2302 1100 2327 exscr.
1134 2291 1219 2327 Isid.
1248 2302 1300 2327 or.
1325 2291 1409 2327 XIV
1438 2295 1469 2337 9,
1497 2296 1518 2327 8
1553 2294 1591 2327 et
1621 2293 1726 2328 Luct.
1760 2293 1861 2329 Plac.
1889 2294 1938 2328 ad
1963 2292 2056 2330 Stat.

386 2351 405 2375 c
435 2369 442 2375 .

444 2474 462 2504 1
490 2471 547 2504 est
572 2473 656 2505 ante
680 2469 880 2515 instructa]
913 2468 1009 2503 dixit
1034 2467 1112 2503 FC'
1138 2469 1150 2514 ΙΙ
1181 2472 1202 2503 3
1230 2479 1342 2504 sAst
1369 2497 1375 2504 .
1398 2496 1405 2503 .
1429 2496 1436 2503 .
1464 2470 1676 2514 serpentum
1710 2469 1863 2514 agmina
1887 2481 1952 2506 om.
1980 2470 2022 2505 H
2046 2470 2056 2517 ΙΙ

346 2517 461 2563 arpiis
482 2518 576 2551 AM
599 2528 691 2563 arpy
692 2517 725 2552 is
745 2516 867 2552 RFG
885 2518 918 2562 (e
938 2516 966 2551 S
983 2516 1079 2554 nihil
1097 2516 1258 2557 enotavit
1271 2515 1473 2562 Hayenus).
1501 2520 1653 2552 ceterum
1673 2517 1716 2552 de
1733 2518 1902 2564 harpyiis
1920 2528 2057 2562 agmen

345 2575 421 2600 non
446 2565 545 2600 dimit
568 2564 767 2610 Veryilius‚
791 2565 854 2600 sed
878 2564 921 2599 de
946 2564 1131 2609 anquibus
1149 2564 1214 2608 qui
1232 2562 1444 2599 Laocoonta
1465 2564 1603 2608 petweo
1605 2568 1683 2600 unt
1721 2565 1767 2607 ef.
1789 2564 1878 2618 Aen.
1900 2564 1936 2599 ΙΙ
1955 2564 2056 2612 212Ι

346 2616 369 2648 4
395 2613 461 2647 aut
487 2612 700 2656 serpentum
726 2612 878 2656 agmina
902 2622 968 2646 om.
998 2609 1072 2645 FC
1096 2611 1109 2656 ΙΙ
1140 2614 1160 2645 5
1187 2611 1324 2650 scholia
1348 2611 1398 2646 ad
1421 2621 1453 2647 v.
1481 2614 1549 2646 573
1576 2622 1641 2647 om
1671 2611 1710 2646 F
1737 2613 1748 2658 ΙΙ
1780 2615 1801 2646 8
1827 2611 1866 2646 in
1890 2622 1956 2648 om.
1983 2612 2020 2647 A

347 2660 462 2705 (supr.
488 2669 576 2693 vers.
604 2659 689 2694 add.
715 2660 764 2704 a).
811 2658 859 2693 ad
889 2657 1088 2694 tullianum
1117 2658 1167 2692 M
1200 2659 1213 2702 ΙΙ
1252 2661 1292 2692 11
1327 2658 1384 2693 est
1411 2668 1456 2693 ea
1490 2669 1585 2703 quae
1610 2658 1690 2704 Fss
1728 2662 1772 2693 12
1799 2661 1855 2694 est
1878 2669 1943 2694 om.
1973 2659 2022 2694 M

344 2706 511 2751 hospitia
530 2706 570 2740 F
586 2707 597 2752 ΙΙ
620 2710 662 2740 13
683 2706 720 2752 0]
742 2717 761 2740 0
782 2705 853 2751 ΗΙΙ
874 2709 918 2740 14
937 2704 1029 2740 fallo
1050 2705 1089 2739 F
1118 2704 1211 2740 follo
1231 2704 1331 2750 Hfl'
1321 2716 1360 2739 111
1380 2716 1419 2740 08
1438 2706 1481 2739 ut
1500 2717 1616 2751 nepos
1638 2660 1703 2741 oni..
1724 2706 1767 2741 H
1783 2708 1794 2752 ΙΙ
1814 2706 1872 2752 os]
1898 2706 1966 2741 hos
1986 2706 2027 2742 F

348 2758 393 2789 15
412 2754 631 2798 usurpatum
652 2753 724 2787 fuit
742 2752 782 2787 F
797 2753 810 2798 ΙΙ
830 2707 926 2787 xinde
952 2753 991 2786 et
1016 2751 1215 2791 dissimilia
1240 2751 1481 2789 inueniuntur
1507 2764 1593 2788 nam
1620 2754 1743 2794 custos
1770 2752 1940 2788 custodia
1963 2752 2055 2789 facit

345 2812 460 2846 nepos
496 2802 653 2846 nepotes
691 2801 827 2845 hospes
864 2798 1016 2843 hospita
1041 2799 1081 2833 F
1088 2798 1119 2834 0
1147 2790 1354 2843 Stephanus
1384 2800 1532 2841 Daniel.
1584 2801 1714 2836 seclusi
1750 2799 1989 2841 inveniuntur
2021 2805 2055 2837 et

346 2849 483 2894 hospes
515 2847 681 2892 hospita.
719 2858 806 2883 nam
839 2846 1087 2900 corrumpitur
1120 2847 1177 2881 his
1207 2847 1464 2891 supplementis
1493 2848 1672 2889 sententia
1701 2848 1933 2893 yrammatici
1962 2859 2054 2893 quae

345 2897 432 2931 haec
456 2899 526 2931 est:
555 2895 736 2939 feminina
761 2907 784 2929 a
808 2894 1017 2930 nominibus
1041 2894 1083 2927 in
1108 2904 1146 2938 o,
1173 2904 1231 2937 os,
1259 2904 1297 2928 es
1323 2895 1536 2929 eoeewntibus
1561 2896 1727 2933 derivata
1750 2896 1847 2940 quod
1870 2898 2052 2940 usurpata

345 2944 422 2978 sint
447 2943 526 2978 ideo
550 2947 583 2978 et
607 2953 679 2978 esse
703 2942 800 2978 inter
823 2952 859 2976 se
884 2940 1098 2982 dissimilia,
1124 2943 1166 2976 ut
1192 2940 1363 2977 custodia
1387 2945 1421 2976 et
1444 2942 1578 2986 neptis.
1629 2943 1725 2977 addo
1750 2942 1788 2977 et
1813 2942 1924 2984 illud,
1956 2943 2053 2997 quod

346 2991 523 3036 impressa
548 2990 771 3034 exemplaria
788 2990 884 3026 inter
908 2986 1002 3023 faeit
1026 2990 1058 3021 et
1082 2997 1198 3038 nepos
1224 2988 1402 3029 exhibent,
1429 2989 1471 3023 in
1489 3000 1602 3024 manu
1620 2989 1769 3033 scriptis
1786 3000 1862 3023 non
1880 2989 2050 3024 inveniri.

347 3038 357 3084 ΙΙ
385 3037 583 3082 isquam]
611 3047 839 3089 quamquam
866 3035 897 3070 0
921 3036 933 3080 ΙΙ
963 3034 1022 3069 est
1046 3032 1124 3070 alia
1147 3035 1248 3069 intus
1276 3034 1352 3075 FO
1379 3036 1391 3081 ΙΙ
1423 3038 1468 3070 20
1494 3036 1651 3081 hydram
1675 3034 1787 3071 fuisse
1813 3034 1946 3070 uolunt
1971 3035 2022 3070 M
2039 3036 2052 3082 ΙΙ

346 3083 468 3120 uoluit
494 3083 533 3118 F
548 3084 561 3128 ΙΙ
589 3087 632 3119 21
660 3082 725 3119 ubi
750 3082 861 3130 dixit]
887 3084 905 3117 t
929 3081 994 3117 ubi
1019 3079 1113 3116 dixit
1137 3081 1180 3116 ut
1205 3083 1251 3115 M
1265 3082 1277 3126 ΙΙ
1306 3085 1349 3114 22
1375 3081 1514 3117 habere
1519 3049 1617 3118 yFO
1631 3083 1644 3128 ΙΙ
1668 3092 1803 3117 nouem
1830 3082 1873 3116 ut
1899 3081 2051 3125 simoni

305 3128 308 3131 ⁴
347 3132 411 3168 des
438 3131 487 3166 M
510 3132 526 3178 ΙΙ
562 3134 606 3166 23
633 3142 706 3166 arro
731 3142 789 3166 rrec
815 3141 969 3166 rapam(
934 3121 1026 3165 —0
1053 3130 1065 3176 ΙΙ
1102 3133 1147 3169 24
1172 3129 1337 3172 ταραχῆς
1362 3139 1427 3163 om.
1455 3129 1545 3164 RH
1574 3130 1588 3174 ΙΙ
1624 3140 1826 3169 marmarum
1851 3129 1985 3164 RHF
1991 3130 2052 3165 Ga

347 3190 485 3214 iamzm
511 3177 584 3213 AS
622 3188 801 3212 Tawrapm.
829 3177 998 3258 MAEhoc
1023 3176 1082 3212 est
1107 3175 1211 3219 FC'u
1240 3177 1284 3209 25
1309 3173 1457 3220 frigeris
1485 3176 1552 3221 Fu
1579 3176 1705 3211 carent
1732 3176 1771 3210 F
1786 3177 1798 3221 ΙΙ
1828 3180 1872 3212 26
1899 3175 1984 3212 ideo
2010 3175 2052 3211 in

345 3237 522 3271 praeceps
550 3237 614 3260 om
643 3225 674 3260 Ο
700 3226 714 3269 ΙΙ
744 3224 852 3259 addit
