2092 3614
520 297 673 335 COMM.
701 299 754 334 IN
778 298 923 335 VERG.
948 298 1061 335 AEN.
1087 298 1140 334 XI
1166 302 1365 335 306—317.
1708 299 1794 341 517

202 407 300 451 313.
350 419 459 451 FVIT
496 408 707 451 exhausta
738 410 782 450 et
812 410 1070 465 consumpta
1095 410 1173 451 est.
1281 421 1404 452 ΤΟΤΟ
1431 419 1687 453 CERTATVM
1710 421 1796 452 EST

83 491 295 523 CORPORE
325 491 472 523 ΗΕΘΜ
503 480 550 522 id
578 483 638 523 est
666 480 841 536 imperii
872 481 1072 523 omnibus
1103 480 1269 523 viribus
1302 481 1510 524 bellamus.

201 552 300 594 314.
350 563 525 595 DVBIAE
558 563 706 594 MENTI
737 566 869 607 meae,
902 552 1065 595 scilicet
1096 552 1321 608 cogitanti.

202 622 302 666 315.
351 640 399 666 ΡΑ
408 639 490 666 vols
518 640 666 666 ANIMOS
695 640 896 666 ADHIBETE
920 640 1066 667 nooEBo
1096 627 1172 666 aul
1201 623 1362 680 ‘paucis
1391 623 1560 680 doeeb0'‚
1591 627 1668 667 aut
1690 623 1795 666 ‘ani-

32 738 34 741 ,
80 708 170 737 mos
195 694 345 751 paucis
375 693 585 737 adhibele'.
870 701 875 706 '
1821 704 1842 736 5

200 766 300 808 316.
347 751 440 808 nsr'
465 777 701 817 ANTIvis
726 776 854 808 AGER
880 777 1026 812 'rvsco
1053 778 1161 808 MIHI
1186 779 1424 811 PROXIMvs
1451 779 1567 811 AMNI
1591 767 1675 810 hoc
1699 767 1794 809 loco

81 837 278 880 Donatus
304 836 465 879 erravit
490 837 648 892 dicens,
675 851 828 894 agrum
854 853 983 894 quem
1002 837 1184 881 Latinus
1212 839 1372 882 donare
1399 839 1605 895 disponit,
1631 853 1724 881 esse
1750 839 1795 881 in

82 908 320 965 Campania
356 909 479 951 iuxta
510 908 714 951 erntem
751 910 949 965 fluvium,
987 911 1096 965 quod
1130 911 1254 952 etiam
1286 909 1515 954 Clanarius
1552 911 1631 966 ait,
1673 910 1795 953 cuius

80 983 220 1023 terras
254 981 417 1023 vicinas
445 979 575 1023 Tusci
607 981 836 1037 aliquando
869 984 1115 1033 tenuerunt,
1148 984 1197 1024 ut
1227 982 1326 1025 inde
1357 982 1521 1025 dictum
1555 982 1612 1024 sit
1638 981 1795 1024 ‘Tusco

81 1051 187 1094 mihi
212 1052 435 1107 proximus
463 1051 608 1094 amni'.
653 1052 744 1109 agit
771 1053 901 1095 etiam
926 1052 1008 1095 hoc
1035 1055 1306 1109 argumento,
1331 1053 1446 1108 quod
1472 1053 1562 1095 illic
1588 1055 1655 1095 est
1674 1054 1866 1096 locus·10

80 1123 154 1179 qui
193 1123 406 1178 hodieque
446 1123 642 1178 pinetum
682 1127 873 1167 vocatur.
937 1123 1011 1167 sed
1052 1126 1225 1167 constat
1263 1124 1409 1166 omnia
1447 1124 1526 1166 illa
1566 1125 1662 1167 loca
1701 1139 1795 1167 esse

80 1194 359 1250 campestria,
403 1195 721 1250 nec‘proeedit
759 1194 874 1251 quod
913 1195 1068 1238 dicitur
1106 1194 1232 1238 ‘celsi
1270 1195 1402 1252 plaga
1438 1196 1566 1251 pinea
1598 1195 1795 1239 montis'.

80 1266 191 1308 unde
224 1266 443 1322 sequenda
473 1268 539 1308 est
562 1267 708 1321 potius
734 1266 859 1321 Livii,
893 1265 1099 1309 Sisennae
1126 1269 1169 1308 et
1196 1265 1377 1309 Catonis
1405 1267 1662 1310 auctoritas:
1693 1283 1795 1310 nam

79 1352 214 1392 paene
248 1351 396 1379 omnes
430 1337 636 1392 antiquae
668 1338 877 1380 historiae
906 1338 1137 1394 scriptores
1163 1338 1210 1381 in
1233 1338 1317 1381 hoc
1342 1339 1630 1381 consentiunt.
1685 1338 1794 1382 Cato

80 1408 194 1450 enim
225 1408 272 1450 in
304 1409 546 1465 originibus
578 1409 682 1451 dicit
707 1409 922 1453 Troianos
954 1425 978 1452 a
1004 1409 1163 1452 Latino
1190 1410 1405 1465 accepisse
1432 1424 1597 1466 agrum,
1630 1410 1703 1467 qui
1729 1413 1795 1453 est
1822 1419 1865 1452 15

79 1480 195 1522 inter
224 1478 490 1522 Laurentum
532 1483 575 1523 et
613 1483 758 1523 castra
789 1480 989 1524 Troiana.
1050 1481 1122 1523 hic
1160 1481 1291 1523 etiam
1330 1481 1505 1524 modum
1545 1482 1640 1538 agri
1678 1497 1794 1524 com-

79 1554 290 1594 memorat
321 1553 364 1594 et
396 1551 513 1604 dicit,
545 1567 643 1594 eum
674 1552 878 1595 habuisse
910 1552 1060 1608 iugera
1090 1554 1228 1596 fiDcc.
1278 1567 1379 1596 sane
1409 1552 1637 1607 ‘antiquus'
1662 1558 1798 1608 polest

77 1626 115 1665 el
144 1623 293 1666 nobilis
323 1623 455 1677 accipi
463 1637 477 1665 .·
508 1624 569 1666 vel
599 1624 821 1666 secundum
849 1624 1087 1667 Trebatium
1117 1625 1190 1678 qui
1220 1625 1268 1667 de
1291 1625 1557 1679 reliqionibus
1583 1625 1686 1668 libro
1710 1640 1794 1681 sep-

78 1695 176 1737 timo
220 1695 283 1736 ait
326 1695 425 1737 luei
461 1695 545 1749 qui
579 1699 697 1737 sunl
731 1696 784 1737 in
821 1696 960 1751 ayris
995 1697 1082 1750 qui
1117 1696 1329 1738 concilio
1366 1697 1501 1750 eapti
1536 1701 1669 1753 sunl,
1711 1698 1796 1741 bos

78 1766 212 1808 lucos
248 1767 412 1809 eadem
441 1767 749 1809 caerimonia
780 1780 1005 1821 moreque
1034 1767 1264 1821 conquiri
1293 1767 1560 1822 haberique
1591 1773 1794 1825 oportet,
1820 1778 1865 1809 20

75 1840 130 1879 ut
171 1840 354 1880 eeteros
397 1838 531 1880 lucos
567 1838 652 1891 qui
687 1838 740 1880 in
778 1839 985 1892 antiquo
1021 1852 1139 1893 aqro
1175 1842 1295 1881 sunt.
1359 1838 1593 1894 ‘antiquum
1630 1841 1793 1895 aqrum’

78 1908 316 1951 Romanum
347 1909 454 1963 eoyit
482 1909 672 1964 intelleyi.
779 1920 927 1952 rrvseo
959 1922 1064 1952 MIHI
1095 1921 1334 1953 Pssoxmvs
1366 1922 1485 1953 AMNI
1516 1911 1734 1955 Tiberino.

197 1981 295 2023 317.
345 1991 529 2024 LONGVS
556 1993 606 2022 IN
634 1991 848 2024 OCCASVM
875 1995 926 2023 ea
951 1983 1086 2036 parte7
1112 1996 1196 2037 qua
1223 1981 1269 2023 in
1296 1982 1563 2024 occidentem
1590 1983 1795 2039 tenditur,

77 2051 270 2108 longior:
302 2053 441 2106 potuit
475 2066 567 2107 erqo
603 2066 729 2106 usque
764 2054 822 2095 acl
862 2053 1118 2095 Laurentum
1154 2055 1193 2094 et
1227 2053 1285 2094 ael
1319 2053 1516 2095 Hostiam
1555 2055 1674 2097 tendi.

77 2135 212 2166 muns
239 2134 387 2166 svpnn
412 2135 564 2174 vsovn
592 2134 786 2167 smAnos
818 2138 953 2179 usque
986 2124 1040 2167 ad
1071 2124 1178 2166 fines
1204 2123 1388 2180 Sicanos,
1421 2139 1528 2180 quos
1556 2122 1689 2168 Siculi
1717 2126 1792 2168 ali-
1819 2135 1864 2166 25

175 2280 217 2311 13
243 2275 357 2323 Livii]
386 2276 402 2310 I
430 2279 447 2310 1
468 2276 480 2321 ΙΙ
501 2264 696 2323 Sisennae]
723 2276 857 2322 fragm.
884 2280 905 2311 2
932 2288 992 2321 ap.
1019 2276 1098 2312 Pet.
1124 2288 1160 2321 p.
1181 2281 1250 2312 277
1269 2278 1282 2323 ΙΙ
1313 2281 1356 2313 14
1382 2276 1476 2313 Cato
1501 2277 1540 2313 in
1566 2278 1790 2326 originibus]

77 2324 92 2358 Ι
119 2327 140 2359 9
167 2323 283 2369 Iord.‚
310 2326 331 2358 8
357 2323 438 2359 Pet.
464 2336 500 2369 p.
528 2327 572 2359 53

177 2470 198 2502 2
224 2466 448 2502 bellavimus
475 2467 684 2503 Masvieius
720 2469 731 2514 ΙΙ
769 2471 791 2503 4
817 2468 866 2503 ad
891 2481 933 2503 nr
959 2479 1082 2503 PAv01s
1106 2479 1141 2504 A.
1167 2480 1200 2502 A.
1227 2481 1261 2502 D.
1287 2479 1317 2503 s.
1343 2478 1375 2504 v.
1402 2469 1468 2503 aut
1491 2467 1622 2514 paucis
1649 2468 1791 2505 docebo

80 2514 105 2551 i.
126 2525 156 2550 e.
182 2513 348 2549 breuiter
371 2516 437 2550 aut
460 2515 605 2560 paucis·
617 2514 793 2551 adhibete
817 2515 850 2550 Τ
866 2517 878 2560 ΙΙ
898 2526 1033 2550 ῡΕοΕΒο
1053 2519 1086 2551 et
1108 2516 1246 2551 decebo
1267 2515 1307 2550 F
1323 2517 1334 2562 ΙΙ
1356 2519 1375 2551 7
1402 2515 1542 2551 danare
1568 2516 1735 2562 disponit
1755 2517 1796 2552 F

80 2562 197 2597 donat
221 2562 259 2597 et
283 2561 450 2607 disponit
470 2562 507 2597 R
544 2562 706 2598 donatur
731 2564 770 2598 et
794 2562 961 2608 disponit
979 2563 1024 2598 H
1035 2565 1038 2569 '
1057 2563 1282 2599 donaturum
1309 2574 1347 2599 se
1374 2562 1543 2608 disponit
1568 2565 1619 2599 M
1653 2565 1791 2600 donare

80 2608 211 2644 debuit
229 2608 304 2644 AS
319 2610 331 2654 ΙΙ
351 2612 372 2644 8
396 2610 501 2645 iuxta
525 2610 692 2645 ufentem
717 2610 873 2646 fluuium
894 2610 948 2646 R:
974 2610 1079 2646 iuxta
1099 2609 1167 2659 llll]
1188 2623 1222 2646 v.
1250 2610 1402 2647 flentem
1428 2611 1583 2646 fluuium
1607 2612 1645 2646 A
1672 2613 1790 2657 (quin-

76 2668 144 2701 que
169 2656 244 2700 fere
263 2657 404 2692 litterae
423 2657 557 2693 deletae
574 2661 679 2701 sunt,
705 2659 827 2694 metra
850 2659 965 2702 fuisse
983 2658 1102 2693 visum
1120 2660 1184 2703 est)
1207 2658 1316 2693 iuxta
1342 2671 1386 2693 .v.
1413 2658 1566 2694 fiontem
1591 2659 1746 2695 fluuium
1763 2659 1793 2695 S

75 2704 99 2739 i.
128 2703 335 2738 ufer-entem
360 2703 387 2738 f.
414 2703 458 2739 H
491 2703 514 2739 i.
541 2703 727 2740 uflentem
750 2705 775 2741 f.
805 2706 852 2740 M
889 2704 912 2740 i.
939 2705 1104 2740 ufentem
1131 2706 1307 2742 fluentem
1332 2706 1373 2740 F
1388 2707 1400 2750 ΙΙ
1425 2705 1599 2741 danarius
1626 2707 1669 2741 G.
1709 2705 1791 2742 Cla-

76 2762 188 2786 ranus
214 2752 307 2786 coni.
338 2750 510 2786 Osannus
533 2752 645 2797 symb.
673 2753 740 2788 litt.
767 2752 802 2788 II
827 2757 906 2789 329.
944 2753 991 2796 cf.
1018 2753 1181 2789 Iahnius
1205 2765 1296 2789 mus.
1323 2754 1421 2789 rhen.
1447 2753 1499 2788 IX
1517 2765 1558 2798 p.
1587 2758 1673 2797 626,
1699 2754 1790 2789 Rib-

77 2799 221 2834 beckius
239 2799 336 2844 prol.
357 2809 398 2843 p.
421 2801 486 2833 181
508 2800 519 2845 ΙΙ
539 2803 559 2834 9
586 2798 726 2834 dictum
751 2811 796 2835 ex
821 2800 974 2835 ductum
1000 2798 1045 2834 H
1058 2801 1072 2846 ΙΙ
1090 2800 1153 2847 sit]
1183 2803 1238 2837 est
1258 2801 1299 2836 F
1313 2802 1325 2847 ΙΙ
1347 2805 1390 2836 10
1414 2800 1529 2846 atigit
1550 2802 1598 2836 M
1615 2802 1627 2847 ΙΙ
1645 2801 1702 2836 illi
1722 2801 1763 2836 F
1780 2802 1790 2848 Η

80 2849 122 2881 11
149 2845 319 2881 binetum
345 2846 418 2881 AS
436 2847 448 2893 ΙΙ
467 2847 529 2881 sed
557 2857 623 2881 om.
645 2846 685 2881 F
701 2848 712 2893 ΙΙ
733 2851 775 2882 13
803 2847 972 2883 cantonis
998 2846 1027 2882 S
1062 2849 1213 2884 catanos
1234 2849 1279 2883 H
1293 2850 1305 2895 ΙΙ
1323 2859 1410 2884 nam
1435 2849 1572 2895 paene]
1598 2859 1734 2894 nempe
1753 2849 1791 2883 R

76 2905 163 2929 nam
190 2905 261 2938 pae
287 2893 358 2939 ΗΙΙ
381 2896 423 2928 15
449 2893 629 2939 accipisse
655 2893 695 2928 F
711 2896 724 2939 ΙΙ
751 2899 792 2930 17
819 2907 914 2930 noce
940 2894 1039 2930 RF:
1065 2909 1104 2932 11.
1131 2894 1199 2933 Da.
1224 2908 1261 2930 11.
1290 2896 1339 2932 du
1364 2897 1400 2931 A
1441 2908 1489 2932 .11.
1516 2909 1593 2932 nco.
1619 2909 1657 2931 11.
1683 2909 1736 2931 nn
1762 2897 1792 2932 S

77 2955 117 2976 11.
144 2941 178 2976 d.
205 2953 256 2977 cc.
284 2941 328 2976 H
362 2953 440 2976 noc.
469 2941 517 2976 M
551 2941 626 2976 fida
655 2940 689 2975 G
718 2942 731 2986 ΙΙ
767 2942 817 2977 ad
840 2953 1014 2982 mnovvs
1039 2953 1066 2978 s.
1093 2954 1125 2979 v.
1154 2943 1328 2988 antiquus
1353 2945 1481 2989 potest
1505 2943 1643 2979 nobilis
1667 2944 1789 2989 accipi

78 2987 156 3023 siue
183 2988 377 3034 antiquum
403 2999 598 3024 romanum
617 2987 701 3023 uult
721 2987 843 3034 accipi
860 2989 896 3023 Τ
912 2990 924 3034 ΙΙ
943 3000 1031 3025 sane
1053 3018 1061 3026 .
1076 3018 1084 3026 .
1100 3019 1108 3026 .
1128 2990 1302 3036 intellegi
1321 2995 1406 3036 post
1427 2990 1602 3027 Tiberino
1621 2992 1702 3027 hab.
1722 2991 1762 3025 F
1778 2991 1790 3037 Η

80 3039 122 3071 18
148 3035 398 3080 relegionibus
424 3035 465 3071 F
492 3037 503 3082 ΙΙ
543 3039 585 3071 19
621 3036 796 3083 concilio]
829 3036 972 3072 novitio
1004 3036 1210 3074 Salmasius
1237 3039 1338 3073 Plin.
1365 3049 1476 3074 exerc.
1503 3050 1544 3083 p.
1571 3042 1641 3073 412
1674 3049 1788 3083 quon-

78 3082 164 3117 dam
189 3083 290 3118 bello
310 3083 522 3119 Huschkius
546 3085 558 3129 ΙΙ
587 3086 632 3118 20
658 3083 788 3119 cadem
809 3083 843 3119 G-
861 3084 873 3130 ΙΙ
893 3083 1094 3120 cerimonia
1113 3085 1153 3120 F
1169 3087 1180 3132 ΙΙ
1200 3085 1384 3132 conquiri]
1414 3085 1564 3130 coinqui
1583 3086 1790 3121 Salmasius

78 3130 103 3166 l.
122 3131 145 3166 l.
162 3141 200 3175 p.
215 3133 284 3166 412
311 3131 511 3176 (coinquiri
527 3143 565 3176 p.
588 3132 664 3177 61):
691 3131 752 3166 sea
777 3131 822 3174 cf.
844 3131 990 3167 Jordan
1013 3132 1097 3168 krit.
1117 3133 1234 3168 Beitr.
1248 3144 1289 3178 p.
1310 3135 1380 3168 284
1393 3144 1464 3179 sqq.
1485 3134 1497 3179 ΙΙ
1517 3136 1560 3167 21
1588 3133 1688 3167 locos
1718 3131 1753 3167 G
1777 3132 1789 3178 Η

77 3181 122 3212 23
149 3188 194 3224 ea
221 3204 229 3213 .
251 3205 259 3214 .
280 3205 288 3213 .
315 3178 407 3225 qua]
433 3180 473 3214 et
499 3180 626 3224 aperte
652 3177 743 3223 quia
767 3177 835 3224 Fss
854 3189 929 3223 qua
955 3179 1020 3215 Mz
1047 3191 1142 3225 quae
1168 3180 1242 3215 AS
1279 3180 1368 3225 quia
1392 3180 1508 3225 RHu
1536 3184 1582 3215 24
1606 3191 1633 3215 s.
1659 3190 1691 3215 v.
1718 3183 1787 3215 317

78 3224 142 3269 qui
166 3224 391 3261 tendebatur
415 3237 532 3270 usque
559 3226 607 3261 ad
632 3225 844 3261 laurentum
869 3226 908 3261 et
932 3226 1096 3263 hostiam
1125 3227 1172 3262 ab
1198 3238 1243 3263 ea
1267 3228 1375 3272 parte
1402 3239 1476 3272 qua
1500 3227 1726 3272 uergebatur
1749 3227 1789 3262 in

79 3283 252 3308 occasum
280 3272 314 3308 T
339 3273 351 3319 ΙΙ
383 3277 428 3308 25
453 3272 494 3308 id
518 3275 577 3309 est
600 3284 718 3318 usque
743 3273 792 3308 ad
816 3272 866 3309 ad
890 3273 981 3309 fines
1007 3274 1152 3310 sicanos
1177 3274 1345 3320 loquitur
1370 3286 1463 3320 quos
1489 3274 1530 3309 F

1429 3334 1503 3368 34*
