2124 3600
270 1040 313 1072 10

266 1398 309 1430 15

262 1756 308 1788 20

346 280 404 323 90
640 279 647 286 ’
1120 285 1281 322 snssvn

343 390 553 447 instituit,
589 392 753 448 primus
791 394 924 437 etiam
962 395 1244 450 deprehendit
1282 395 1570 451 harmoniam,
1611 395 1655 437 id
1693 398 1760 438 est
1798 396 2053 439 circulorum

344 461 658 506 mundanorum
691 479 864 521 sonum,
897 481 1004 522 quos
1035 482 1190 509 novem
1223 482 1315 510 esse
1347 467 1559 510 novimus.
1614 482 1636 510 e
1669 467 1823 523 quibus
1850 482 2054 523 summus,

343 548 470 589 quem
503 537 711 579 anastron
742 536 907 589 dicunt,
946 553 1052 581 sono
1086 542 1220 593 caret,
1261 539 1367 581 item
1407 538 1603 593 ultimus,
1642 539 1715 595 qui
1747 541 1943 581 terrenus
1975 541 2052 581 est.

342 605 499 661 reliqui
531 609 696 663 septem
731 612 849 665 sunt,
882 625 1064 665 quorum
1098 625 1249 653 sonum
1282 610 1564 665 deprehendit
1595 609 1811 665 Orpheus,
1846 609 1957 652 unde
1988 610 2063 652 uti·

341 680 508 732 septem
544 679 724 734 fingitur
762 680 946 724 chordis.
1009 681 1231 738 ‘longam'
1271 685 1414 724 autem
1454 680 1660 741 ‘vestemf
1702 683 1777 724 aut
1815 681 2052 723 citharoedi

341 749 538 792 habitum
573 750 693 806 dicit,
732 755 806 794 aut
838 752 1016 809 longam
1057 753 1256 796 barbam:
1297 768 1397 796 nam
1430 769 1452 795 e
1484 752 1700 796 contrario
1731 752 1933 795 inberbes
1966 751 2051 795 ‘in-

340 820 504 863 vestes'
535 837 750 866 vocamus.
810 823 1042 867 ‘sacerdos'
1075 828 1238 880 autem,
1272 826 1371 881 quia
1404 828 1446 867 et
1477 825 1707 880 theologus
1738 823 1823 866 fuit
1853 825 1896 866 et
1928 824 2051 880 orgia

339 892 504 948 primus
545 894 749 937 instituit.
810 895 900 951 ipse
942 896 1073 938 etiam
1114 897 1311 939 homines
1350 911 1371 939 e
1409 896 1511 939 feris
1550 899 1594 938 et
1631 896 1749 938 duris
1788 895 2051 951 composuit:

339 964 451 1006 unde
483 965 641 1008 dicitur
673 967 849 1009 arbores
882 969 925 1009 et
957 981 1060 1010 saxa
1092 967 1301 1022 movisse,
1333 970 1382 1010 ut
1413 967 1600 1009 diximus
1633 981 1774 1021 supra.
2047 1009 2061 1020 ,

458 1037 556 1079 646.
608 1049 912 1089 OBLonrrvn
962 1050 1168 1081 NVMERIS
1219 1038 1395 1080 dicendo
1445 1037 1742 1093 ‘obloquitur'
1793 1037 2049 1083 chordarum

338 1107 549 1163 expressit
581 1108 770 1163 laudem,
803 1124 907 1165 quas
941 1109 1045 1152 dicit
1078 1110 1219 1152 verbis
1252 1110 1438 1152 locutas:
1472 1108 1691 1166 ‘obloqui'
1725 1109 1838 1152 enim
1863 1124 1951 1152 non
1983 1113 2050 1152 est

336 1178 420 1221 nisi
452 1181 601 1221 contra
634 1180 883 1236 loquentem
915 1181 1044 1237 loqui.
1135 1192 1341 1224 NVMERIS
1367 1180 1600 1236 rhythmis,
1634 1181 1768 1232 sonis,
1799 1184 1848 1223 ut
1878 1196 2047 1223 nume-

336 1265 418 1292 ros
469 1251 694 1307 memini,
744 1252 786 1294 si
837 1252 992 1295 verba
1041 1255 1281 1295 tenerem.
1404 1263 1585 1294 SEPTEM
1630 1263 1897 1295 DISCRIMINA
1947 1253 2047 1307 quia

336 1336 486 1364 omnes
519 1322 703 1365 chordae
736 1323 1005 1367 dissimiliter
1037 1327 1204 1367 sonant.

455 1394 554 1437 647.
603 1406 688 1437 IAM
719 1409 844 1438 nunc.
898 1395 998 1438 ‘hie’
1032 1399 1177 1438 autem
1210 1395 1395 1452 ‘pecten'
1428 1395 1684 1450 declinatur,
1717 1398 1765 1437 ut
1796 1394 1926 1438 ε11011’.

455 1466 552 1509 648.
602 1478 683 1509 HIC
720 1478 871 1509 GENVS
911 1478 1154 1523 ANTIQVNVM
1193 1467 1306 1523 quod
1350 1482 1438 1510 non
1477 1481 1625 1509 omnes
1663 1467 1780 1509 viros
1823 1466 1958 1508 fortes
2000 1466 2044 1508 in

333 1536 489 1591 Elysio
528 1537 644 1579 visos
683 1552 776 1580 esse
817 1541 1145 1593 commemorat,
1188 1539 1295 1581 haec
1339 1539 1452 1581 ratio
1497 1541 1580 1594 est,
1625 1538 1725 1593 quia
1763 1538 1836 1580 isti
1874 1527 2064 1580 divinos·

334 1611 585 1650 meruerunt
614 1608 819 1652 honores:
857 1611 970 1666 quod
1003 1610 1147 1666 Tydeo
1179 1610 1247 1653 vel
1279 1610 1366 1665 his,
1403 1625 1508 1665 quos
1542 1624 1671 1664 supra
1703 1608 1848 1664 <479>
1881 1623 2043 1652 memo-

335 1679 466 1735 ravit,
509 1695 598 1722 non
640 1681 837 1737 contigit.
899 1696 1000 1723 nam
1038 1681 1135 1724 ideo
1176 1680 1445 1736 ‘antiquum'
1486 1680 1669 1736 addidit,
1713 1681 1835 1737 quasi
1873 1682 1917 1722 et
1953 1680 2042 1722 illis

333 1749 473 1806 Elysii
499 1752 800 1808 contingerent
819 1752 973 1807 campi,
1000 1752 1035 1794 si
1057 1751 1118 1794 eis
1139 1766 1349 1795 annorum
1368 1766 1457 1794 non
1478 1751 1686 1807 derogata
1706 1753 1820 1793 esset
1838 1753 2043 1794 vetustas.

452 1823 550 1865 649.
602 1835 715 1865 NATI
741 1835 1026 1867 MELIORIBVS
1052 1835 1190 1866 ANNIS
1225 1824 1474 1878 plerumque
1507 1823 1621 1865 enim
1652 1823 1878 1865 hominum
1905 1823 2040 1866 virtus

332 1893 604 1936 decoloratur
633 1895 844 1950 temporis
875 1894 1148 1938 infelicitate:
1187 1893 1336 1937 Cicero
1369 1897 1423 1937 ut
1461 1894 1555 1936 illa
1592 1894 1706 1936 laus
1738 1896 2037 1950 temporum,

331 1980 432 2008 non
465 1965 726 2008 hominum
758 1959 1202 2009 fuisse'videatur.

401 2040 451 2095 fif
471 2040 625 2104 1111111Ὓο1,
651 2089 659 2097 .
682 2089 688 2096 .
711 2087 718 2094 .
745 2059 920 2107 movisse]
953 2072 1066 2096 exscr.
1093 2060 1280 2105 mythogr.
1307 2059 1340 2094 II
1365 2064 1410 2095 44
1435 2061 1448 2105 ΙΙ
1480 2064 1522 2095 12
1549 2059 1738 2106 numeros]
1771 2059 1852 2095 buc.
1879 2058 1931 2093 IX
1957 2062 2002 2095 45
2027 2059 2039 2105 Η

333 2110 376 2142 15
402 2107 464 2142 hic
491 2134 498 2141 .
521 2135 527 2142 .
550 2134 557 2141 .
585 2107 812 2154 declinatur]
846 2108 892 2143 cf.
918 2107 1028 2144 Prob.
1055 2107 1139 2142 inst.
1168 2110 1235 2144 art.
1263 2119 1298 2153 p.
1328 2111 1406 2152 125,
1435 2111 1477 2143 17
1505 2107 1547 2143 Κ.
1578 2108 1588 2153 ΙΙ
1626 2110 1670 2142 22
1697 2107 1842 2153 Cicero]
1868 2106 1908 2142 in
1934 2106 2037 2142 Verr.

330 2156 401 2190 act.
428 2154 462 2189 ΙΙ
486 2153 550 2190 lib.
578 2156 594 2190 1
619 2159 676 2201 21,
703 2159 747 2191 56

430 2242 447 2273 1
474 2238 635 2283 primum
661 2238 775 2274 etiam
803 2239 853 2273 M
868 2239 881 2284 ss
899 2239 1093 2274 armonian
1112 2239 1147 2273 A
1185 2238 1391 2273 armoniam
1416 2237 1549 2282 reliqui
1566 2238 1578 2282 ΙΙ
1603 2240 1624 2271 2
1651 2236 1838 2281 11ον1111113]
1864 2237 2036 2273 110111111113

331 2286 372 2320 F
386 2287 399 2331 ΙΙ
425 2297 445 2320 e
470 2297 537 2321 om.
568 2285 599 2321 Ο
613 2287 626 2331 ΙΙ
658 2290 678 2320 3
704 2287 878 2321 anostran
905 2285 946 2320 F
960 2287 972 2331 ss
997 2285 1141 2331 dicunt]
1168 2285 1206 2320 id
1233 2287 1290 2320 est
1314 2284 1391 2320 31110
1417 2284 1527 2320 astris
1552 2285 1636 2320 add.
1664 2284 1703 2318 J)
1721 2285 1733 2329 ΙΙ
1764 2288 1785 2319 4
1811 2283 1868 2319 uti
1894 2285 2036 2330 septem

332 2333 396 2368 M:
429 2334 471 2368 ut
494 2333 534 2367 in
558 2333 629 2368 VII
667 2333 789 2367 ASH
828 2333 867 2367 in
892 2332 1051 2378 septimo
1078 2332 1114 2368 R
1159 2332 1213 2368 ait
1237 2333 1379 2377 septem
1407 2332 1447 2366 F
1488 2332 1631 2376 septem
1659 2330 1690 2367 G
1713 2332 1726 2376 ΙΙ
1763 2335 1783 2366 5
1810 2331 2037 2367 citharoedis

329 2380 404 2416 AS
429 2381 535 2426 (corr.
562 2381 600 2425 a)
638 2378 863 2415 citharaedis
889 2380 934 2414 H
953 2382 965 2425 ΙΙ
997 2384 1018 2415 6
1045 2381 1083 2415 et
1109 2379 1293 2415 contrario
1319 2379 1359 2414 F
1384 2381 1395 2425 ΙΙ
1427 2383 1448 2414 8
1473 2378 1546 2424 ipsi
1571 2379 1607 2414 R
1632 2380 1644 2423 ΙΙ
1674 2379 1805 2425 etiam]
1833 2378 1933 2414 enim
1959 2379 2004 2414 H
2024 2380 2034 2425 Η

330 2439 366 2485 0]
395 2439 440 2475 (10
463 2438 512 2474 Η
544 2450 589 2474 ex
614 2450 638 2474 a
655 2439 668 2483 ΙΙ
695 2437 813 2485 duris]
842 2437 952 2474 mites
978 2440 1062 2474 add.
1090 2439 1291 2474 Fabricius
1309 2439 1322 2484 ΙΙ
1353 2443 1373 2473 9
1400 2439 1443 2473 ut
1467 2438 1556 2473 deus
1584 2440 1669 2473 sunt
1694 2438 1740 2472 H
1761 2440 1817 2480 (ut
1842 2430 1876 2475 d.
1903 2430 1929 2474 Ξ
1955 2438 1980 2474 i.
2006 2450 2033 2474 e.

332 2486 389 2522 ‘ut
407 2487 570 2522 diaeimus
588 2485 717 2531 supra’
746 2497 821 2521 non
846 2490 937 2522 recte
962 2487 1222 2531 interpretatus
1247 2490 1298 2522 est
1323 2487 1524 2531 librarius).
1546 2487 1557 2532 ΙΙ
1577 2485 1703 2532 supra]
1729 2485 1905 2522 Horatius
1931 2486 1979 2531 (a.
1994 2497 2032 2530 p.

329 2534 413 2578 391)
447 2533 660 2569 ‘siluestres
691 2533 861 2569 homines
893 2545 997 2569 sacer
1033 2534 1290 2579 interpresque
1325 2534 1478 2569 deorum
1517 2533 1691 2568 caedibus
1723 2536 1762 2569 et
1791 2534 1894 2579 uictu
1924 2533 2034 2569 foedo

330 2581 512 2616 deterruit
535 2581 713 2626 orpheus,
740 2581 861 2616 dictus
888 2582 935 2617 ob
962 2582 1032 2617 hoe
1058 2581 1174 2617 lenire
1200 2581 1315 2627 tigres
1342 2581 1566 2626 rapidosque
1593 2582 1670 2626 (sic)
1697 2581 1822 2616 leones
1848 2581 1932 2616 add.
1958 2581 1998 2616 D
2022 2580 2034 2627 ΙΙ

1487 2636 1504 2655 θ

330 2667 372 2698 11
400 2662 575 2709 exprimit
599 2663 635 2698 R
654 2664 666 2708 ΙΙ
692 2663 800 2709 quas]
827 2664 935 2708 quasi
960 2664 1000 2698 F
1022 2665 1034 2710 ΙΙ
1058 2663 1174 2699 uerba
1200 2663 1235 2699 R
1271 2663 1374 2699 urbis
1400 2663 1440 2698 F
1474 2663 1575 2698 urbis
1602 2664 1632 2699 G
1653 2664 1666 2708 ΙΙ
1696 2664 1841 2699 locutus
1867 2663 1896 2699 S
1931 2663 2032 2699 locu-

328 2712 434 2758 tQus
456 2710 487 2746 G
502 2712 514 2757 ΙΙ
532 2722 607 2746 11011
631 2715 663 2746 et
688 2710 759 2746 nisi
785 2722 849 2746 om.
867 2710 898 2746 G
912 2713 924 2756 ΙΙ
946 2715 988 2746 12
1015 2711 1133 2757 loqui]
1161 2722 1235 2746 non
1261 2714 1386 2747 autem
1414 2711 1528 2746 ‘male
1548 2711 1686 2746 dicere’
1714 2712 1758 2746 ut
1775 2711 1869 2746 alias
1895 2711 1978 2746 add.
1994 2711 2032 2745 D

329 2760 338 2803 il
363 2758 523 2804 rythmis
551 2759 601 2793 M
604 2769 638 2793 s:
664 2755 806 2803 rythmi
823 2758 897 2794 AS
931 2758 1106 2793 rhithmis
1132 2758 1169 2793 R
1206 2758 1366 2794 rithimis
1385 2759 1430 2793 H
1461 2759 1656 2803 rhythmus
1676 2758 1716 2793 F
1749 2758 1946 2803 rhythinus
1975 2756 2007 2793 (J
2029 2757 2033 2806 Ι

328 2818 412 2842 30113
437 2805 482 2840 H
507 2806 520 2850 ΙΙ
551 2810 595 2841 13
622 2804 728 2852 quia]
757 2817 801 2841 ex
826 2805 870 2840 H
890 2806 903 2850 11
935 2810 979 2841 14
1004 2806 1123 2841 01111113
1149 2805 1225 2841 FO
1247 2808 1258 2852 ΙΙ
1291 2810 1334 2841 15
1360 2818 1423 2841 IAM
1454 2819 1597 2841 mcum-2
1623 2806 1659 2841 R
1705 2817 1802 2841 nunc
1832 2806 1996 2841 omittens
2030 2807 2031 2850 l

327 2853 388 2889 hic
414 2853 590 2888 ASRF:
617 2853 688 2888 hoc
714 2852 878 2888 HMGa
907 2854 920 2898 ΙΙ
956 2854 1089 2898 pecten
1117 2864 1182 2889 om.
1211 2854 1247 2889 R
1278 2855 1290 2899 ΙΙ
1326 2856 1368 2889 ut
1392 2853 1467 2889 lien
1492 2853 1672 2888 ASRH:
1706 2854 1747 2888 ut
1772 2864 1921 2889 carmen
1948 2853 2034 2889 OM

327 2911 477 2936 carmen
503 2900 550 2935 F.
588 2901 659 2935 hoc
685 2902 810 2936 autem
837 2903 971 2946 pecten
996 2900 1206 2936 declinatur
1230 2903 1274 2936 ut
1297 2900 1373 2936 lien
1399 2911 1548 2936 carmen
1573 2902 1679 2946 vulyo
1697 2901 1709 2946 n
1742 2904 1785 2935 16
1812 2900 1930 2935 01111113
1956 2898 2035 2935 FO

327 2949 340 2996 ΙΙ
367 2952 410 2984 17
437 2949 494 2983 est
518 2958 585 2984 om.
601 2947 632 2983 Ο
647 2949 660 2993 ΙΙ
681 2952 723 2984 18
749 2949 961 2983 meruerant
984 2948 1033 2982 M
1049 2949 1061 2992 ΙΙ
1080 2948 1237 2983 honores
1263 2949 1478 2984 meruerunt
1496 2948 1573 2983 FO
1589 2949 1600 2994 ΙΙ
1619 2959 1692 2992 quo
1712 2947 1752 2982 F
1767 2947 1779 2992 ΙΙ
1797 2947 1873 2993 vel]
1901 2950 1940 2982 et
1963 2947 2000 2982 R
2018 2946 2030 2993 Η

327 3019 637 3055 commemorauit
661 3018 738 3054 FC
753 3020 765 3063 11
787 3023 829 3054 19
857 3018 1010 3063 antiquo
1030 3018 1066 3053 R
1084 3019 1096 3063 fl
1121 3022 1166 3053 20
1193 3019 1306 3054 elisus
1333 3019 1374 3053 F
1388 3020 1401 3063 ΙΙ
1420 2998 1673 3063 contingerent
1691 3018 1727 3052 A
1762 3018 1818 3062 (nt
1842 3017 1927 3052 add.
1950 3018 2028 3053 ead.

326 3068 439 3110 man.)
477 3065 712 3111 configerent
739 3066 769 3101 O
802 3078 875 3102 non
901 3065 1157 3110 contingerent
1182 3067 1288 3111 vulyo
1319 3067 1330 3110 ΙΙ
1361 3065 1501 3110 campis
1527 3065 1567 3100 F
1590 3067 1603 3110 ΙΙ
1635 3065 1665 3100 31
1691 3065 1743 3099 013
1767 3064 1962 3110 annorum]
1997 3064 2028 3099 31

327 3114 375 3150 ab
400 3124 443 3150 eo
469 3124 669 3149 sannorum
689 3114 734 3148 H
747 3115 759 3159 ΙΙ
778 3125 853 3149 non
872 3126 937 3150 om.
956 3113 985 3149 S
1001 3114 1012 3158 ΙΙ
1032 3113 1212 3156 derogata
1237 3114 1335 3147 esset
1353 3113 1501 3156 scripsi:
1528 3113 1745 3156 derogasset
1762 3110 1836 3146 AS
1842 3111 1878 3146 R
1887 3111 1930 3145 H
1935 3112 1984 3146 M
1990 3111 2032 3146 F

326 3162 523 3206 derogaret
549 3160 580 3195 0
607 3162 618 3206 ΙΙ
655 3162 821 3196 uetestas
847 3161 887 3195 F
914 3162 926 3206 ΙΙ
962 3165 1005 3196 21
1033 3159 1225 3196 hominum
1250 3159 1366 3194 uirtus
1394 3160 1448 3194 H:
1476 3170 1550 3193 non
1574 3158 1767 3193 hominum
1793 3158 1912 3192 uirtus
1938 3159 2034 3194 AM

327 3212 414 3251 (non
441 3209 507 3243 del.
534 3209 571 3253 a)
606 3220 680 3244 non
710 3208 903 3244 hominum
929 3208 1043 3244 fuisse
1069 3207 1240 3243 uideatur
1264 3206 1382 3242 uirtus
1408 3206 1437 3242 S
1472 3206 1663 3241 hominum
1691 3217 1756 3240 om.
1783 3205 1819 3240 R
1828 3205 1907 3241 FO
1931 3207 1944 3251 ΙΙ
1981 3210 2026 3241 23

325 3256 490 3291 omnium
515 3255 561 3291 H
