2092 3614
233 992 276 1023 10

235 1350 278 1381 15

236 1708 282 1740 20

239 2065 284 2096 25

296 228 383 271 552
1070 223 1232 260 SERVII

342 325 350 331 ⁶
415 339 513 380 628.
564 348 692 379 VADO
730 347 947 378 LABENTE
987 335 1222 390 hypallage
1263 349 1341 389 pro
1384 333 1552 377 ‘labens
1595 334 1687 389 ipse
1729 349 1806 389 per
1845 333 2005 377 vadum

297 409 395 452 litus
424 407 618 462 reliquit?

417 481 516 523 633.
567 496 739 523 Gfflnws
768 496 1002 522 MOMENTVM
1034 478 1242 532 aliquanti
1278 475 1553 520 ‘morientum'
1587 477 1815 532 yenetivnm
1845 491 2007 532 eorrup-

299 556 385 594 tnm
417 565 495 605 pro
527 551 682 605 inteyro
713 550 941 604 accipiunt:
976 550 1082 603 facit
1110 550 1220 591 enim
1252 548 1559 591 ‘moriemimi
1679 560 1739 590 ΕΤ
1773 560 2007 592 SANGVINE

300 636 348 666 IN
381 634 503 666 ALTO
537 621 789 678 ἐμφατικῶς
820 621 962 664 caedis
995 620 1236 663 ostenditur
1267 619 1533 676 magnitudo.

419 695 519 737 634.
566 698 756 742 Αιωᾼρνιὲ]
785 709 1033 740 CORPORAQVE
1060 706 1198 735 versus
1228 689 1569 742 πολυσύνδετος.
1630 695 1668 734 et
1697 692 1791 735 bene
1821 692 1914 734 belli
1941 693 2007 745 fa-

299 768 399 809 ciem
418 766 711 809 demonstravit
727 765 859 807 multa
872 764 1153 806 ‘enumerando
1173 778 1276 818 quae
1294 764 1340 805 in
1359 764 1442 806 alto
1461 764 1662 818 sanquine
1680 764 1789 807 velut
1805 766 2009 806 natarent.
2056 798 2059 800 .

420 838 518 880 636.
569 853 726 885 <wanno
756 852 818 878 Jes
826 852 877 879 VM
906 852 1114 878 HORREBAT
1140 852 1264 877 Aoum
1291 834 1556 888 parenthesis.
1604 839 1641 878 et
1670 836 1884 889 quaeritur
1913 835 2014 889 quid

300 911 355 952 sit
385 907 616 951 ‘horrebat'.

422 980 520 1022 637.
568 992 760 1023 HASTAM
779 991 997 1023 INTORSIT
1018 990 1143 1030 EQVO
1164 979 1366 1035 figurate:
1393 993 1493 1021 nam
1514 978 1755 1034 ‘intorqueo
1775 979 1818 1022 in
1840 977 2011 1035 equum’

303 1053 504 1108 dicimus,
546 1055 597 1094 ut
627 1051 697 1105 <11
729 1051 814 1105 51>
858 1051 909 1092 in
949 1050 1088 1092 latus
1126 1050 1279 1104 inque
1316 1049 1421 1091 feri
1454 1065 1658 1093 curvam
1690 1050 2012 1106 conpagibus

303 1125 472 1167 alvum
513 1123 787 1166 contorsit.
910 1133 995 1165 svn
1027 1133 1151 1164 AVRE
1184 1132 1410 1172 RELIerr
1451 1137 1501 1163 ex
1539 1122 1729 1164 vulneris
1761 1136 1917 1179 genere
1949 1121 2014 1164 fu-

304 1197 497 1254 gientem
528 1210 625 1237 eum
656 1194 953 1250 intellegimus
985 1208 1079 1236 esse
1111 1208 1372 1249 percussum.

424 1268 523 1310 640.
573 1278 813 1310 vonvrrvn
844 1277 955 1307 ann
987 1276 1216 1308 Excvssvs
1242 1277 1362 1307 va
1389 1264 1524 1307 ‘humi
1550 1265 1773 1308 volvitur':
1805 1280 1906 1307 nam
1933 1263 2015 1306 ‘ex-

305 1338 470 1383 eussus'
503 1353 580 1394 per
612 1353 657 1380 se
688 1338 864 1393 plenum
895 1340 971 1379 est.

425 1411 524 1454 642.
573 1421 735 1452 DElcl'r
766 1420 1038 1451 HERMINIVM
1077 1423 1237 1450 nomen
1274 1408 1356 1451 hoe
1394 1408 1445 1450 de
1483 1408 1668 1451 historia
1699 1408 1896 1452 Romana
1934 1410 2018 1451 est:

305 1497 489 1538 namque
528 1496 625 1524 cum
656 1480 822 1525 Coclite
858 1482 1011 1523 eontra
1041 1479 1203 1521 Tuscos
1235 1479 1412 1522 Larcius
1447 1483 1490 1522 et
1521 1479 1770 1538 Herminius
1804 1482 2019 1523 steterunt

306 1558 342 1597 et
366 1556 657 1609 pugnaverunt
685 1566 728 1595 eo
759 1555 968 1608 tempore,
1001 1566 1085 1607 quo
1117 1565 1227 1606 pons
1260 1550 1468 1593 sublicius
1501 1551 1800 1607 rumpebatur3
1832 1552 1944 1595 unde
1975 1554 2019 1595 et

308 1641 404 1668 eum
436 1624 672 1680 plurimum
703 1623 864 1679 laudat,
898 1638 946 1665 ae
979 1623 1015 1665 si
1047 1623 1224 1665 diceret:
1256 1622 1357 1664 talis
1389 1622 1454 1664 hic
1486 1626 1553 1674 est,
1586 1623 1726 1677 qualis
1758 1623 1834 1666 ille
1865 1623 1960 1666 fuit.

428 1697 527 1740 644.
576 1707 759 1738 TANTVS
784 1707 833 1738 IN
858 1706 989 1737 ARMA
1013 1706 1161 1737 PATET
1194 1695 1240 1736 id
1268 1697 1327 1737 est
1355 1696 1526 1737 tantum
1558 1694 1737 1749 patebat
1761 1694 1807 1736 in
1832 1695 2022 1751 vulnera,

307 1770 351 1811 id
384 1771 451 1812 est
482 1769 528 1810 in
559 1767 737 1810 hostilia
769 1767 858 1810 tela
889 1770 1008 1809 totus
1042 1766 1231 1822 patebat.
1278 1766 1356 1808 aliz·
1390 1765 1451 1808 ‘in
1475 1764 1612 1808 arma'
1630 1780 1711 1820 pro
1739 1765 1900 1809 ‘armis'
1926 1767 2022 1821 †vel

308 1842 412 1885 satis
450 1840 630 1883 tradunt.
752 1851 844 1881 PER
875 1850 1030 1882 ARMOS
1071 1837 1267 1880 abusive:
1304 1852 1407 1880 nam
1438 1836 1612 1893 proprie
1644 1838 1752 1880 armi
1785 1838 2020 1895 quadrupe-

310 1914 411 1956 dum
444 1913 557 1955 sunt.
1220 1900 1223 1901 ⁷
1500 1957 1510 1967 ,

430 1985 529 2028 648.
578 1994 797 2026 EXVLTAT
836 1993 1026 2025 AMAZON
1065 1981 1409 2036 suspendendum
1447 1979 1665 2036 ‘exultat’,
1710 1983 1759 2022 ut
1797 1979 2021 2024 ‘Amazon’

311 2057 541 2112 intellegas
574 2055 698 2111 quasi
730 2054 943 2108 Amazon3
980 2067 1081 2095 nam
1114 2051 1299 2094 Camilla
1331 2051 1491 2094 Volsca
1522 2052 1681 2094 fuerat:
1714 2052 1775 2095 sie
1806 2051 1852 2094 in
1882 2052 2022 2107 primo

312 2127 458 2184 <319>
486 2127 801 2181 dederatque
834 2140 1025 2167 comam
1060 2124 1358 2166 diffundere
1385 2123 1573 2179 ventis,
1606 2123 1858 2179 venatrix,
1889 2123 1933 2166 id
1959 2126 2025 2166 est

313 2199 436 2256 quasi
467 2198 677 2241 venatrix.

410 2381 453 2412 16
479 2386 617 2411 nomen
641 2375 712 2410 hoc
738 2385 769 2410 e.
791 2386 826 2420 q.
846 2374 891 2421 s.]
921 2373 965 2409 ef.
992 2373 1071 2408 Liv.
1097 2373 1131 2408 II
1154 2377 1208 2417 10,
1229 2373 1281 2420 611
1306 2376 1351 2408 22
1377 2383 1464 2407 nam
1490 2400 1497 2407 .
1521 2399 1528 2407 .
1550 2399 1558 2407 .
1586 2371 1687 2418 sunt]
1717 2383 1829 2407 exscr.
1856 2369 1942 2408 Isid.
1970 2383 2020 2409 or.

314 2425 366 2460 XI
394 2429 424 2468 1,
451 2428 507 2459 62.
546 2423 592 2459 ef.
618 2422 724 2458 Luet.
750 2422 850 2457 Plac.
877 2421 926 2457 ad
953 2420 1047 2457 Stat.
1072 2419 1187 2455 Theb.
1216 2421 1283 2455 VII
1309 2424 1377 2455 633

410 2593 430 2624 2
458 2589 509 2625 ad
532 2601 707 2628 marrow
732 2600 765 2623 v.
786 2601 819 2623 v.
847 2589 892 2632 (v.
914 2587 998 2631 632)
1025 2585 1102 2622 siue
1129 2586 1237 2632 eligit
1262 2586 1328 2620 aut
1352 2585 1499 2621 accedit
1523 2584 1571 2620 ad
1596 2584 1717 2620 uirum
1742 2586 1800 2620 uir
1828 2586 1862 2620 T
1878 2588 1890 2632 ΙΙ
1908 2590 1929 2622 3
1956 2600 2022 2622 mo-

314 2649 487 2674 mmmuvu
511 2636 552 2671 F
567 2637 580 2682 ΙΙ
597 2634 716 2680 aliqui
743 2635 982 2671 Gommelinns
1000 2636 1012 2678 u
1031 2637 1054 2669 4
1078 2633 1223 2669 faciunt
1248 2632 1298 2677 F,
1324 2644 1415 2669 corr.
1432 2633 1569 2668 Daniel
1586 2634 1598 2677 ΙΙ
1618 2637 1639 2668 6
1664 2632 1930 2678 polysimdetos
1949 2634 1989 2670 F
2011 2634 2024 2682 Η

316 2686 366 2721 ad
396 2696 428 2721 v.
455 2688 524 2720 633
557 2683 751 2730 (sanguine
781 2682 903 2728 largo)
934 2683 976 2716 in
1001 2693 1114 2727 mam.
1141 2681 1179 2716 in
1212 2682 1289 2719 alto
1320 2680 1358 2715 id
1391 2682 1447 2716 est
1477 2680 1517 2715 in
1547 2679 1733 2725 profundo
1765 2682 1803 2716 et
1832 2681 1927 2717 bene
1954 2709 1991 2717 ..
2013 2710 2021 2718 .

315 2733 490 2768 natarent
517 2731 551 2766 T
582 2733 595 2776 u
632 2735 652 2767 8
679 2732 728 2767 ad
753 2742 894 2771 vano
920 2742 943 2765 1.
969 2740 996 2764 s.
1023 2741 1055 2764 v.
1081 2728 1331 2774 parenthesis,
1364 2729 1413 2764 ad
1437 2740 1621 2763 nomnen·
1643 2739 1672 2764 s,
1697 2739 1729 2763 v.
1755 2729 1921 2773 pauebat
1949 2729 1983 2764 T
2012 2729 2022 2775 ΙΙ

319 2784 362 2820 12
390 2779 586 2826 contorsit]
614 2778 796 2814 contussit
815 2777 859 2812 H
885 2776 1036 2812 intorsit
1055 2777 1102 2811 F.
1135 2788 1230 2822 equo
1257 2787 1346 2821 ergo
1372 2787 1439 2821 pro
1464 2776 1503 2810 in
1523 2786 1658 2820 equum
1678 2776 1763 2812 add.
1780 2776 1851 2822 Du
1872 2780 1914 2810 13
1940 2787 2021 2821 per-

317 2826 482 2873 cussum]
508 2838 684 2872 prensum
704 2826 750 2870 ῌ
781 2836 997 2870 peruersum
1018 2824 1059 2858 F
1074 2825 1086 2870 ΙΙ
1108 2829 1149 2860 16
1176 2836 1350 2859 summm
1370 2824 1415 2858 H
1447 2835 1655 2859 annuemus
1675 2823 1714 2857 F
1729 2824 1741 2869 ΙΙ
1760 2824 1823 2859 est·
1841 2834 1908 2858 om.
1922 2823 1995 2859 AS
2010 2823 2022 2869 ΙΙ

319 2879 362 2910 17
390 2886 473 2910 oum
499 2885 564 2913 om.
581 2873 621 2908 F
636 2875 649 2920 ΙΙ
668 2873 803 2908 larcius
823 2872 935 2907 HM:
962 2871 1102 2916 largius
1122 2872 1193 2906 AS
1228 2871 1361 2906 lartius
1379 2871 1416 2905 R
1453 2869 1564 2905 latius
1584 2869 1652 2916 ΕΙ]
1673 2870 1883 2905 hermenias
1902 2870 2027 2906 ΑΒΗ

317 2920 505 2957 armenius
532 2921 572 2955 F
598 2921 612 2966 ΙΙ
644 2925 687 2956 18
714 2920 877 2956 subicius
903 2919 975 2954 AS
983 2919 1027 2954 H
1060 2918 1219 2954 sublicis]
1246 2918 1288 2953 F
1313 2919 1326 2964 ΙΙ
1356 2922 1402 2953 20
1428 2918 1584 2952 uulnera
1608 2917 1659 2952 M
1682 2918 1788 2962 (idem
1812 2919 1904 2954 coni.
1930 2918 2022 2955 Rib-

318 2969 492 3013 beckius):
518 2968 671 3003 uulnere
696 2968 829 3013 reliqui
845 2968 858 3013 ΙΙ
877 2970 921 3002 21
948 2966 986 3000 in
1012 2966 1142 3002 hostili
1166 2967 1287 3002 tutela
1304 2965 1379 3001 AS
1404 2967 1509 3010 (corr.
1525 2965 1563 3010 a)
1599 2964 1638 2999 in
1657 2963 1831 3000 hostiliut
1849 2965 1927 3001 tela
1945 2966 1991 3003 Η
1995 2966 2023 3013 ,Η

318 3018 367 3052 ad
386 3028 419 3052 v.
441 3019 510 3051 644
536 3016 690 3060 quidam
715 3015 754 3050 in
780 3026 885 3055 arma
909 3025 976 3060 pro
1001 3013 1041 3048 in
1066 3014 1177 3048 armis
1203 3012 1395 3058 accipiunt
1412 3023 1434 3049 *
1452 3023 1519 3057 pro
1546 3012 1637 3047 satis
1659 3011 1693 3046 T
1713 3011 1766 3057 (in
1792 3023 1896 3047 arma
1920 3014 2022 3050 lectio

317 3075 393 3100 non
417 3067 468 3099 est
491 3064 583 3098 satis
609 3066 725 3106 certa,
750 3066 835 3098 ante
859 3073 927 3108 pro
954 3061 1045 3097 satis
1071 3065 1148 3097 octo
1173 3062 1247 3105 fere
1273 3062 1413 3096 litterae
1431 3060 1670 3103 evanuerunt)
1690 3060 1701 3105 ΙΙ
1721 3059 1781 3094 vel
1807 3059 1922 3096 scutis
1941 3061 2020 3096 Da—

318 3113 402 3148 niel.
439 3111 594 3156 fortasse
626 3111 664 3146 et
698 3110 855 3145 ‘tantus'
882 3120 950 3154 pro
978 3108 1098 3143 ‘satis’
1135 3110 1189 3144 vel
1214 3110 1253 3144 et
1280 3107 1436 3144 ‘tantus’
1470 3117 1538 3152 pro
1572 3106 1691 3142 ‘talis’
1730 3107 1743 3151 ΙΙ
1778 3111 1823 3142 22
1854 3108 2004 3153 proprie

318 3158 460 3204 primos
485 3158 526 3194 F
540 3158 553 3204 ΙΙ
573 3157 844 3203 quadripedum
870 3156 911 3192 F
925 3157 938 3203 ΙΙ
957 3160 1001 3191 25
1026 3156 1291 3202 intellegamus
1316 3155 1367 3190 M
1379 3157 1391 3201 ΙΙ
1410 3164 1539 3190 amazo
1565 3153 1687 3190 ΑΒΗ
1701 3155 1713 3200 ΙΙ
1731 3153 1861 3190 uulsea
1884 3155 1980 3191 ΒΜ

319 3207 431 3242 uulca
455 3206 501 3241 H
514 3207 527 3254 ΙΙ
544 3205 616 3241 fuit
640 3205 712 3241 AS
730 3207 742 3250 ΙΙ
761 3205 815 3241 sie
840 3204 879 3240 iu
904 3203 1041 3250 primo]
1068 3203 1165 3239 sicut
1188 3203 1227 3238 in
1252 3202 1437 3249 principio
1463 3201 1608 3237 dixerat
1631 3201 1698 3246 Ru
1725 3205 1770 3237 26
1796 3201 1912 3238 uestis
1937 3202 1978 3238 F
