2092 3614
494 277 645 314 COMM.
672 278 723 313 IN
750 277 892 314 VERG.
920 275 1031 312 AEN.
1059 277 1146 312 VllI
1173 280 1373 313 sss—641.
1688 274 1774 316 289

65 387 177 431 nalis
203 387 293 442 <IX
313 387 399 443 53>
433 402 643 430 munera
673 387 912 429 femineis
944 387 1141 428 tractat
1173 387 1375 427 secreta
1405 384 1656 428 kalendis.
1698 399 1777 427 nec

66 460 180 502 enim
226 460 351 502 aliter
388 460 587 516 congruit
619 459 802 502 Martias
840 458 1046 501 kalendas
1085 471 1178 499 esse
1215 457 1494 512 feminarum,
1538 457 1623 499 nisi
1664 457 1778 513 quia,

67 534 112 573 ut
143 531 348 586 diximus,
380 531 566 573 feminae
596 530 713 572 bella
745 529 960 572 sedarunt.
1018 543 1121 571 sane
1155 527 1375 570 sciendum
1407 542 1554 570 omnes
1586 529 1778 584 virgines

63 605 212 658 raptas
240 605 416 658 excepta
443 601 653 657 Hersilia,
685 616 813 657 quam
840 601 1056 643 sublatam
1082 616 1108 643 a
1133 600 1293 642 marito
1327 599 1410 641 sibi
1436 598 1648 641 Romulus
1675 599 1779 642 feeit

65 689 254 731 uxorein.
310 677 385 716 aut
414 672 603 716 ‘severis'
634 673 880 727 disciplina:
912 675 988 714 aut
1015 685 1102 714 rem
1132 670 1205 713 hoc
1234 670 1350 712 verbo
1380 671 1630 712 reconditam
1661 671 1778 724 dixit,
1804 678 1824 708 5

67 747 173 800 quia,
199 745 351 788 Sabini
381 759 409 786 a
433 744 770 787 Lacedaemoniis
801 744 1000 798 oriqinem
1031 744 1203 794 ducunt,
1234 746 1282 784 ut
1304 742 1502 796 quinus
1533 742 1595 783 ait
1624 743 1671 784 de
1702 742 1780 783 ori-

61 817 158 871 qine
187 817 353 859 urbium
383 815 651 870 Italicarum,
682 829 710 856 a
740 814 849 857 Sabo
855 849 866 870 ,
897 815 970 868 qui
1000 815 1048 857 de
1078 814 1245 857 Perside
1270 813 1614 855 Lacedaemonios
1646 815 1780 855 trans-

66 888 153 930 iens
177 888 234 930 ad
256 886 432 929 Italiam
456 887 566 928 venit
594 888 632 928 et
655 886 836 940 empulsis
860 885 1013 929 Siculis
1038 886 1169 928 tenuit
1194 885 1281 927 loca
1311 897 1415 938 quae
1440 882 1589 926 Sabini
1613 883 1781 926 liabent:

66 973 168 1001 nam
198 962 236 1001 et
257 961 422 1012 partem
453 957 680 1000 Persarum
710 957 875 999 nomine
905 956 1101 1011 Caspiros
1131 956 1340 1011 amellare
1369 955 1557 1009 coepisse,
1593 955 1666 1008 qui
1687 957 1785 1008 post

66 1033 252 1084 corrupte
283 1028 498 1083 Casperuli
527 1029 626 1071 dicti
656 1031 764 1071 sunt.
820 1026 922 1070 Cato
953 1031 1089 1070 autem
1121 1030 1160 1069 et
1190 1026 1350 1070 Gellius
1381 1041 1409 1068 a
1439 1026 1548 1069 Sabo
1578 1026 1782 1068 Lacedae·
1812 1034 1854 1065 10

67 1102 204 1144 monio
242 1101 401 1143 trahere
431 1114 495 1143 eos
526 1100 727 1154 oriqinem
757 1099 950 1153 referunt.
1005 1113 1134 1153 porro
1165 1099 1510 1142 Lacedaemonios
1541 1098 1785 1140 durissimos

64 1173 194 1226 fuisse
223 1172 357 1215 omnis
389 1173 501 1215 lectio
533 1173 652 1214 docet.
715 1170 969 1214 Sabinorum
1000 1171 1125 1213 etiam
1156 1184 1288 1213 mores
1310 1170 1515 1224 populum
1544 1169 1785 1212 Romanum

67 1247 248 1286 secutum
284 1244 392 1286 idem
425 1246 524 1286 Cato
561 1243 681 1285 dicit:
722 1243 866 1285 merito
896 1256 989 1297 erqo
1021 1241 1223 1296 ‘severis',
1262 1243 1334 1296 qui
1364 1244 1402 1283 et
1431 1255 1458 1284 a
1488 1241 1607 1284 duris
1629 1255 1784 1295 paren-

70 1315 175 1358 tibus
212 1315 294 1357 orti
329 1318 444 1369 sunt,
481 1318 519 1356 et
553 1327 727 1368 quorum
764 1314 1029 1368 disciplinam
1065 1314 1233 1356 victores
1262 1312 1448 1355 Romani
1478 1314 1525 1355 in
1555 1312 1698 1355 multis
1727 1326 1784 1355 se-

68 1387 152 1429 cuti
180 1390 288 1429 sunt.
1814 1390 1857 1422 15

190 1458 287 1500 639.
336 1468 502 1501 POSITO
530 1467 799 1499 CERTAMINE
826 1456 972 1511 finito,
1003 1458 1050 1498 ut
1078 1455 1269 1511 (1374)
1299 1458 1417 1498 ante
1449 1455 1580 1498 diem
1611 1456 1786 1498 clauso

71 1532 344 1586 componet
374 1528 573 1584 Vesper
606 1527 833 1584 Olympo.
885 1563 890 1567 .
929 1564 931 1567 .

190 1601 289 1643 640.
339 1611 462 1643 IOVIS
494 1611 621 1642 ANTE
654 1596 786 1642 ARAM
816 1601 916 1642 ante
949 1600 1161 1655 templum
1192 1599 1308 1642 Iovis
1342 1598 1548 1654 Statoris,
1582 1597 1697 1655 quod
1727 1597 1787 1640 fe-

70 1675 188 1715 cerat
219 1672 449 1727 Romulus,
487 1673 721 1727 postquam
761 1685 888 1714 orans
929 1671 1056 1714 elatis
1096 1671 1227 1714 armis
1259 1671 1418 1714 meruit
1449 1686 1503 1714 ne
1537 1686 1638 1713 suus
1671 1684 1786 1713 exer-

75 1739 186 1786 eitus
218 1743 400 1799 fugeret.
1815 1747 1860 1779 2ο

191 1815 289 1857 641.
310 1825 319 1840 ’
339 1825 613 1856 IVNGEBANT
651 1826 872 1857 FOEDERA
908 1825 1062 1857 PORGA
1102 1814 1296 1870 foedera,
1340 1817 1390 1857 ut
1435 1815 1621 1857 diximus
1661 1828 1791 1869 supra

75 1886 125 1942 <I
146 1885 245 1941 62>‚
276 1884 393 1927 dieta
425 1887 527 1927 sunt
560 1900 585 1927 a
615 1899 748 1939 porca
778 1885 902 1928 foede
929 1889 973 1928 et
998 1886 1229 1928 crudeliter
1256 1886 1416 1941 occisa3
1447 1900 1548 1928 nam
1579 1899 1672 1928 cum
1697 1887 1792 1928 ante

68 1958 222 2013 qladiis
258 1957 541 2011 consuleretur,
578 1969 606 1998 a
633 1956 844 2009 fetialibus
880 1957 1091 1999 inventum
1121 1960 1169 1999 ut
1197 1958 1309 2000 silice
1347 1957 1544 2011 feriretur
1574 1971 1622 1999 ea
1652 1969 1791 2010 causa,

73 2030 182 2083 quod
222 2028 387 2083 antiqui
429 2027 544 2070 Iovis
585 2028 749 2082 siqnum
795 2028 972 2083 lapidem
1013 2028 1168 2070 silicem
1203 2032 1457 2083 putaverunt
1498 2042 1591 2071 esse.
1654 2027 1791 2070 Cicero

71 2101 237 2154 foedera
266 2113 294 2142 a
323 2100 403 2154 fide
425 2101 554 2153 putat
582 2099 704 2142 dicta.
765 2100 835 2142 sed
863 2098 986 2141 huius
1016 2113 1168 2153 porcae
1206 2114 1322 2142 mors
1360 2100 1595 2154 optabatur
1627 2099 1682 2154 ei,
1718 2097 1791 2154 qui
1817 2103 1861 2135 25

76 2187 101 2214 a
126 2186 232 2227 pace
263 2171 492 2213 resilisset.
543 2170 653 2212 falso
687 2173 830 2213 autem
865 2171 927 2213 ait
952 2169 1133 2226 tporea':
1164 2186 1266 2213 nam
1300 2170 1355 2213 ad
1384 2171 1467 2214 hoe
1499 2185 1634 2227 genus
1667 2169 1793 2212 saeri-

76 2243 164 2286 ficii
195 2256 352 2298 porcus
386 2241 685 2285 adhibebatur.
743 2255 845 2297 ergo
878 2244 954 2285 aut
986 2242 1215 2297 usurpavit
1247 2256 1383 2298 genus
1415 2257 1493 2297 pro
1528 2255 1704 2298 genere,
1744 2242 1794 2282 ut

76 2314 247 2356 timidi
277 2314 492 2357 venient
523 2312 584 2355 ad
615 2313 801 2368 poeula
833 2313 1083 2368 dammae,
1118 2328 1215 2356 cum
1247 2313 1327 2356 has
1360 2313 1555 2357 dammas
1589 2313 1793 2366 dieamus,

180 2483 223 2514 10
250 2479 360 2526 Cato]
387 2490 437 2515 or.
465 2479 482 2513 I
502 2483 520 2514 7
548 2491 583 2525 p.
606 2483 626 2514 5
646 2478 758 2522 Iord.;
786 2482 828 2515 51
857 2491 892 2525 p.
915 2483 959 2515 66
978 2478 1055 2514 Pet.
1076 2480 1088 2522 ΙΙ
1114 2477 1272 2525 Gellius]
1300 2478 1431 2525 fragm.
1462 2483 1505 2515 10
1530 2491 1563 2525 p.
1588 2482 1656 2514 168
1675 2478 1753 2514 Pet.
1781 2478 1793 2525 ΙΙ

81 2530 126 2561 21
152 2525 306 2562 foedera
332 2554 339 2562 .
362 2555 369 2562 .
393 2556 400 2563 .
425 2526 622 2573 resilisset]
651 2538 764 2563 exscr.
791 2527 877 2563 Isid.
905 2537 956 2562 or.
982 2525 1105 2561 XVIII
1133 2530 1164 2572 1,
1187 2529 1227 2561 11
1249 2527 1262 2572 ΙΙ
1286 2529 1331 2561 28
1357 2526 1496 2574 timidi]
1515 2528 1606 2578 ¹buc.
1633 2526 1720 2562 VIII
1746 2530 1792 2562 28

179 2684 200 2715 3
227 2690 249 2715 a
273 2680 421 2716 feminis
446 2680 548 2716 bella
573 2681 700 2716 sedate
727 2681 811 2726 (sic)
837 2680 923 2714 sunt
948 2679 988 2714 F
1004 2679 1016 2724 ΙΙ
1044 2682 1066 2714 4
1092 2678 1242 2716 aersilia.
1266 2678 1301 2713 L
1321 2680 1333 2725 ΙΙ
1352 2690 1427 2724 qua
1450 2679 1487 2714 R
1506 2680 1518 2726 ss
1543 2683 1564 2715 5
1591 2680 1641 2715 ad
1664 2691 1695 2716 v.
1723 2684 1792 2716 638

83 2730 125 2764 in
149 2739 262 2773 marq.
298 2727 450 2772 quidam
483 2728 621 2763 seueris
653 2727 852 2774 disciplina
883 2727 1110 2771 intellegunt
1140 2737 1187 2761 au
1213 2727 1302 2779 (leqe
1327 2728 1404 2771 aut)
1438 2726 1540 2762 duris
1572 2727 1792 2772 parentibus

84 2776 212 2811 hortos
239 2776 278 2821 (i.
299 2786 326 2811 e.
347 2777 462 2830 ortes)
488 2775 529 2810 id
554 2777 611 2811 est
636 2787 659 2811 a
684 2774 1011 2811 lacedaemonibus
1037 2785 1129 2819 quos
1155 2772 1370 2809 durissimos
1394 2774 1507 2810 fuisse
1535 2775 1655 2810 omnis
1680 2775 1792 2811 lectio

86 2824 196 2859 docet
225 2822 258 2857 T
303 2822 435 2858 seuiris
462 2822 502 2858 F
517 2824 530 2870 ss
558 2827 578 2858 6
606 2822 887 2858 laiedaemoniis
914 2821 954 2856 F
969 2822 982 2867 ΙΙ
1001 2820 1133 2856 dicunt
1158 2821 1197 2856 F
1213 2822 1225 2868 ss
1245 2822 1290 2857 de
1318 2821 1460 2867 origine
1486 2822 1525 2857 in
1551 2822 1698 2858 orbium
1722 2823 1792 2858 ita-

84 2870 214 2906 laseim
297 2871 310 2917 ΙΙ
335 2874 354 2906 7
383 2870 480 2906 Sabo
508 2871 660 2906 Daniel:
688 2870 825 2906 sabone
852 2870 892 2904 F
907 2871 920 2916 ΙΙ
947 2872 991 2904 10
1017 2867 1210 2914 Casperuli
1234 2869 1389 2904 Daniel:
1416 2868 1588 2915 casperin
1615 2870 1656 2905 F
1671 2872 1683 2916 ss
1701 2869 1794 2906 uicti

86 2919 172 2953 sunt
197 2916 247 2962 F,
273 2928 363 2954 corr.
392 2918 530 2953 Daniel
547 2919 560 2963 ΙΙ
618 2917 711 2953 elius
737 2917 777 2953 F
799 2918 810 2964 ΙΙ
843 2928 865 2952 a
891 2917 988 2952 Sabo
1013 2916 1167 2952 Daniel·
1195 2927 1282 2951 asco
1308 2916 1348 2951 F
1375 2917 1387 2963 ΙΙ
1421 2920 1463 2952 12
1489 2928 1610 2953 mores
1637 2917 1793 2953 Daniel:

86 2964 245 3000 maiores
270 2965 310 2999 F
326 2966 338 3011 ΙΙ
366 2969 408 3000 13
435 2964 558 3000 siuiris
638 2966 651 3011 ss
678 2968 723 2999 14
746 2964 900 3000 uictoris
927 2964 967 2999 F
983 2964 995 3010 ΙΙ
1024 2967 1067 2999 16
1093 2963 1132 2998 id
1159 2965 1216 2998 est
1240 2963 1347 2999 finito
1374 2964 1415 2999 F
1429 2965 1442 3009 ΙΙ
1471 2968 1514 2999 19
1542 2964 1667 3011 elatis]
1695 2964 1794 3000 datis

89 3014 122 3046 A
147 3013 159 3058 ΙΙ
190 3013 348 3048 emeruit
375 3013 443 3048 Ml
466 3015 478 3058 ΙΙ
509 3024 554 3047 ne
581 3024 666 3047 suus
694 3012 856 3047 exertius
881 3012 1072 3065 fugeretur
1099 3010 1138 3045 F
1161 3011 1360 3056 (exercitus
1386 3011 1581 3056 fug-aletur
1605 3012 1756 3054 Daniel)
1784 3011 1795 3057 ΙΙ

0 3051 11 3122 ’ἔ
87 3063 132 3094 22
158 3060 258 3106 cum]
286 3071 371 3095 eum
397 3059 438 3095 F
453 3061 465 3106 ΙΙ
490 3065 534 3095 23
561 3060 824 3104 confuoeretur
849 3059 888 3094 F
903 3061 916 3105 Ι]
934 3058 1128 3094 inuentum
1157 3058 1195 3092 F
1210 3060 1223 3103 ΙΙ
1248 3057 1352 3093 sicile
1379 3057 1420 3093 F
1435 3059 1447 3104 ΙΙ
1472 3062 1518 3094 24
1544 3059 1689 3104 antiqui
1714 3069 1792 3103 eqo:

89 3105 204 3150 antiq:
232 3102 271 3141 F
306 3107 501 3152 antiquum
526 3108 664 3143 Daniel
682 3108 695 3153 11
722 3107 887 3152 lapidem
912 3106 1056 3143 silicem
1085 3106 1307 3141 Masvicius:
1332 3105 1470 3151 lapidis
1496 3105 1640 3142 silicem
1668 3106 1708 3141 F
1740 3106 1794 3140 la·
1842 3127 1847 3130 -

88 3152 187 3198 pidis
213 3152 357 3190 siliceni
383 3154 522 3190 Daniel
540 3156 552 3201 ΙΙ
571 3159 615 3190 25
642 3155 707 3190 sed
732 3154 840 3190 huius
865 3166 999 3200 porcae
1025 3153 1080 3188 F.
1107 3154 1210 3188 euius
1237 3153 1324 3188 libri
1349 3153 1523 3189 Serviani
1540 3155 1553 3199 ΙΙ
1572 3158 1615 3189 26
1643 3152 1794 3188 resillis—

90 3200 155 3235 sed
181 3199 220 3234 F
253 3200 459 3237 resiluisset
482 3202 736 3238 Bwrmannus.
774 3203 820 3246 cf.
847 3202 950 3237 Neue
975 3201 1160 3236 Formenl.
1188 3199 1239 3234 11²
1260 3211 1298 3245 p.
1326 3203 1394 3235 482
1412 3211 1486 3246 sqq.
1506 3202 1519 3246 ΙΙ
1543 3205 1586 3236 27
1614 3202 1680 3236 aut
1706 3210 1794 3244 ergo

90 3246 129 3281 I
146 3248 157 3293 ΙΙ
183 3250 227 3281 28
254 3247 410 3283 damnas
436 3249 508 3284 AS
533 3251 637 3294 (corr.
665 3251 701 3294 a)
721 3250 733 3295 11
759 3249 913 3285 damnas
939 3248 1016 3284 SF

163 3312 262 3338 Servii
281 3320 317 3338 eo
318 3320 386 3339 mm.
407 3314 431 3339 V
436 3314 473 3340 ol.
493 3315 534 3339 11.
555 3316 598 3339 Fa
617 3321 640 3339 e.
660 3314 684 3339 1.
1468 3310 1509 3339 19
