2092 3614
495 248 651 304 'eorm
678 267 731 302 IN
756 267 900 303 VERG.
928 266 1037 304 AEN.
1064 268 1151 303 VIII
1175 259 1374 305 364-37'3.
1695 269 1783 312 255

161 387 346 418 DIGNVM
369 388 510 418 FINGE
537 389 634 420 DEo
667 391 877 432 compone
908 379 951 419 te
981 380 1020 419 et
1046 377 1261 430 forma’in
1289 378 1618 420 similitudinem
1644 379 1781 421 numi-

70 447 157 490 nis:
197 449 306 502 quod
333 449 453 490 iuxta
482 452 633 490 sectam
663 449 848 502 cynicam
879 449 1018 502 hospes
1049 449 1244 491 Herculis
1274 451 1427 491 suadet.
1482 464 1583 492 sane
1612 451 1783 504 quidam

72 517 185 560 ‘deo'
213 533 290 572 pro
320 520 617 562 inmortalitate
647 521 801 562 dictum
831 521 983 562 volunt.

190 591 288 632 365.
338 602 437 633 NON
469 603 616 634 ASPER
647 606 735 632 non
767 594 1041 647 aspernator,
1073 591 1115 632 id
1148 593 1213 633 est
1244 591 1507 634 fastidiosus.

190 662 288 704 366.
338 674 541 705 ANGVSTI
560 674 738 705 SVPTER
760 673 981 704 FASTIGIA
1002 673 1143 704 TECTI
1162 674 1404 705 INGENTEM
1423 675 1614 706 AENEAN
1634 677 1780 707 DVXIT
1808 673 1828 704 5

70 747 121 774 ex
158 733 465 775 contrarietate
506 734 724 788 quaesitus
763 736 959 788 ornatus,
1002 733 1064 775 ait
1103 734 1214 775 enim
1255 733 1452 790 ‘angusti
1491 736 1594 777 tecti
1634 739 1781 790 supter

68 804 249 858 fastigia
279 805 497 860 ingentem
530 803 703 846 Aenean
739 804 894 846 duxit'.

188 876 286 918 368.
337 893 553 918 EFFVLTVM
591 878 696 918 sicut
736 891 866 930 supra
908 877 1061 918 dictum
1104 881 1179 932 est,
1222 879 1336 931 apud
1376 881 1523 920 veteres
1562 879 1780 930 dicebatur,

68 961 190 1001 super
219 948 328 1001 quod
355 948 634 1001 unusquisque
664 948 865 989 iacuisset.
960 959 1110 989 PELLE
1143 959 1403 990 LIBYSTIDIS
1436 960 1584 991 VRSAE
1616 951 1779 1004 speeies

67 1034 146 1074 pro
179 1033 352 1075 genere:
384 1033 487 1060 nam
520 1019 748 1061 cuiuslibet
779 1019 895 1060 ferae
927 1034 1159 1074 possumus
1192 1012 1405 1074 accipere.
1807 1030 1850 1060 10

186 1091 285 1133 370.
334 1101 602 1132 EXTERRITA
634 1101 793 1132 MATER
824 1090 920 1132 ideo
954 1091 1125 1145 territa⁷
1158 1091 1259 1146 quia
1291 1094 1439 1133 mater.

186 1163 283 1204 371.
336 1178 523 1204 TVMVLTV
550 1164 598 1202 ut
628 1160 834 1203 ‘Gallicus
865 1160 1097 1204 tumultus'.

186 1234 284 1276 373.
332 1251 458 1276 DICTIS
490 1249 666 1276 DJVJNVM
694 1249 888 1288 Anser-MT
915 1250 1081 1275 AMOREM
1107 1233 1154 1275 id
1177 1237 1235 1275 est
1258 1235 1378 1276 dictis
1402 1235 1490 1277 suis
1514 1236 1632 1277 addit
1660 1250 1779 1278 venu-

65 1309 228 1360 statem,
268 1309 316 1347 ut
344 1305 577 1346 amabiliter
607 1305 695 1346 eius
725 1305 926 1346 audiatur
956 1306 1099 1346 oratio.
1221 1316 1374 1347 meris
1407 1318 1609 1349 DIVINVM
1643 1319 1778 1350 msPI-

66 1387 157 1429 RAT
199 1387 394 1419 AMOREM
437 1376 629 1430 petitura
670 1389 748 1430 pro
790 1375 879 1416 filio
922 1374 972 1416 de
1015 1375 1227 1418 adulterio
1268 1380 1495 1431 procreato
1538 1379 1779 1421 orationem
1808 1386 1850 1417 15

66 1462 187 1489 suam
228 1447 395 1504 ingenti
437 1450 528 1489 arte
571 1446 815 1502 conposuit:
861 1447 976 1502 quod
1017 1447 1148 1488 etiam
1187 1446 1408 1490 Vulcanus
1450 1449 1542 1504 ipse
1583 1452 1779 1506 testatur,

66 1519 210 1562 dicens
238 1519 383 1574 <395>
418 1518 535 1574 ‘quid
568 1533 720 1560 causas
753 1517 866 1572 petis
894 1533 944 1559 ex
971 1517 1105 1560 alto?'
1138 1533 1225 1560 non
1258 1520 1372 1561 enim
1406 1524 1556 1575 aperta
1589 1525 1656 1563 est
1688 1522 1779 1563 eius

66 1591 239 1647 petitio,
284 1591 357 1633 sed
401 1591 532 1646 longo
577 1590 1088 1645 prooemio'perversam
1128 1605 1275 1633 amore
1314 1592 1461 1633 mariti
1500 1593 1780 1635 circumvenit

66 1664 265 1705 mentem.
310 1676 413 1718 ergo
446 1662 743 1717 quaestionem
775 1661 889 1703 hanc
921 1675 1031 1716 quae
1062 1663 1262 1704 nascitur
1290 1678 1341 1704 ex
1367 1663 1576 1718 petitione
1596 1664 1777 1707 Veneris

65 1734 288 1790 inpudica,
320 1734 528 1776 solvimus
555 1733 623 1774 his
650 1732 809 1775 modis:
839 1733 980 1787 primo
1008 1733 1122 1788 quod
1141 1732 1386 1776 Vulcanum
1420 1750 1566 1778 amore
1600 1736 1778 1778 circum·
1805 1743 1850 1787 20

63 1807 198 1861 venit,
239 1820 340 1848 nam
380 1809 417 1847 et
450 1807 545 1859 post
582 1805 820 1857 completam
861 1806 1086 1847 orationem
1122 1807 1264 1847 statim
1301 1820 1393 1848 eum
1431 1807 1707 1860 complectitur
1743 1812 1781 1850 et

64 1878 180 1919 molli
204 1877 398 1933 amplexu
426 1877 556 1929 fovet:
589 1875 739 1917 deinde
767 1876 880 1931 quod
905 1879 1036 1918 nacta
1061 1879 1128 1919 est
1153 1878 1425 1920 occasionem
1452 1879 1542 1920 eius
1569 1881 1777 1934 temporis

64 1963 149 2004 quo
181 1947 315 1991 Marti
347 1963 468 1990 arma
501 1947 710 2002 faciebat,
742 1962 868 2002 quem
900 1947 1033 1990 fuisse
1065 1948 1229 1990 sciebat
1261 1949 1522 1991 adulterum:
1554 1965 1632 2004 per
1664 1951 1778 2006 quod

64 2020 189 2063 datur
225 2020 423 2076 intellegi
463 2018 702 2061 Vulcanum
745 2019 833 2060 iam
878 2033 1048 2061 omnem
1096 2020 1381 2075 suspitionem
1421 2023 1464 2062 et
1500 2021 1609 2062 iram
1649 2037 1777 2077 quam

62 2091 218 2133 habuit
255 2091 367 2134 cirea
397 2090 632 2145 Venerem,
670 2090 938 2146 deposuisse,
977 2090 1085 2132 adeo
1123 2094 1172 2132 ut
1209 2106 1331 2133 arma
1363 2093 1494 2134 etiam
1528 2093 1612 2147 ipsi
1645 2093 1775 2135 fabri·
1803 2100 1849 2132 25

64 2165 183 2205 earet
209 2162 416 2205 adultero.
467 2165 690 2217 praeterea
714 2161 961 2204 Vulcanum
993 2161 1191 2204 uxorium
1224 2162 1357 2205 fuisse
1389 2166 1576 2206 testatur
1609 2168 1652 2206 et
1682 2164 1776 2219 ipse

62 2233 283 2290 Vergilius
328 2234 470 2276 dicens
516 2233 661 2288 <394>
706 2235 812 2274 tum
861 2235 1009 2322 pater
1056 2236 1267 2276 aeterno
1317 2234 1458 2276 fatur
1504 2235 1776 2282 devinctus

160 2392 178 2421 1
205 2387 403 2433 compone]
431 2398 535 2422 come
556 2386 585 2421 S
602 2387 614 2434 ΙΙ
634 2389 654 2421 2
681 2385 784 2421 iuxta
810 2385 853 2420 F
866 2387 879 2431 ΙΙ
898 2385 1030 2430 cynica
1054 2397 1163 2431 ospes
1189 2387 1237 2422 F.
1273 2391 1426 2423 ceterum
1452 2389 1494 2423 de
1514 2388 1673 2424 Hercule
1692 2389 1771 2424 An-

62 2435 226 2470 tisthenis
245 2435 379 2480 coqitut
396 2434 585 2479 interpres.
613 2434 658 2478 cf.
678 2433 847 2469 Brandis
866 2433 989 2469 G-esch.
1011 2435 1074 2470 der
1094 2435 1235 2470 Griech.
1240 2435 1380 2471 -.Roem
1401 2435 1498 2471 Phil.
1520 2436 1553 2470 II
1572 2448 1612 2482 p.
1635 2439 1678 2472 75
1692 2447 1741 2482 sq.
1762 2438 1773 2484 ΙΙ

63 2485 84 2516 5
110 2494 219 2518 ενΡΕΒ
243 2482 332 2517 LH
356 2483 369 2527 ss
401 2485 421 2516 6
448 2481 508 2528 ex]
536 2493 555 2517 e
581 2481 616 2516 L
653 2483 694 2516 at
718 2481 758 2515 F
783 2482 795 2527 ΙΙ
826 2482 978 2527 augusti
1002 2481 1090 2516 LH
1115 2483 1127 2528 ΙΙ
1158 2483 1302 2529 supter]
1329 2495 1439 2529 super
1466 2484 1554 2519 AH
1560 2485 1609 2519 M
1645 2484 1774 2519 subter

61 2530 194 2575 reliqui
228 2530 242 2575 ll
278 2533 299 2564 8
326 2530 376 2565 ad
406 2541 594 2566 nirvmvn
624 2530 666 2564 in
695 2540 809 2574 marq.
842 2529 944 2575 apud
975 2531 1121 2564 ueteres
1147 2530 1341 2565 dicebatur
1366 2531 1535 2566 effultum
1562 2543 1672 2577 super
1698 2543 1770 2579 quo

59 2577 316 2622 unusquisque
350 2575 527 2612 iacuisset
561 2577 594 2612 T
623 2578 635 2623 11
672 2576 768 2612 sicut
799 2589 910 2622 supra
941 2577 1083 2612 dietum
1118 2578 1192 2624 est]
1226 2578 1271 2621 cf.
1305 2580 1354 2614 ad
1389 2579 1466 2614 buc.
1500 2578 1551 2614 VI
1577 2583 1621 2614 53
1657 2580 1773 2624 ‘apud

62 2628 192 2659 veteres
222 2625 471 2670 unusquisque
495 2635 534 2660 eo
558 2635 668 2670 super
692 2625 788 2669 quod
812 2625 954 2660 iacebat
985 2625 1104 2668 fultus
1129 2626 1347 2661 dicebatur&
1398 2638 1442 2661 ex
1466 2627 1523 2662 liis
1548 2631 1703 2672 apparet
1728 2639 1771 2662 eo

60 2671 178 2707 fultus
202 2672 257 2707 vel
281 2682 325 2707 eo
351 2671 485 2707 fultum
512 2683 590 2707 esse
612 2675 695 2716 post
720 2671 894 2707 iacuisset
918 2673 1125 2707 addendum
1150 2683 1220 2708 esse
1251 2674 1263 2719 ΙΙ
1302 2678 1345 2708 10
1380 2685 1472 2719 quae
1490 2678 1577 2719 post
1602 2674 1771 2720 accipere

61 2730 79 2755 e
108 2718 314 2754 Turonensi
344 2719 459 2754 edidit
482 2719 622 2754 Daniel
658 2718 742 2754 ideo
781 2718 875 2754 dicit
910 2719 1098 2764 lybistidis
1136 2722 1178 2755 ut
1216 2732 1261 2755 ex
1295 2723 1417 2766 pretio
1453 2722 1593 2757 bestiae
1628 2722 1772 2766 aliquid

63 2765 207 2812 gratiae
245 2766 428 2812 potuisset
464 2766 556 2811 ipsis
595 2765 719 2802 stratis
757 2767 934 2802 accedere
971 2768 1117 2802 seclusi.-
1157 2772 1244 2803 sunt
1278 2770 1374 2804 enim
1410 2769 1549 2804 Tiberii
1583 2769 1726 2805 Donati
1762 2772 1771 2815 ξ)
1834 2794 1844 2796 -

65 2818 107 2849 12
132 2827 322 2850 'rvnvmvn
348 2813 388 2848 F
428 2826 591 2850 Tvnvnrv
615 2827 651 2849 m
678 2814 712 2848 G
753 2826 915 2849 'rvmvmv
940 2815 983 2848 ut
1008 2815 1250 2851 Burmannus
1286 2817 1314 2862 ΙΙ
1338 2821 1380 2851 13
1407 2816 1517 2852 dictis
1544 2845 1551 2852 .
1581 2846 1587 2853 .
1617 2846 1623 2852 .
1653 2816 1772 2852 oratio

62 2862 143 2897 hab.
174 2862 207 2897 Τ
221 2863 232 2908 ΙΙ
259 2865 303 2897 14
329 2861 449 2896 oratio
476 2872 563 2896 sane
589 2872 705 2896 uenus
730 2860 897 2906 petitura
923 2860 963 2895 F
978 2863 990 2908 ΙΙ
1022 2865 1064 2897 15
1090 2863 1251 2909 Amonnu]
1278 2866 1523 2899 amoterraem
1553 2865 1597 2899 H
1611 2866 1623 2911 ΙΙ
1653 2867 1772 2899 mater

61 2909 226 2954 petitura
251 2909 287 2944 L
306 2910 318 2956 ΙΙ
335 2909 642 2962 procreationem
658 2908 747 2943 LH
768 2909 978 2953 (procreato
1006 2910 1210 2945 orationem
1238 2911 1294 2956 lh)
1313 2912 1326 2956 ΙΙ
1356 2915 1399 2947 18
1425 2911 1568 2956 premio
1594 2912 1709 2958 longo
1735 2912 1771 2946 A

62 2957 229 3001 proemio
248 2957 367 3001 longo
393 2957 453 2992 Sa
471 2958 483 3003 ΙΙ
502 2955 668 3002 proemio
693 2955 831 2990 RLM
862 2956 1028 3001 praemio
1055 2958 1100 2992 H
1131 2959 1349 3006 prohoemio
1376 2959 1416 3004 F
1433 2960 1444 3004 ΙΙ
1463 2970 1675 3004 perversam
1704 2988 1710 2995 .
1734 2988 1739 2994 .
1762 2987 1769 2994 .

63 3005 241 3058 mentem]
275 3015 492 3049 peruersum
520 3015 682 3039 amorem
709 3004 789 3038 arte
815 3002 1062 3039 circumuenit
1086 3002 1320 3050 praesentem
1347 3005 1386 3040 F
1410 3006 1665 3051 (praesentem
1691 3018 1770 3042 cum

63 3051 1217 3146 sanguinitate⁶33120⁶p⁹3⁹g2z1ss3mffi²fiunffi&
1230 3053 1563 3146 Ρῆῗῖἓιῖἓῖἶήῗῖ
1583 3065 1770 3146 4ἒέἓξὲῗῑῖ

64 3145 164 3188 quod
189 3157 254 3181 om.
270 3146 310 3181 F
325 3147 338 3193 ΙΙ
356 3149 469 3182 nacta
494 3148 550 3183 est
574 3158 640 3182 om.
655 3146 692 3181 R
711 3148 722 3193 ΙΙ
740 3146 879 3181 nancta
899 3145 940 3180 F
973 3149 1062 3182 nata
1080 3147 1126 3181 H
1140 3148 1152 3193 n
1171 3151 1216 3181 25
1240 3147 1359 3194 arma]
1388 3148 1466 3182 eius
1493 3149 1575 3184 add.
1591 3149 1627 3182 L
1647 3148 1733 3192 (dels
1742 3148 1778 3192 l)

66 3191 100 3226 ei
120 3193 202 3228 add.
216 3193 262 3228 H
275 3195 288 3239 ΙΙ
306 3194 350 3228 26
370 3196 567 3240 propterea
588 3194 623 3228 L
641 3196 654 3240 ΙΙ
672 3195 859 3230 testantur
878 3194 928 3228 M
933 3193 974 3228 F
992 3196 1097 3239 (corr
1117 3195 1166 3239 m)
1198 3195 1381 3240 testamur
1398 3187 1445 3235 Η
1457 3195 1499 3241 ΙΙ“
1488 3207 1567 3267 1pse
1586 3206 1652 3230 om.
1668 3194 1740 3230 AS
1759 3194 1768 3241 ΙΙ

65 3243 108 3274 27
136 3239 329 3284 uergillius
353 3240 399 3275 Η
430 3241 607 3286 uergilius
633 3241 674 3277 F
694 3242 707 3288 ΙΙ
734 3243 824 3277 tune
848 3240 937 3275 LH
941 3242 990 3275 M
