2092 3614
274 667 295 699 0⁹1

253 1026 296 1058 10

252 1743 296 1774 ‘20

1943 45 1952 62 '-
1984 44 1989 48 “
2018 41 2068 62 ,⁸¹-

321 264 408 305 320
570 290 572 293 -
1095 262 1255 299 SERVH

319 373 411 428 ipse
441 373 573 428 paulo
604 375 704 428 post
734 372 848 415 dicit.
909 373 956 415 in
993 373 1165 415 seeundo
1198 371 1345 427 <616>
1381 372 1542 414 nimbo
1579 371 1836 426 effulyens.
1897 375 1934 414 et
1962 371 2028 413 hic

321 443 426 486 ‘lux'
445 445 625 499 proprie,
651 444 772 486 aliter
787 447 931 498 postea
952 443 1096 499 <728>
1117 444 1350 486 continuo
1374 457 1500 485 nova
1525 443 1610 485 lux
1636 443 1791 485 oculis
1815 442 2025 496 effulsit.

442 515 539 557 110.
588 532 686 558 mne
695 532 738 559 vs
768 516 922 571 lumen,
953 515 1062 569 quod
1090 515 1227 568 capita
1257 515 1424 557 deorum
1455 515 1594 557 ambit.

443 587 538 628 113.
588 599 649 629 NE
677 599 944 629 TREPIDATE
977 602 1055 643 pro
1089 585 1157 628 ‘ne
1182 585 1426 628 festinehis'.
1477 588 1519 628 et
1549 600 1626 641 per
1649 585 1732 628 hoe
1759 586 2027 642 significatur

321 658 416 700 ideo
443 658 497 700 ad
521 658 698 701 navium
724 658 1018 702 defensionem
1045 672 1241 714 egressos
1268 672 1355 701 non
1381 672 1474 700 esse
1495 657 1718 713 Troianos,
1744 657 1845 713 quia
1868 671 2027 700 numen

320 729 496 773 vetavit.

444 801 539 844 115.
589 819 700 850 QVAM
725 819 870 845 SAGRAS
897 819 1069 846 DABIPVR
1097 819 1215 845 PJNVS
1241 801 1387 855 fabula
1418 801 1515 843 talis
1545 803 1623 843 est:
1654 800 1786 856 Attis,
1808 813 1916 854 puer
1944 813 2028 854 spe-

320 874 468 929 ciosus,
518 887 611 916 cum
653 869 801 916 matris
843 887 1018 928 maynae
1053 876 1259 928 praeesset
1299 873 1451 928 saeris,
1500 887 1528 915 a
1569 886 1658 927 reqe
1706 872 1882 915 civitatis
1929 882 2038 914 suae·

320 946 541 988 adamatus
577 948 654 996 est,·
697 946 769 988 sed
802 959 894 988 cum
931 945 1174 1000 intelleqeret
1208 945 1293 987 vim
1328 944 1408 987 sibi
1444 958 1472 986 a
1501 958 1590 999 reqe
1626 944 1799 996 instare,
1839 943 1946 986 clam
1982 944 2028 985 in

320 1017 446 1059 silvas
474 1016 675 1071 profuqit.
738 1030 830 1059 cum
865 1031 957 1072 erqo
993 1018 1182 1060 inventus
1219 1017 1303 1059 vim
1339 1016 1419 1058 sibi
1454 1016 1605 1058 videret
1645 1015 1812 1071 inferri,
1855 1015 2029 1058 verenda

320 1089 567 1142 stupratoris
603 1088 792 1140 abscidit,
829 1090 901 1143 qui
937 1089 1115 1131 moriens
1144 1089 1313 1131 eandem
1343 1088 1478 1141 ipsam
1501 1090 1667 1141 partem
1698 1087 1877 1141 corporis
1900 1099 2030 1140 puero

321 1160 502 1203 abscidit.
551 1174 668 1214 quem
699 1162 981 1204 semianimem
1011 1161 1084 1204 sub
1107 1162 1218 1215 pinu
1250 1161 1438 1203 latentem
1469 1174 1561 1202 eum
1591 1160 1839 1202 invenissent
1868 1157 2029 1200 antisti-

322 1235 377 1275 tes
407 1232 557 1274 matris
592 1245 784 1287 maynae,
817 1232 1025 1286 perlatum
1063 1232 1125 1274 in=
1147 1231 1340 1286 templum
1372 1231 1467 1273 deae
1501 1230 1663 1284 frustra
1693 1230 1829 1272 conati
1859 1229 2030 1283 reficere,

321 1304 557 1357 defunctum
600 1304 854 1358 sepelierunt.
921 1304 1038 1347 cuius
1080 1306 1127 1346 ut
1167 1306 1366 1358 perpetua
1408 1305 1591 1344 maneret
1638 1301 1852 1356 memoria,
1900 1302 2031 1342 mater

321 1389 474 1430 magma
519 1376 714 1431 instituit,
756 1379 804 1418 ut
845 1376 1068 1430 quotannis
1110 1375 1157 1417 in
1196 1374 1326 1417 saeris
1365 1374 1454 1417 suis
1481 1374 1765 1428 planqeretur,
1801 1372 2031 1426 pinumque

321 1448 523 1503 arborem,
554 1448 628 1490 sub
658 1462 741 1502 qua
772 1448 974 1503 iacuerat,
1007 1447 1151 1490 tutelae
1176 1460 1275 1489 suae
1300 1446 1534 1500 adscripsit,
1566 1448 1604 1487 et
1632 1444 1763 1497 effecit
1791 1447 1838 1486 ut
1861 1443 2031 1486 cultores

321 1520 389 1562 sui
417 1520 557 1562 viriles
587 1519 667 1562 sibi
689 1523 834 1574 partes
863 1521 1144 1574 amputarent,
1175 1519 1247 1572 qui
1277 1517 1496 1571 archiqalli
1526 1516 1810 1571 appellantur.'

444 1591 540 1634 116.
562 1603 660 1633 ,ΙΤΕ
692 1603 819 1633 DEAE
851 1601 1021 1633 PELAGI
1053 1590 1129 1632 alii
1159 1589 1379 1644 hucusque
1411 1588 1566 1631 volunt
1597 1590 1780 1630 matrem
1812 1586 1939 1629 deum
1969 1586 2031 1628 lo-

323 1665 485 1705 cutam:
513 1676 639 1717 prope
663 1663 771 1706 enim
796 1663 955 1706 videtur
979 1662 1205 1705 absurdum
1229 1662 1365 1716 ipsam
1389 1660 1575 1703 indicare
1598 1673 1702 1714 quae
1725 1660 1796 1715 sit,
1827 1672 1919 1701 eum
1943 1658 2031 1700 iam

321 1727 514 1790 nymphis
543 1737 582 1776 et
610 1735 871 1777 audientibus
900 1735 1038 1788 utique
1067 1737 1106 1777 et
1133 1732 1360 1776 videntibus
1390 1732 1510 1775 dicat.
1565 1731 1638 1773 alii
1670 1731 1855 1786 iungunt
1888 1726 2030 1785 ‘gene-

322 1806 408 1848 trix
438 1804 597 1848 iubet':
642 1809 682 1849 et
702 1809 881 1860 putatur
911 1806 1073 1862 melius,
1110 1805 1212 1860 quia
1234 1807 1378 1859 postea
1408 1804 1471 1846 ait
1501 1802 1570 1858 <X
1601 1802 1718 1857 220>
1749 1815 1870 1856 quas
1899 1801 2031 1844 alma

323 1876 500 1932 Cybebe
535 1891 714 1921 numen
750 1878 924 1921 habere
959 1878 1118 1921 maris
1147 1875 1480 1931 nymphasque
1510 1889 1530 1917 e
1559 1873 1770 1917 navibus
1799 1885 1900 1916 esse
1928 1873 2028 1915 ius-

321 1953 463 1992 serat.
707 1941 716 1949 ’

443 2022 541 2064 121.
592 2038 723 2065 OBSTIP
731 2039 829 2065 VERE
863 2039 984 2065 ANIMI
1015 2037 1186 2064 ernzs
1226 2019 1300 2063 hoc
1338 2022 1398 2063 est
1434 2018 1686 2062 Rutulorum
1693 2031 1707 2069 ,·
1753 2016 1915 2059 dativus
1948 2028 2030 2070 pro

251 2101 296 2132 25
318 2093 510 2147 yenetivo.
632 2104 920 2136 OBSTIPVERE
947 2104 1123 2136 Rv'rvm
1154 2092 1392 2134 timuerunt
1422 2104 1513 2146 erqo
1543 2089 1711 2145 Rutuli,
1741 2087 1890 2130 timuit
1918 2085 2030 2129 Mes-

253 2457 298 2489 30

324 2179 472 2220 sapus,
504 2165 694 2207 numinis
726 2165 884 2208 marini
913 2164 1047 2220 filius,
1077 2165 1149 2218 qui
1175 2164 1315 2218 utique
1343 2163 1497 2217 fiducia
1520 2162 1659 2216 patris
1688 2163 1727 2203 et
1754 2161 1822 2203 sui
1850 2158 1959 2202 nihil
1982 2172 2032 2201 ex

323 2237 435 2278 mari
459 2237 599 2279 timere
623 2237 819 2291 debuerit,
850 2237 910 2279 vel
934 2239 1036 2278 certe
1062 2234 1308 2290 <V11692>
1340 2247 1475 2288 quem
1505 2246 1654 2287 neque
1682 2232 1765 2285 fas
1794 2231 1900 2286 iqni
1929 2229 2030 2272 cui-

322 2321 465 2361 quam
495 2322 579 2351 nec
608 2311 827 2351 sternere
854 2307 1012 2360 ferro;
1044 2306 1193 2348 timuit
1225 2305 1406 2348 Tiberis.
1462 2319 1537 2360 per
1568 2304 1648 2346 hos
1681 2305 1826 2345 autem
1858 2300 2030 2358 gradus,

324 2380 370 2421 id
392 2382 451 2422 est
474 2378 643 2435 Rutuli,
667 2379 906 2434 Messapus,
931 2379 1088 2430 amnis,
1113 2377 1251 2420 maior
1275 2376 1408 2418 Turni
1434 2375 1683 2430 designatur
1708 2373 1899 2417 audacia.
1941 2372 2031 2414 tale

325 2451 391 2492 esi:
423 2453 465 2492 et
496 2450 543 2492 in
575 2453 728 2506 quarto
762 2449 907 2505 (529)
941 2452 992 2491 at
1023 2463 1123 2491 non
1154 2448 1341 2490 infelix
1374 2447 1529 2489 animi
1559 2445 1857 2489 Phoenissa.

447 2521 542 2563 122.
592 2533 651 2563 ET
682 2533 823 2564 AMNIS
855 2531 1010 2563 RAVOA
1048 2531 1227 2563 SONANS
1264 2519 1367 2562 licet
1404 2518 1639 2574 antiquitas
1677 2516 1879 2560 habuerit
1915 2514 2030 2557 ‘hie'

325 2594 369 2634 eb
408 2591 536 2634 ‘haec
578 2592 757 2648 amnis',
801 2592 955 2634 melius
998 2595 1144 2634 tamen
1188 2593 1254 2633 est
1297 2590 1487 2645 accipere
1532 2588 1681 2631 ‘rauca
1726 2586 1906 2630 sonans'
1950 2601 2029 2641 pro

326 2662 507 2718 ‘rauee',
540 2678 669 2719 quam
702 2663 853 2707 ‘rauca
884 2662 1058 2706 amnis'.

417 2798 440 2828 4
465 2806 508 2829 NE
535 2805 730 2829 'rm-:mmm
755 2804 823 2839 pro
848 2804 894 2828 ne
920 2790 1120 2838 festinetis]
1146 2791 1192 2827 ef.
1218 2790 1312 2826 Non.
1338 2803 1374 2836 p.
1401 2794 1481 2835 408,
1508 2793 1529 2824 ὃ
1554 2788 1604 2825 Μ.

421 2917 439 2947 1
467 2911 666 2959 effulgens]
688 2939 695 2947 .
719 2942 726 2949 .
749 2940 757 2948 .
778 2939 786 2948 .
813 2912 942 2957 legens
963 2910 1004 2946 F
1027 2911 1199 2956 (quinque
1217 2911 1292 2955 fere
1310 2910 1516 2945 litterarum
1535 2908 1654 2953 spatio
1671 2906 1811 2951 relicto)
1836 2905 1944 2950 legen
1965 2904 1998 2940 G
2018 2904 2028 2951 Η

324 2965 344 2996 3
371 2961 463 3006 abyt
488 2959 542 3004 F,
575 2959 696 2995 ambit
720 2959 876 3002 Daniel,
901 2959 966 3004 qui
990 2958 1138 2994 addidit
1161 2959 1204 2993 ut
1229 2968 1338 3002 saepe
1365 2956 1458 2992 dixi:
1492 2956 1589 3001 quod
1613 2954 1732 2990 nescio
1757 2954 1853 2989 unde
1873 2953 2027 2998 petitum

323 3009 403 3053 situ
422 3012 443 3044 6
468 3007 590 3042 uetuit
613 3007 649 3042 R
658 3007 699 3042 F
713 3008 725 3052 ΙΙ
744 3011 765 3043 8
792 3018 814 3042 a
839 3018 926 3052 rege
951 3005 1106 3041 Daniel:
1133 3017 1156 3041 a
1181 3016 1269 3050 gere
1290 3004 1396 3051 F119
1423 3015 1447 3039 a
1471 3013 1558 3048 rege
1584 3030 1591 3037 .
1614 3031 1622 3038 .
1644 3030 1651 3038 .
1677 3001 1752 3037 vim
1779 3001 1850 3035 sibi
1875 3011 1941 3036 om.
1965 2999 2000 3034 G
2018 2999 2030 3045 ΙΙ

325 3055 439 3102 elam]
466 3054 648 3100 quasdam
672 3055 812 3090 Daniel
842 3056 854 3101 ΙΙ
886 3057 928 3088 11
955 3052 1038 3098 ipsa
1062 3052 1221 3098 paribem
1252 3052 1287 3086 G
1316 3053 1329 3096 ΙΙ
1362 3055 1404 3086 12
1431 3049 1672 3086 semanimem
1699 3048 1732 3082 G
1758 3049 1770 3094 ΙΙ
1800 3047 1953 3083 antistes
1980 3046 2028 3090 F,

324 3113 415 3139 corr.
436 3102 576 3138 Daniel
594 3102 605 3148 ΙΙ
633 3105 675 3136 15
702 3101 909 3146 quodannis
936 3101 975 3136 F
991 3101 1003 3147 ΙΙ
1034 3104 1075 3135 17
1104 3101 1341 3144 ampotarent
1365 3098 1406 3133 F
1421 3099 1434 3144 ΙΙ
1452 3097 1663 3143 apellantur
1688 3095 1721 3130 G
1740 3097 1752 3141 ΙΙ
1775 3099 1816 3130 19
1843 3106 1927 3130 eum
1952 3095 2028 3130 iam

324 3150 505 3196 nemphus
532 3147 581 3193 F,
606 3160 696 3185 corr.
717 3150 857 3185 Daniel
875 3150 887 3195 ΙΙ
906 3152 950 3183 21
978 3148 1066 3193 quia,
1089 3147 1246 3182 Daniel:
1272 3157 1343 3191 qne
1370 3145 1411 3180 F
1425 3147 1437 3191 ss
1456 3149 1501 3180 26
1526 3142 1657 3178 fidutia
1683 3143 1723 3177 F
1738 3144 1750 3189 ss
1769 3145 1807 3178 eb
1830 3143 1932 3178 haud
1955 3142 2029 3178 scio

325 3210 376 3233 an
400 3198 654 3234 secludendum
678 3197 726 3231 sit
745 3198 756 3243 ΙΙ
774 3196 870 3231 nihil
896 3198 934 3231 et,
958 3194 1052 3230 mari
1077 3194 1126 3238 F,
1151 3205 1241 3230 corr.
1268 3193 1407 3228 Daniel
1424 3195 1436 3237 ΙΙ
1455 3196 1498 3227 27
1526 3191 1598 3236 fas]
1626 3190 1702 3225 stas
1728 3190 1769 3225 F
1784 3191 1796 3235 ΙΙ
1815 3193 1860 3225 28
1885 3188 2029 3235 timuit]

326 3245 440 3281 etiam
466 3245 550 3281 add.
576 3244 715 3280 Daniel
742 3245 754 3290 ΙΙ
785 3247 830 3279 29
856 3241 1019 3288 Messapi
1046 3242 1185 3277 Daniel
1202 3243 1214 3286 ΙΙ
1239 3241 1359 3276 amius
1386 3239 1426 3274 F
1441 3241 1453 3286 ΙΙ
1477 3238 1569 3285 talis
1590 3237 1630 3273 F
