2092 3614
505 286 655 323 COMM.
680 287 734 323 IN
759 287 903 323 VERG.
930 286 1040 322 AEN.
1068 287 1153 322 VIII
1177 291 1376 322 184-201.
1698 288 1782 329 227

74 395 167 437 deos
202 395 426 438 novensiles
462 396 622 448 dicunt,
662 396 809 451 quibus
845 396 995 439 merita
1030 396 1195 438 virtutis
1226 396 1409 438 dederint
1436 397 1624 440 numinis
1654 398 1785 452 dioni-

77 469 211 509 tatem.
260 480 352 522 erqo
383 467 472 510 ideo
504 467 657 520 ‘vana',
688 469 789 522 quia
817 468 1050 523 superstitio
1080 468 1234 522 iynara
1263 468 1441 509 deorum.

198 537 293 580 189.
344 549 564 581 NOVAMVS
590 551 810 583 HONORES
836 540 1024 582 detraxit
1049 537 1150 590 (ω’,
1181 552 1282 581 nam
1308 536 1607 583 erenovamus’
1640 541 1788 583 debuit

75 607 232 650 dicere:
279 623 408 665 quam
446 610 706 666 particulam
745 611 850 653 alibi
883 611 1066 667 addidit,
1109 613 1159 652 ut
1191 608 1288 664 <III
1322 609 1436 663 717>
1469 610 1577 652 falza
1614 627 1787 654 renar—

72 680 224 722 rabat
256 680 440 723 divum.
496 682 620 725 aliter
649 684 695 725 in
725 687 872 737 quarto
905 683 1050 738 <260>
1084 685 1211 724 tecta
1240 685 1500 723 novantem
1531 683 1647 725 dixit.
1697 685 1786 737 qui-

71 751 170 792 dam
200 752 440 807 inlellequnt
460 755 633 807 proprie
662 768 746 797 esse
771 753 951 797 eno‘oare’
982 754 1219 808 replicando
1248 755 1382 794 vetera
1412 754 1625 807 quandam
1652 755 1788 807 facere

71 823 291 864 novitatem
321 837 371 866 ac
395 838 472 877 per
501 824 574 867 hoc
603 826 811 868 excludere
840 826 1053 868 vetustatis
1083 825 1300 866 iniuriam.
1325 827 1334 836 ‘

195 894 289 936 190.
339 905 608 938 SVSPENSAM
633 908 759 939 HANG
785 908 949 940 ASPmE
975 908 1134 939 RVPEM
1161 894 1299 938 Cacus
1327 897 1561 939 secundum
1592 898 1787 941 fabulam

74 963 259 1007 Vulcani
289 965 404 1007 filius
436 965 537 1022 fuit,
570 982 643 1010 ore
675 968 822 1024 ignem
855 984 905 1011 ac
936 968 1103 1010 fumum
1135 981 1330 1022 vomens,
1363 968 1436 1023 qui
1468 969 1612 1011 vicina
1642 970 1789 1012 omnia

72 1036 377 1090 populabatur.
433 1038 596 1080 veriizas
627 1041 775 1080 tamen
807 1040 1041 1082 secundum
1073 1038 1322 1094 philologos
1362 1041 1405 1081 et
1441 1039 1672 1083 historicos
1704 1041 1785 1083 hoc

70 1106 222 1163 habel,
253 1108 367 1150 hunc
399 1107 531 1151 fuisse
557 1109 753 1152 Euandri
778 1111 1092 1166 nequissimum
1119 1124 1290 1151 servum
1318 1124 1367 1151 ac
1392 1110 1544 1154 furem.
1587 1112 1786 1155 novimus

72 1180 216 1221 autem
248 1179 410 1223 malum
444 1195 469 1222 a
495 1179 671 1223 Graecis
695 1178 836 1224 κακόν
869 1181 973 1223 dici:
1006 1195 1135 1236 quem
1168 1181 1231 1221 ita
1262 1171 1339 1223 illo
1371 1183 1567 1236 tempore
1593 1182 1786 1226 Arcades

72 1251 365 1306 appellabanb.
426 1253 580 1307 poslzea
616 1253 830 1295 translato
871 1255 1050 1296 accentu
1082 1251 1220 1295 Cacus
1258 1252 1396 1295 dictus
1437 1256 1520 1308 est,
1557 1256 1606 1296 ut
1630 1250 1785 1313 Ἑλένη

71 1320 250 1364 Helena.
310 1323 457 1379 ignem
491 1326 636 1365 autem
669 1324 809 1367 dictus
842 1328 909 1368 est
941 1339 1131 1379 vomere,
1167 1324 1280 1380 quod
1315 1338 1442 1380 agros
1475 1325 1575 1381 igne
1607 1327 1786 1381 popula-

71 1393 212 1435 batur.
261 1393 376 1436 hunc
409 1408 533 1448 soror
558 1409 636 1448 sua
662 1396 852 1443 eiusdem
883 1396 1072 1439 nominis
1104 1395 1315 1452 prodidit:
1348 1396 1458 1439 unde
1491 1397 1623 1439 etiam
1656 1399 1786 1440 sacel-

69 1464 160 1506 lum
198 1465 373 1521 meruit,
414 1466 459 1507 in
496 1481 579 1522 quo
618 1467 658 1508 ei
694 1482 771 1522 per
810 1468 999 1524 virgines
1032 1467 1193 1509 Vestae
1234 1468 1569 1511 sacrificabatur.
1691 1481 1787 1512 SVS-

73 1546 258 1578 PENSAM
288 1549 449 1580 RVPEM
483 1538 606 1593 quasi
638 1539 724 1581 iam
756 1539 929 1596 iamque
961 1540 1195 1595 lapsuram.
1711 1546 1713 1548 ’

193 1608 287 1650 193.
338 1625 510 1651 RECEssv
540 1623 568 1650 a
598 1611 778 1664 vestiyiis
807 1612 960 1654 scilicet
988 1611 1215 1654 hominum.

194 1678 289 1721 194.
340 1690 646 1723 SEMIHoles
685 1681 759 1724 hoc
789 1686 847 1725 est
877 1683 1049 1725 feribate
1082 1682 1287 1737 corrupti.
1404 1700 1541 1726 moses
1562 1698 1645 1738 pro,
1675 1683 1787 1726 ‘uni-

69 1762 208 1792 versus
237 1749 382 1792 visus'.

194 1820 289 1862 195.
339 1831 630 1869 INACCESSAM
653 1824 933 1880 participium
960 1826 1052 1868 sine
1079 1825 1199 1868 verbi
1227 1825 1406 1881 origine,
1433 1824 1642 1868 ‘accedor’
1671 1826 1784 1868 enim

68 1906 156 1933 non
194 1891 396 1947 dicimus3
441 1893 515 1934 sed
558 1894 644 1936 tale
683 1898 765 1950 eelz,
810 1899 859 1938 ut
903 1897 1064 1952 placita
1105 1900 1242 1953 nupta
1280 1896 1554 1951 triumphata
1590 1900 1785 1953 regnata.

69 1966 107 2012 el
129 1963 343 2016 quaeritur
368 1964 461 2017 quis
484 1963 557 2006 hoc
581 1969 676 2008 ante
701 1966 926 2022 Vergilium
951 1968 1132 2011 dixerit?
1227 1985 1298 2010 ozza
1326 1985 1450 2011 mmm
1471 1968 1544 2010 hoc
1562 1972 1620 2010 cst
1637 1970 1784 2022 capita.

193 2034 288 2077 198.
338 2046 450 2077 HVIC
481 2046 698 2080 MONSTRO
738 2038 846 2081 bene
883 2039 1038 2082 vitavit
1074 2054 1240 2095 casum,
1276 2039 1322 2081 in
1355 2054 1438 2095 quo
1471 2040 1613 2082 inerat
1645 2041 1784 2095 turpis

72 2106 334 2162 significatio
365 2106 494 2162 verbi,
524 2121 575 2150 ne
606 2109 752 2152 diceret
783 2109 898 2153 ‘huic
929 2109 1069 2153 Caco'.
1140 2103 1143 2107 ’
1587 2123 1590 2127 ’

190 2177 288 2220 200.
339 2189 399 2219 ΕΤ
432 2189 568 2221 NOBIS
609 2180 721 2222 sicut
759 2182 927 2237 multis,
966 2182 1121 2237 quibus
1154 2181 1363 2224 Hercules
1394 2182 1559 2237 profuit
1590 2185 1785 2224 monstra

71 2248 307 2304 purgando.
441 2261 590 2293 AETAS
635 2251 891 2294 beneficium
937 2253 1165 2308 temporis,
1214 2255 1263 2294 ut
1303 2252 1395 2308 <IX
1430 2252 1484 2307 7>
1531 2252 1783 2295 volvenda

69 2319 179 2362 dies
213 2335 272 2362 en
304 2321 489 2363 attulit
519 2323 671 2366 ultro.

1814 693 1835 724 5

1815 1051 1857 1081 10

1815 1408 1856 1439 15

1813 1766 1858 1797 20

1810 2123 1855 2154 25

188 2392 287 2434 201.
336 2409 539 2436 Arnum
566 2411 807 2444 ADVENTVMQ
815 2413 863 2439 VE
892 2413 963 2439 DEI
1001 2395 1372 2452 hyster-omoterom
1418 2399 1514 2437 ante
1557 2396 1666 2438 enim
1709 2397 1781 2437 ad-
1830 2421 1836 2429 ·

116 2544 119 2547 -
169 2523 190 2555 8
217 2519 333 2556 Cacus
359 2533 390 2557 e.
418 2534 452 2567 q.
480 2524 524 2568 8.]
558 2534 672 2559 exscr.
699 2524 887 2570 mythogr.
914 2525 929 2559 I
957 2529 1012 2569 66,
1040 2526 1071 2560 II
1100 2528 1180 2569 153,
1215 2525 1263 2560 III
1291 2528 1346 2568 13,
1376 2529 1392 2559 1
1432 2526 1443 2571 ΙΙ
1484 2528 1526 2559 19
1554 2537 1674 2560 mcms
1702 2554 1709 2560 .
1739 2553 1745 2560 .
1774 2556 1781 2562 .

73 2566 189 2614 visus]
216 2568 261 2603 cf.
288 2569 381 2604 Don.
408 2569 457 2605 ad
483 2571 564 2606 Ter.
592 2582 675 2608 eun.
703 2572 735 2607 11
761 2576 793 2618 3,
820 2577 841 2608 5
868 2574 907 2607 et
932 2571 1026 2609 Gell.
1053 2573 1140 2608 XIII
1166 2577 1211 2608 30

167 2690 188 2721 2
214 2687 320 2734 ergo]
349 2688 469 2733 inepte
492 2689 562 2724 hac
579 2691 773 2735 particula
797 2702 886 2726 usus
910 2694 961 2726 est
980 2691 1161 2736 plenioris
1186 2692 1434 2726 commentarii
1453 2694 1593 2736 auctor,
1619 2696 1660 2728 ut
1683 2694 1781 2729 scleo-

74 2734 163 2768 lium
189 2735 240 2770 ad
271 2741 371 2767 VANA
398 2736 624 2781 adscriptum
648 2748 729 2773 cum
753 2739 1004 2784 superioribus
1030 2739 1261 2784 coniunyeret
1281 2740 1292 2784 ΙΙ
1311 2742 1333 2773 4
1359 2738 1465 2774 addit
1489 2739 1563 2775 AS
1570 2740 1604 2774 L
1623 2741 1634 2787 ΙΙ
1654 2745 1674 2775 5
1701 2742 1779 2785 qui-

71 2781 156 2816 dam
177 2810 186 2818 .
203 2809 211 2818 .
227 2808 235 2815 .
256 2781 430 2817 iniuriam
457 2794 474 2818 e
496 2783 703 2820 Turonensi
727 2786 841 2821 edidit
860 2786 999 2821 Daniel
1018 2788 1029 2833 ΙΙ
1051 2790 1094 2821 10
1119 2787 1192 2822 hoc
1211 2797 1277 2823 om.
1298 2786 1387 2820 LH
1401 2787 1501 2832 (add.
1519 2788 1546 2832 l)
1565 2789 1576 2834 ΙΙ
1598 2792 1640 2822 11
1667 2789 1781 2823 fuisse

73 2828 170 2864 hunc
195 2829 231 2864 R
250 2830 262 2875 ΙΙ
280 2829 392 2866 fuisse
418 2841 485 2865 om.
506 2830 547 2866 F
562 2833 574 2878 ΙΙ
595 2836 637 2867 12
665 2843 779 2869 cacon
806 2834 906 2878 libri,
931 2834 1007 2869 nisi
1031 2834 1128 2879 quod
1153 2844 1280 2869 cacom
1308 2834 1347 2868 F
1363 2835 1375 2880 ΙΙ
1397 2839 1440 2869 13
1466 2835 1620 2870 helenus
1646 2836 1782 2871 helena

71 2875 187 2911 ASR
223 2877 381 2912 helenae
412 2878 549 2914 helena
576 2879 609 2914 L
646 2879 776 2915 aelene
809 2881 917 2916 elena
941 2881 983 2915 Η
1019 2882 1150 2917 helene
1182 2882 1317 2916 helena,
1344 2882 1393 2916 M
1399 2882 1439 2916 F
1472 2883 1483 2928 Η
1523 2886 1566 2917 14
1598 2883 1678 2929 igni
1704 2884 1738 2918 L
1770 2884 1781 2930 ΙΙ

74 2927 117 2958 15
143 2924 223 2959 eius
247 2924 409 2960 nominis
435 2925 476 2960 F
498 2928 510 2971 ΙΙ
543 2930 586 2961 16
611 2926 651 2962 in
675 2939 748 2972 quo
775 2927 810 2962 ei
834 2928 1010 2974 peruigili
1034 2928 1122 2975 igne
1148 2928 1245 2964 sieut
1269 2931 1398 2964 uestae
1425 2929 1706 2966 sacrificabatur
1732 2932 1780 2974 F,

71 2981 178 3015 quam
198 2972 420 3017 scripturam
437 2975 608 3018 vulyatae
621 2979 812 3020 praestare
829 2976 924 3011 vidit
944 2975 1130 3012 Prellerus
1142 2976 1266 3012 Roem.
1283 2977 1438 3022 Mythoz.
1451 2989 1489 3021 p.
1505 2981 1573 3013 647
1594 2979 1716 3014 adnot.
1735 2982 1757 3012 4
1772 2980 1780 3023 *g

72 3017 209 3069 Veqtae
234 3029 301 3055 om.
324 3020 374 3064 R,
401 3019 499 3057 sicut:
523 3021 662 3058 Vesta-e
689 3023 898 3059 Masvicius
916 3024 927 3070 ΙΙ
952 3028 998 3059 20
1023 3023 1145 3059 uisum
1172 3024 1221 3067 F,
1247 3035 1338 3059 corr.
1364 3025 1503 3060 Daniel
1521 3027 1532 3071 ΙΙ
1553 3029 1597 3060 22
1623 3027 1781 3071 regnaiza

72 3075 140 3101 om:
158 3066 244 3100 LH
265 3068 363 3111 (add.
385 3069 412 3113 l)
431 3069 443 3115 ΙΙ
470 3072 514 3104 23
541 3069 741 3115 uergilium
766 3070 807 3105 F
822 3072 834 3117 Η
853 3072 903 3107 ad
928 3083 995 3106 onA
1019 3082 1119 3117 supr.
1145 3082 1233 3106 vers.
1260 3072 1285 3108 i.
1313 3083 1342 3106 e.
1371 3072 1496 3117 capita
1524 3073 1557 3107 T
1573 3074 1585 3118 ΙΙ
1614 3077 1659 3107 24
1685 3073 1779 3108 uita-

73 3112 130 3146 uit
153 3124 197 3148 ex
222 3114 320 3150 uitab
344 3116 380 3150 A
418 3116 580 3151 mutauit
604 3117 645 3152 F
670 3118 681 3164 Η
713 3118 855 3165 casum]
882 3129 1031 3154 causam
1056 3119 1103 3154 H
1135 3130 1263 3154 cacum
1291 3118 1340 3154 M
1370 3119 1381 3164 ΙΙ
1410 3119 1451 3154 in
1476 3130 1542 3156 om.
1569 3120 1598 3155 »S
1625 3122 1637 3166 ΙΙ
1667 3120 1778 3154 inter·
1820 3140 1824 3142 v

73 3161 154 3194 erat
178 3160 218 3194 F
244 3162 257 3206 ΙΙ
292 3166 338 3197 26
365 3162 499 3207 quibus
524 3175 590 3219 oni.
617 3164 653 3199 L
679 3166 775 3210 (add.
803 3166 829 3210 l)
858 3167 870 3212 ΙΙ
905 3165 1050 3212 profuit
1073 3166 1242 3201 hercules
1267 3164 1304 3200 R
1334 3167 1347 3211 ΙΙ
1384 3170 1428 3202 27
1454 3167 1640 3202 uoluendo
1666 3167 1738 3201 AS
1768 3167 1778 3212 Η

73 3209 117 3239 29
151 3207 201 3242 ad
232 3220 406 3245 Avxxmvu
436 3222 469 3245 A.
497 3224 531 3247 n.
563 3224 604 3247 in
634 3223 749 3258 mary.
781 3213 1098 3258 histeroproteron
1130 3214 1188 3248 est
1218 3212 1290 3248 hoc
1321 3213 1404 3249 loco
1437 3214 1526 3258 quia
1555 3214 1675 3258 primo
1705 3212 1780 3248 fuit

76 3252 260 3289 aduentus
285 3257 324 3291 et
347 3258 477 3302 postea
501 3259 679 3294 auxilium
708 3260 741 3294 Τ
757 3262 770 3306 ΙΙ
787 3260 991 3296 aduentum
1017 3272 1083 3296 om.
1106 3260 1154 3304 F,
1179 3260 1264 3296 add.
1285 3261 1424 3296 Daniel

1424 3321 1493 3354 15*
