2092 3614
233 1016 276 1047 10

237 1373 280 1404 15

236 1730 282 1762 20

295 253 383 296 408
1070 253 1229 290 SERVII

295 364 453 406 hausta
497 363 644 418 fuerit,
688 364 812 405 tanto
850 363 1118 419 generosior,
1161 364 1233 406 hoc
1269 366 1327 405 est
1362 359 1625 417 πολύγονος.
1687 377 1789 419 ergo
1829 363 1894 406 ‘in
1931 379 2000 406 ex-

297 434 489 477 haustis’
522 450 609 477 non
641 435 708 476 est
736 449 823 476 una
847 449 948 490 pars
975 435 1201 477 orationis:
1233 449 1420 489 namque
1446 434 1613 477 Plinius
1640 434 1854 477 Secundus
1887 436 2002 490 dicit,

299 505 479 548 cumin
517 505 613 547 aliis
651 504 898 560 regionibus
937 506 1105 548 effossis
1144 506 1330 548 metallis
1370 509 1510 547 terrae
1548 507 1636 548 sint
1673 521 1850 562 vacuae,
1891 507 2001 562 apud

298 577 437 619 Ilvam
463 576 545 619 hoc
573 591 666 618 esse
691 575 849 618 mirum
875 576 990 631 quod
1016 577 1189 619 sublata
1213 579 1497 619 renascuntur
1524 580 1567 619 et
1592 593 1760 620 rursum
1786 578 1836 620 de
1868 579 2003 620 isdem

298 648 404 690 locis
443 646 719 690 effodiuntur.
779 646 920 690 Varro
955 649 998 690 et
1029 647 1145 690 aliud
1178 647 1299 702 dicit,
1336 649 1456 690 nasci
1495 649 1664 704 quidem
1703 649 1791 691 illic
1828 650 2004 705 ferrum,

301 719 374 761 sed
407 719 452 761 in
484 719 732 771 striqturam
771 733 858 760 non
895 733 1024 774 posse
1063 718 1161 774 cogi
1198 717 1282 760 nisi
1323 720 1615 762 transvectum
1647 720 1692 762 in
1722 719 2004 775 Populoniam

300 789 482 833 Tusciae
514 790 755 845 civitatem,
785 790 867 844 ipsi
897 790 1058 832 insulae
1087 791 1277 832 vicinam.

423 861 518 904 175.
568 873 826 904 INTERPRES
864 873 1080 904 HOMlNVM
1116 874 1361 913 DIVVMQVE
1403 861 1656 917 ‘interpres'
1695 863 1884 906 medium
1922 866 2007 906 est:

301 948 402 975 nam
435 936 478 975 et
510 933 688 975 deorum
725 933 1052 988 interpretator,
1091 935 1133 975 et
1169 933 1410 988 hominum,
1448 934 1603 988 quibus
1643 935 1808 977 divinas
1846 935 2008 977 indicat

302 1006 487 1059 mentes,
518 1005 731 1058 interpres
765 1006 954 1046 vocatur.
1005 1006 1047 1045 et
1078 1004 1318 1046 notandum
1352 1004 1465 1059 quod
1497 1005 1558 1046 ait
1586 1004 1789 1060 Nigidius
1815 1005 2008 1062 Figulus,

302 1076 382 1118 has
416 1077 529 1117 artes
562 1076 625 1117 ita
656 1075 770 1116 inter
801 1063 897 1117 sese*
921 1090 1014 1118 esse
1041 1077 1303 1130 coniunctas,
1327 1078 1378 1117 ut
1403 1076 1588 1118 alterum
1621 1077 1713 1118 sine
1746 1078 1882 1119 altero
1915 1092 2007 1119 esse

304 1161 392 1189 uon
423 1146 581 1201 possit:
615 1146 725 1188 unde
751 1146 821 1188 his
848 1161 955 1202 quos
981 1146 1195 1202 perfectos
1221 1147 1314 1188 vult
1338 1146 1520 1201 probare
1547 1147 1785 1204 Vergilius,
1816 1149 2008 1191 omnium

304 1217 529 1261 divinandi
554 1217 714 1260 artium
738 1220 934 1273 praestat
961 1218 1205 1272 scientiam,
1227 1220 1276 1259 ut
1300 1218 1381 1260 hoc
1407 1218 1523 1274 loco,
1548 1219 1653 1261 item
1680 1234 1811 1274 supra
1829 1220 2010 1273 Heleno,

306 1290 357 1332 de
385 1305 468 1345 quo
497 1290 559 1331 ait
586 1288 682 1343 <III
702 1288 818 1344 359>
846 1289 1156 1345 Troiugena,
1187 1289 1447 1345 interpres
1475 1290 1663 1347 divum,
1693 1292 1776 1347 qui
1802 1292 2010 1334 numina

307 1361 520 1416 Phoebi,
552 1361 635 1415 qui
661 1361 917 1416 tripodas,
943 1359 1108 1403 Clarii
1135 1361 1329 1416 lauros,
1360 1362 1446 1416 qui
1473 1362 1644 1404 sidera
1670 1363 1846 1405 sentis.
1891 1363 2012 1420 Nigi-

307 1434 402 1475 dius
436 1435 581 1475 autem
614 1432 732 1474 solus
759 1434 826 1474 est
850 1434 952 1488 post
978 1432 1238 1486 Varronem,
1270 1432 1372 1474 licet
1397 1433 1537 1475 Varro
1563 1434 1798 1488 praecellat
1823 1434 1869 1476 in
1893 1434 2012 1477 theo—

307 1506 435 1561 logia,
460 1504 530 1547 hie
555 1504 598 1546 in
627 1503 928 1546 communibus
953 1503 1132 1546 litteris:
1164 1518 1264 1545 nam
1291 1505 1469 1559 uterque
1490 1507 1718 1560 utrumque
1739 1506 2011 1560 scripserunt.

430 1576 524 1619 176,
574 1586 742 1617 FIBRAE
774 1575 903 1629 fibrae
932 1578 1031 1617 sunt
1059 1575 1214 1617 iecoris
1246 1575 1551 1617 extremitates.
1652 1587 1836 1618 PARENT
1870 1579 2027 1618 autem·

307 1650 373 1690 est
405 1646 680 1703 ‘peritissime
707 1645 1036 1702 agnoscuntur'}
1070 1646 1183 1702 quod
1209 1646 1264 1688 ad
1290 1646 1435 1688 omnia
1460 1646 1731 1689 referendum
1758 1650 1839 1703 est,
1871 1648 2014 1702 fibras,

309 1718 466 1775 sidera,
498 1732 625 1761 voces
658 1718 802 1760 avium
834 1720 878 1761 et
909 1718 1110 1760 fulmina:
1149 1733 1251 1760 nam
1283 1718 1319 1760 si
1353 1718 1582 1761 ‘videntur'
1615 1721 1783 1760 tantum
1817 1719 2015 1774 accipias,

308 1790 444 1833 cuiuis
481 1792 666 1845 possunt
702 1789 856 1845 videri,
893 1804 971 1832 nec
1009 1791 1158 1832 tamen
1189 1789 1397 1846 intellegi.
1459 1790 1562 1832 item
1595 1804 1719 1832 voces
1754 1790 1896 1832 avium
1928 1805 2015 1833 non

307 1861 525 1916 videntur,
566 1860 639 1903 sed
679 1862 975 1917 agnoscuntur
1006 1860 1190 1903 auditae.
1250 1875 1328 1903 nec
1360 1860 1555 1916 ‘parent'
1589 1861 1888 1916 obtemperant
1918 1876 2014 1916 pro-

309 1933 431 1975 cedit.
480 1947 581 1975 nam
614 1932 829 1988 quomodo
862 1932 1001 1975 sidera
1033 1932 1100 1975 vel
1131 1932 1266 1974 fibrae
1299 1933 1365 1975 vel
1396 1947 1497 1975 aves
1530 1933 1597 1975 vel
1628 1933 1802 1988 fulgura
1832 1934 2016 1987 possunt

310 2004 638 2060 obtemperare?
767 2002 958 2047 *marm
991 2007 1192 2058 affarent
1222 2018 1270 2047 ae
1294 2007 1455 2059 patent,
1493 2005 1612 2058 quasi
1647 2003 1755 2046 nihil
1785 2005 1822 2046 ei
1851 2004 2015 2047 abscon-

406 2126 427 2158 8
453 2121 636 2166 interpres
664 2148 671 2156 .
693 2148 701 2156 .
723 2148 730 2155 .
757 2121 928 2167 vocatur]
966 2120 1010 2156 cf.
1035 2120 1123 2156 Isid.
1149 2132 1200 2156 or.
1226 2120 1260 2155 X
1287 2125 1353 2156 123
1391 2122 1403 2167 ΙΙ
1443 2124 1484 2156 18
1510 2121 1624 2156 fibrae
1651 2149 1658 2156 .
1682 2149 1688 2156 .
1711 2149 1717 2156 .
1745 2120 2014 2167 extremitates]

310 2181 424 2206 exscr.
449 2169 536 2204 Isid.
563 2180 615 2205 or.
641 2168 692 2203 XI
720 2174 749 2213 1,
778 2172 846 2204 126

407 2281 425 2311 1
451 2275 652 2322 poligonus
678 2275 719 2310 F
746 2276 758 2322 ΙΙ
795 2279 816 2310 2
842 2274 934 2321 non]
960 2287 1056 2311 nunc
1082 2275 1129 2320 L,
1156 2287 1222 2311 om.
1251 2277 1301 2311 M
1322 2277 1333 2322 ΙΙ
1364 2287 1450 2311 nam
1476 2276 1513 2310 R
1541 2277 1552 2321 ΙΙ
1590 2280 1611 2310 3
1639 2286 1721 2309 eum
1745 2275 1842 2314 ΕΜ
1847 2275 1902 2311 F:
1927 2276 2017 2310 tunc

310 2325 453 2370 reliqui.
492 2327 644 2359 ceterum
667 2323 805 2359 erravit
824 2322 973 2358 Servius
998 2334 1079 2358 cum
1101 2324 1230 2359 Plinio
1248 2324 1334 2359 haec
1356 2324 1487 2358 tribuit
1505 2324 1516 2369 ΙΙ
1536 2322 1611 2358 sint
1634 2333 1775 2357 uacuae
1795 2322 1845 2357 M
1877 2333 2017 2357 uacuae

312 2373 386 2407 sint
411 2372 447 2407 R
485 2372 559 2406 sint
586 2372 744 2406 uacuate
771 2370 824 2405 F:
857 2371 945 2404 sunt
968 2381 1110 2406 uacuae
1136 2371 1244 2414 ΑΒΖ,
1278 2370 1351 2406 sint
1376 2372 1430 2406 vel
1456 2372 1542 2406 sunt
1567 2381 1631 2405 om.
1659 2369 1749 2404 LH
1771 2371 1784 2415 ΙΙ
1821 2374 1843 2404 4
1869 2370 2017 2405 sublato

310 2420 384 2455 AS
421 2419 566 2454 sublate
593 2418 628 2453 L
655 2419 761 2463 (corr.
783 2418 807 2461 l)
847 2416 986 2452 sublati
1007 2417 1048 2452 F
1062 2419 1075 2462 ΙΙ
1093 2429 1218 2453 rursus
1238 2418 1278 2453 F
1295 2419 1306 2464 ΙΙ
1327 2423 1346 2452 5
1371 2429 1480 2452 uarro
1506 2420 1544 2453 et
1569 2417 1634 2451 alii
1661 2417 1791 2452 dicunt
1814 2418 1848 2452 L
1866 2418 1879 2463 ΙΙ
1898 2418 2015 2463 aliud]

312 2466 386 2502 alio
414 2466 453 2501 F
487 2467 499 2512 ΙΙ
536 2471 556 2501 6
589 2465 855 2501 strictuitatem
879 2464 1101 2508 ASRLH,
1134 2476 1209 2500 non
1235 2493 1242 2500 .
1264 2494 1270 2500 .
1295 2493 1301 2501 .
1331 2465 1524 2500 civitatem
1556 2465 1756 2500 omittentes
1788 2464 2018 2510 (stricturam

312 2514 471 2549 restituit
495 2517 528 2548 et
552 2524 627 2547 non
654 2541 660 2547 .
682 2540 689 2547 .
711 2539 720 2547 .
747 2511 941 2547 ciuitatem
967 2512 1051 2547 aad.
1073 2513 1098 2555 l)
1118 2513 1130 2558 ΙΙ
1149 2513 1372 2548 sti-acturam
1397 2512 1438 2546 F
1453 2514 1464 2557 ΙΙ
1483 2511 1687 2557 populonia
1715 2513 1762 2546 M
1779 2514 1790 2558 ΙΙ
1812 2516 1831 2548 7
1857 2512 2018 2547 vicinam

311 2562 382 2596 huc
407 2561 635 2605 transposuit
659 2559 814 2602 Daniel,
837 2562 922 2604 post
947 2558 1192 2604 Populoniam
1219 2560 1300 2595 hab.
1322 2560 1362 2594 F
1377 2561 1389 2606 ΙΙ
1408 2572 1597 2595 INTERPRES
1626 2587 1632 2594 .
1655 2588 1662 2596 .
1685 2587 1693 2595 .
1719 2561 1886 2605 vocatur]
1912 2572 2018 2594 nom-

312 2621 386 2643 nvu
411 2622 444 2645 D.
470 2620 494 2642 1.
520 2618 642 2642 AsILAs
680 2607 832 2641 deorum
871 2616 964 2650 quos
998 2607 1265 2651 interpretatur
1295 2607 1488 2643 hominum
1519 2607 1652 2651 quibus
1683 2607 1951 2652 interpretatur
1982 2607 2020 2642 et

312 2655 457 2691 diuinas
482 2654 623 2690 indicat
647 2657 790 2688 mentes
815 2653 856 2687 F
879 2653 892 2697 ΙΙ
926 2656 946 2687 9
972 2651 1241 2699 interpretator
1265 2654 1370 2690 RM:
1398 2654 1666 2699 interpretatur
1690 2654 1803 2689 ASL
1839 2654 2019 2699 interpre-

312 2705 414 2738 tatus
440 2702 504 2738 Hs
547 2713 639 2746 quos
670 2700 942 2746 interpretatur
968 2712 991 2735 a
1027 2700 1313 2747 interpretaturo
1340 2703 1352 2737 l
1387 2703 1400 2747 ΙΙ
1438 2706 1481 2737 10
1507 2704 1688 2737 uocantur
1712 2701 1791 2736 RL
1817 2702 1922 2746 (corr.
1949 2702 1975 2746 l)
2007 2700 2019 2746 Η

313 2749 496 2796 nigridius
520 2749 588 2784 Ra
626 2748 774 2794 nigidus
799 2748 870 2793 ΗΙΙ
893 2750 933 2782 11
961 2747 1015 2782 ita
1040 2759 1105 2783 om.
1121 2749 1204 2783 LF
1226 2751 1327 2794 (add.
1342 2751 1368 2794 l)
1387 2751 1399 2795 ΙΙ
1419 2750 1513 2796 sese]
1541 2760 1621 2784 esse
1645 2749 1689 2783 H
1722 2760 1760 2784 se
1781 2748 1822 2783 F
1837 2750 1849 2795 ΙΙ
1871 2753 1912 2783 12
1939 2759 2018 2783 uer-

313 2798 426 2843 gilius
451 2797 493 2832 F
507 2799 519 2841 [Ι
547 2801 590 2831 13
616 2795 827 2831 diuinarum
846 2795 883 2830 R
901 2796 914 2840 ΙΙ
932 2796 1115 2842 praestat]
1143 2799 1332 2841 praestare
1357 2796 1451 2832 facit
1475 2797 1542 2843 F'ss
1573 2800 1616 2832 15
1641 2795 1823 2842 nigridius
1848 2795 1928 2831 AR
1964 2795 2018 2829 ni-

314 2844 442 2890 gridus
468 2844 513 2879 H
527 2846 539 2890 ss
560 2847 603 2879 16
627 2843 667 2878 in
692 2854 757 2879 om.
775 2843 824 2878 M
839 2844 852 2888 ΙΙ
874 2846 915 2877 17
941 2841 1018 2887 hic]
1045 2843 1184 2889 figuliis
1209 2844 1269 2879 hic
1295 2845 1336 2879 F
1350 2846 1363 2889 ss
1381 2844 1596 2890 utrumque]
1623 2854 1689 2879 om.
1705 2843 1836 2878 RLH
1857 2842 1957 2887 (ada.
1979 2843 2021 2887 l),

313 2894 453 2937 utyque
479 2891 519 2926 F
534 2893 546 2938 ΙΙ
568 2894 610 2926 18
637 2889 884 2926 extremitatis
911 2889 955 2923 H
968 2890 981 2934 ΙΙ
1003 2893 1045 2924 19
1074 2892 1130 2925 est
1154 2902 1220 2927 om.
1248 2892 1342 2927 RM
1346 2892 1384 2926 F
1400 2893 1412 2938 ΙΙ
1431 2892 1682 2937 agnoscuntur
1706 2890 1804 2935 quod
1830 2889 1861 2924 si
1885 2891 2020 2934 parent

315 2940 574 2984 obtemperant
603 2950 690 2974 narn
726 2950 800 2983 quo
833 2937 943 2973 modo
975 2936 1097 2972 sidera
1129 2938 1190 2974 uel
1215 2939 1330 2974 fibrae
1355 2940 1417 2974 uel
1441 2939 1559 2983 figura
1583 2939 1735 2983 possunt
1760 2937 2018 2982 obtemperare

314 2987 380 3022 aut
409 2987 543 3031 parent
577 2988 759 3030 apparent
785 3014 793 3020 .
816 3013 824 3021 .
845 3014 853 3021 .
881 2984 1068 3020 subiectas
1102 2987 1167 3021 sed
1198 2988 1331 3031 parent
1363 2987 1386 3021 i.
1419 2997 1448 3021 e.
1483 2986 1731 3030 agnoscantur
1761 2984 1862 3029 quod
1894 2984 2020 3019 omnia

313 3033 548 3069 referendum
575 3036 631 3068 est
658 3062 664 3069 .
688 3061 695 3068 .
719 3062 724 3069 .
753 3032 903 3068 auditae
929 3031 970 3066 F
985 3032 997 3078 ss
1016 3033 1131 3077 quod]
1158 3034 1246 3078 quia
1269 3034 1306 3069 R
1323 3035 1336 3079 11
1355 3034 1403 3068 ad
1427 3033 1538 3068 fibras
1564 3032 1603 3066 D
1621 3033 1633 3077 ΙΙ
1664 3035 1709 3066 20
1735 3033 1772 3066 et
1797 3042 1863 3066 om.
1892 3032 1941 3065 M
1947 3031 1987 3066 F
2009 3030 2020 3076 Η

314 3086 359 3117 21
386 3080 502 3117 cuiuis
527 3080 667 3115 ARsl:
695 3080 797 3116 cuius
824 3078 1043 3115 SLHMF
1057 3080 1070 3125 ΙΙ
1098 3083 1142 3114 22
1170 3083 1443 3126 cognoscuntur
1468 3080 1512 3114 H
1525 3082 1538 3123 ΙΙ
1555 3090 1624 3114 nec
1651 3107 1657 3113 .
1680 3106 1687 3113 .
1709 3108 1716 3115 .
1745 3078 2018 3124 obtemperare]

314 3128 449 3174 parent
473 3127 731 3173 obtemperare
759 3128 809 3162 M
841 3129 854 3172 ΙΙ
890 3131 935 3162 23
960 3126 1109 3171 fulgora
1133 3128 1302 3163 ASRH
1317 3130 1428 3173 (corr.
1455 3128 1492 3171 a)
1523 3127 1535 3171 ΙΙ
1565 3127 1719 3171 possunt
1744 3125 2018 3171 obtemperare]

314 3176 575 3220 obtemperant
599 3175 636 3210 R
667 3176 679 3221 ss
716 3179 762 3210 24
788 3176 837 3211 ad
860 3186 892 3210 v.
921 3177 988 3210 176
1023 3177 1157 3219 parent
1186 3175 1408 3221 peritissime
1440 3176 1689 3219 agnoscuntur
1720 3173 1828 3218 quasi
1859 3173 1954 3208 nihil
1986 3173 2020 3207 ei

315 3224 526 3259 abstrusum
553 3222 602 3259 sit
627 3234 675 3258 an
701 3222 940 3269 hyperbolice
967 3249 974 3257 .
995 3249 1003 3257 .
1027 3249 1034 3256 .
1063 3222 1249 3258 subiectas
1278 3223 1311 3257 Τ
1333 3224 1346 3268 ΙΙ
1377 3222 1560 3268 apparent
1585 3232 1649 3256 om.
1673 3220 1705 3256 G
