2092 3614
209 1020 253 1051 10

210 1377 254 1410 15

211 1736 258 1767 20

213 2092 259 2125 25

273 254 360 297 458
1048 253 1211 290 SERVII

274 365 431 419 leynnt,
473 365 501 418 †
519 378 597 418 quo
634 364 672 405 si
708 364 770 405 ila
806 366 865 406 est
899 363 1000 417 quia
1036 362 1199 405 Aeneas
1236 361 1393 405 ‘multa
1429 363 1565 405 virum
1601 363 1776 405 demittit
1811 377 1983 417 corpora

274 435 430 478 niorli'.

398 506 497 550 665.
545 518 696 549 MEDIO
731 506 784 548 ad
816 506 1016 548 medium.
1138 518 1292 548 TVRBO
1325 505 1390 548 vis
1421 505 1550 548 venti.

395 579 493 621 666.
544 589 746 620 IGNARVS
777 589 937 620 RERVM
974 578 1020 619 id
1049 580 1106 620 esi
1144 577 1249 619 artis
1288 592 1364 632 per
1403 592 1532 632 quam
1570 579 1784 619 evaserat:
1821 577 1893 619 hoc
1929 580 1987 620 esl

275 652 455 694 nesciens
479 650 552 693 hoc
569 664 649 704 pro
667 650 798 692 salute
821 664 900 693 sua
921 650 1091 703 factum,
1116 650 1280 703 ideoque
1303 652 1341 691 el
1360 647 1592 703 ‘inyratus’‚
1616 662 1717 691 nam
1735 652 1774 691 et
1790 649 1985 702 queribur.

396 723 495 765 668.
545 733 845 765 OMNIPOTENS
873 733 1077 764 GENITOR
1109 720 1192 763 duo
1223 719 1555 763 antonomasiva
1579 734 1659 775 pro
1685 734 1772 762 uno
1797 720 1986 776 proprio,

276 796 325 836 ut
351 794 423 849 <11
444 793 561 849 615>
587 793 826 836 Tritonia
857 792 1048 835 Pallas.
1146 803 1334 834 TANTON
1365 806 1444 846 pro
1468 790 1701 834 .‘tant0ne.’.
1742 793 1784 833 et
1815 794 1987 834 constat

277 866 501 909 mutilatas
532 866 682 920 partes
714 861 923 907 orationis
957 866 1181 907 accentum
1211 863 1257 905 in
1289 863 1440 906 eodem
1478 863 1571 905 loco
1610 863 1789 917 habere,
1826 862 1871 904 in
1902 877 1986 918 quo

277 938 408 980 etiam
438 937 636 993 integrae
661 936 925 979 habuerunt:
956 951 1059 978 nam
1086 935 1243 991 moria,
1273 935 1319 977 id
1345 937 1412 977 est
1437 934 1624 977 minores
1650 935 1908 991 particulae,
1938 937 1988 977 ut

279 1012 328 1052 ut
354 1009 465 1065 ‘que,
489 1023 556 1060 ne,
581 1023 645 1064 ve,
671 1007 746 1063 ce',
778 1007 977 1063 quotiens
1002 1007 1243 1063 iunguntur
1269 1006 1369 1048 aliis
1394 1006 1610 1062 partibus,
1642 1007 1743 1047 ante
1770 1020 1814 1048 se
1841 1020 1987 1049 accen-

278 1084 372 1124 tum
403 1081 586 1135 faciunt,
619 1078 870 1135 qualislibet
901 1078 960 1120 sit
991 1078 1161 1134 syllaba
1189 1093 1299 1134 quae
1330 1077 1570 1133 praecedit,
1602 1078 1691 1120 sive
1722 1077 1866 1120 brevis
1899 1078 1989 1133 siye

278 1154 429 1208 longa,
455 1153 504 1194 ut
530 1150 767 1206 ‘musaque,
792 1149 985 1205 huiusve,
1010 1148 1175 1204 illucee,
1200 1147 1410 1204 tantone’,
1435 1149 1597 1201 adduce,
1623 1150 1790 1192 deduce:
1817 1150 1860 1191 et
1884 1143 1991 1191 haec

279 1223 480 1266 mutilata
512 1221 714 1265 similiter
745 1220 1039 1276 proferuntur,
1071 1220 1237 1263 scilicet
1269 1220 1349 1262 sub
1382 1220 1531 1263 eodem
1564 1223 1756 1264 accentu.

399 1295 498 1337 670.
549 1311 622 1342 QVO
646 1292 801 1336 FEROR?
841 1309 945 1336 VNDE
967 1292 1083 1335 Asu?
1115 1292 1209 1335 bene
1238 1293 1420 1335 variavit
1443 1293 1637 1336 adverbia
1667 1297 1706 1336 el
1727 1292 1991 1347 pronomina.

341 1377 534 1418 QVEMVE
573 1363 809 1408 REDvcrr?
847 1363 1010 1418 ‘quem'
1050 1364 1238 1420 qualem,
1279 1365 1328 1406 ut
1366 1363 1457 1419 <IX
1488 1363 1605 1419 479>
1642 1363 1773 1406 hunc
1812 1377 1903 1419 ego
1941 1365 1990 1405 te

280 1438 510 1494 Euryale
549 1436 775 1492 aspicio?
814 1438 859 1478 et
895 1435 1019 1491 quasi
1055 1435 1226 1478 nescius
1265 1435 1331 1478 sui
1369 1437 1436 1478 est
1473 1435 1519 1478 in
1555 1438 1680 1478 tanta
1717 1450 1861 1478 rerum
1899 1449 1990 1490 per-

281 1509 536 1554 mutatione.

401 1581 502 1625 671.
550 1590 879 1622 LAVRENTISNE
911 1590 1088 1634 ῙΤΕΒνΜ
1119 1590 1167 1621 Μ.
1199 1579 1323 1634 quasi
1356 1578 1608 1621 deliberatio
1641 1581 1719 1622 est.

401 1653 500 1696 672.
550 1664 663 1703 Qvn)
702 1662 858 1694 MANVS
896 1662 1006 1693 ILLA
1043 1650 1222 1694 vmvm‘?
1268 1650 1468 1706 syllepsis
1506 1665 1583 1706 per
1628 1664 1783 1707 genus:
1827 1665 1928 1693 nam
1967 1666 1993 1693 a

283 1741 433 1781 manu,
464 1723 510 1767 id
541 1725 608 1766 est
632 1722 925 1778 multitudine,
958 1722 1011 1764 ad
1036 1722 1171 1778 viros,
1203 1736 1231 1764 a
1252 1722 1453 1775 feminino
1478 1723 1535 1765 ad
1557 1722 1846 1774 masculinum,
1878 1723 1993 1764 tran-

284 1798 418 1841 situm
449 1796 564 1839 fecit.
618 1809 710 1851 erqo
739 1796 966 1851 fiyuratum
997 1797 1036 1837 et
1056 1808 1135 1849 per
1161 1807 1290 1849 yenus
1320 1797 1358 1836 el
1377 1808 1457 1849 per
1487 1807 1715 1837 numerum.
1770 1796 1829 1836 est
1857 1797 1994 1837 aulem

282 1870 395 1913 mira
424 1868 606 1923 defectio,
637 1868 684 1910 id
712 1870 771 1910 est
798 1867 899 1922 quid
927 1866 1100 1909 dieunt?

404 1942 502 1984 673.
553 1956 705 1988 Qvosmc
732 1956 860 1983 arms
889 1938 1026 1993 Asper
1057 1937 1238 1993 ‘quosne’
1271 1938 1367 1993 leyil
1395 1941 1431 1980 el
1461 1938 1675 1980 adnotavit
1699 1934 1779 1980 ‘ne'
1802 1951 1882 1992 pro
1909 1935 1996 1992 (υᾶ,

284 2014 407 2069 quasi
438 2013 636 2067 expletiva
660 2010 884 2066 particula.

406 2084 505 2128 674.
554 2093 796 2125 PALANTES
840 2093 983 2125 VIDEO
1027 2081 1323 2138 intellegimus
1368 2095 1463 2123 eum
1507 2095 1595 2123 non
1638 2081 1767 2136 longe
1812 2094 1837 2122 a
1879 2083 1996 2123 terra

284 2157 437 2200 fuisse:
480 2170 583 2198 nam
620 2154 735 2211 quod
773 2153 837 2196 ait
862 2168 1006 2213 'supra
1038 2153 1201 2196 ‘medio
1233 2153 1316 2195 fert
1348 2151 1567 2208 aequore',
1604 2154 1653 2194 ut
1684 2151 1886 2206 diximus,
1919 2150 1996 2194 ‘ad

286 2227 496 2271 medium'
530 2226 829 2283 accipiendum
855 2227 934 2268 est.
985 2226 1060 2267 aut
1086 2223 1188 2280 quia
1218 2223 1406 2266 medium
1442 2222 1598 2266 dicitur
1630 2237 1754 2266 omne
1786 2222 1900 2278 quod
1931 2225 1997 2265 est

281 2333 481 2380 positionis
506 2335 760 2380 argumentum
784 2331 916 2367 iterari
939 2330 1095 2374 videtur,
1120 2330 1218 2375 quod
1236 2330 1359 2375 primo
1378 2329 1421 2365 in
1439 2328 1605 2374 maryine
1622 2328 1798 2373 scripum
1821 2330 1898 2363 tum
1923 2328 1998 2373 ipsi

286 2382 420 2417 scholio
446 2381 664 2417 adiunctum
688 2390 759 2415 esse
783 2378 958 2423 suspicor.
979 2379 992 2425 ΙΙ
1019 2382 1136 2413 aenea
1160 2377 1201 2412 F
1221 2378 1234 2423 ΙΙ
1267 2381 1285 2412 1
1313 2388 1387 2422 quo
1414 2375 1445 2411 si
1470 2375 1525 2411 ita
1550 2376 1608 2411 est
1631 2375 1672 2410 F
1705 2375 1856 2420 quosita
1881 2375 1938 2411 est
1963 2374 1998 2411 G

290 2429 390 2474 quod
416 2428 448 2463 si
471 2427 528 2463 ita
553 2428 610 2462 est
636 2426 876 2463 Commelinus
918 2425 1018 2471 quod
1044 2425 1076 2459 si
1100 2425 1156 2460 ita
1180 2426 1254 2468 est,
1281 2423 1345 2469 qui
1369 2422 1515 2459 Aeneas
1542 2450 1550 2457 .
1572 2451 1579 2458 .
1601 2450 1608 2458 .
1635 2422 1773 2458 morti?
1798 2422 1998 2459 Schoellius

290 2476 391 2521 quod
414 2476 552 2511 frustra
577 2475 634 2510 est
658 2484 731 2520 eqo.
772 2473 981 2509 Masvicius
999 2473 1086 2508 haec
1104 2472 1219 2508 edidit
1244 2471 1307 2506 Illi
1332 2473 1459 2507 autem
1477 2469 1623 2505 Aeneas
1642 2470 1792 2516 legunt,
1819 2470 1920 2516 quod
1943 2470 1998 2506 ita

290 2525 348 2559 est
372 2523 463 2568 quia
487 2534 514 2558 e.
535 2534 566 2568 q.
586 2533 614 2558 s.
634 2522 686 2569 113
713 2533 826 2556 'rvnso
851 2519 908 2555 vis
934 2519 1038 2555 venti
1062 2530 1128 2555 om.
1143 2519 1230 2553 LH
1243 2519 1254 2565 ΙΙ
1273 2522 1295 2553 4
1321 2519 1371 2554 ad
1395 2529 1642 2558 memrvsovn
1668 2530 1696 2554 s.
1722 2528 1749 2553 s.
1769 2529 1801 2554 v.
1829 2517 1998 2553 nesciens

290 2582 356 2616 pro
389 2570 510 2606 salute
543 2581 611 2604 sua
636 2570 707 2604 hoc
732 2569 879 2613 gestum
905 2568 944 2603 et
967 2567 1052 2602 ideo
1080 2566 1317 2611 conqueritur
1346 2566 1380 2600 T
1411 2567 1422 2612 ΙΙ
1460 2568 1481 2600 5
1507 2566 1648 2600 nescies
1673 2565 1713 2600 F
1746 2566 1758 2611 11
1795 2569 1815 2601 6
1842 2566 1996 2601 antono—

291 2617 437 2653 masiua
468 2617 504 2652 R
546 2615 828 2652 antenomasiua
853 2614 906 2650 F:
942 2614 1204 2650 antonomasia
1234 2614 1366 2659 reliqui
1402 2614 1414 2660 ΙΙ
1451 2612 1618 2659 proprio]
1650 2613 1775 2658 posuit
1806 2612 1891 2648 add.
1917 2612 1954 2648 R
1985 2612 1998 2660 ΙΙ

291 2669 311 2701 7
336 2677 449 2700 muro
475 2663 566 2700 HF
581 2666 594 2710 ΙΙ
619 2668 639 2698 9
665 2661 847 2698 memoria
872 2661 1039 2697 ASLH
1061 2662 1167 2707 (corr.
1194 2662 1251 2707 al)
1270 2662 1282 2707 ΙΙ
1308 2665 1352 2696 10
1378 2661 1437 2708 ce]
1464 2672 1502 2696 se
1529 2660 1570 2695 F
1585 2662 1597 2707 ΙΙ
1615 2660 1761 2706 quoties
1787 2659 1824 2695 R
1841 2661 1855 2706 ΙΙ
1881 2663 1922 2695 11
1949 2659 1998 2695 sit

291 2725 358 2750 om.
372 2712 461 2747 ,ΕΗ
475 2713 487 2758 ΙΙ
507 2711 654 2758 syllaba
679 2709 880 2756 praecedat
898 2709 933 2744 L
950 2710 963 2754 ΙΙ
989 2713 1032 2744 12
1058 2709 1215 2744 huiusne
1229 2708 1266 2744 R
1292 2709 1439 2754 (probat
1465 2708 1512 2745 F.
1533 2708 1733 2754 Schoellius
1752 2708 1794 2743 de
1813 2718 1887 2743 acc.
1907 2707 1996 2753 linq.

292 2762 356 2797 lat.
376 2772 417 2806 p.
446 2762 545 2803 140):
571 2759 703 2794 hiusue
728 2758 763 2792 L
798 2756 951 2793 huiusce
977 2757 1109 2802 reliqui
1126 2758 1138 2803 11
1156 2756 1289 2792 illucce
1315 2756 1427 2792 RM:
1452 2755 1543 2791 illuc
1568 2755 1658 2791 LH
1677 2756 1758 2800 (del.
1785 2756 1826 2800 l),
1851 2765 1917 2790 om.
1943 2765 1996 2790 re-

293 2809 416 2854 liquiu
442 2807 599 2843 tontone
624 2806 710 2840 LH
724 2807 736 2851 Ι]
764 2804 908 2840 adduce
934 2805 1075 2839 deduce
1101 2805 1168 2840 del.
1195 2804 1242 2840 F.
1269 2803 1470 2840 Schoellius
1495 2804 1517 2839 l.
1545 2804 1580 2847 l.,
1605 2803 1746 2838 deduce
1771 2812 1838 2838 om.
1865 2801 1906 2837 F
1920 2802 1933 2848 ΙΙ
1958 2803 1997 2837 θὴ

293 2855 402 2902 haec]
431 2854 479 2889 ad
503 2855 597 2889 haec
622 2853 663 2888 F
690 2855 702 2899 ΙΙ
735 2856 778 2888 13
803 2853 997 2888 accentum
1023 2851 1064 2886 F
1090 2853 1103 2897 ΙΙ
1135 2855 1179 2887 14
1205 2851 1362 2887 adm-bia
1388 2851 1429 2886 F
1452 2852 1465 2897 ΙΙ
1504 2854 1547 2886 18
1574 2851 1623 2886 ad
1646 2861 1886 2885 LAVREN'rmNu
1909 2859 1937 2885 8.
1964 2860 1995 2884 v.

293 2902 419 2948 potest
442 2912 524 2937 esse
549 2899 739 2947 genitiuus
765 2900 796 2935 si
820 2899 1018 2935 subaudias
1044 2899 1146 2934 urbis
1167 2900 1205 2935 et
1223 2898 1459 2935 accusatiuus
1482 2898 1515 2933 T
1531 2899 1543 2944 ss
1564 2901 1606 2933 19
1628 2896 1839 2942 syllempsis
1858 2897 1915 2932 est
1932 2896 1967 2930 L
1986 2898 1995 2941 Η

292 2961 381 2985 nam
406 2960 429 2984 a
455 2959 569 2984 manu
593 2959 659 2984 om.
674 2948 719 2983 Η
733 2950 744 2994 ΙΙ
763 2951 809 2983 20
832 2947 873 2983 id
899 2948 957 2983 est
980 2946 1219 2982 multitudine
1247 2975 1254 2982 .
1276 2975 1283 2982 .
1307 2974 1314 2982 .
1340 2945 1539 2982 transitum
1564 2945 1669 2991 fecit]
1695 2945 1749 2979 sic
1772 2945 1888 2979 locum
1913 2954 1995 2979 con-

293 2997 415 3033 stituit
439 2996 659 3032 Masvieius:
693 2996 733 3031 id
765 2996 822 3031 est
851 2993 1091 3030 multitudine
1123 3005 1211 3040 ergo
1237 3006 1259 3030 a
1283 2994 1463 3029 feminino
1489 2992 1537 3028 ad
1561 2990 1806 3028 masculinum
1840 2990 1997 3027 dicendo

294 3055 427 3080 manus
453 3043 582 3079 adiuro
610 3044 687 3089 (leq.
714 3043 762 3078 ad
787 3041 904 3088 uiros,
930 3053 995 3077 om.
1022 3041 1175 3087 Daniel)
1199 3042 1399 3077 transitum
1424 3039 1516 3076 fecit
1540 3039 1581 3074 F
1607 3040 1619 3086 ΙΙ
1650 3043 1693 3074 21
1719 3037 1811 3073 facit
1835 3037 1965 3074 ASM
1995 3038 1998 3085 Ι

295 3093 346 3128 ad
370 3104 455 3133 va
479 3103 516 3126 Μ.
542 3103 566 3126 1.
592 3104 625 3126 v.
652 3102 678 3126 s.
705 3102 736 3127 v.
763 3091 882 3136 figura
906 3089 963 3126 est
987 3089 1059 3124 hoc
1083 3089 1166 3125 loco
1192 3100 1259 3134 per
1282 3099 1399 3135 genus
1425 3115 1432 3123 .
1454 3115 1461 3122 .
1485 3114 1492 3122 .
1519 3085 1609 3131 quid
1635 3086 1763 3122 dicunt
1792 3085 1851 3132 Tu
1876 3089 1920 3121 22
1946 3098 1971 3131 q

296 3139 339 3175 F
358 3141 372 3186 ΙΙ
402 3139 527 3175 dicent
554 3138 762 3174 Masvieius
786 3140 798 3183 ΙΙ
830 3141 874 3173 23
901 3149 1061 3177 Qvosova
1087 3137 1121 3172 G
1146 3138 1157 3183 ΙΙ
1186 3138 1235 3173 ad
1260 3148 1397 3176 qvosvr:
1421 3146 1449 3171 8.
1475 3145 1506 3170 v.
1532 3145 1579 3169 ue
1603 3133 1643 3168 in
1667 3134 1738 3168 hoc
1763 3133 1846 3169 loco
1871 3133 1998 3179 potest

296 3198 363 3232 pro
389 3186 579 3232 expletiua
604 3185 725 3231 accipi
748 3185 781 3220 T
795 3186 808 3233 ΙΙ
826 3195 934 3231 asper
959 3195 1050 3230 quos
1075 3183 1245 3230 neglegit
1264 3183 1329 3230 θη
1354 3186 1399 3219 24
1425 3181 1616 3227 explatiua
1634 3180 1674 3216 F
1690 3182 1702 3227 ΙΙ
1721 3184 1765 3216 26
1792 3180 1855 3226 ad]
1880 3180 1946 3216 aut
1964 3180 1998 3215 L

297 3235 308 3281 Η
333 3238 378 3270 27
405 3233 529 3281 omne]
555 3243 708 3269 romane
734 3233 775 3268 Η
