2092 3614
281 656 302 687 ὃ

262 1012 305 1043 10

266 1369 308 1400 15

263 1725 310 1757 20

329 252 416 294 184
1101 253 1263 291 SERVII

325 362 431 404 viris
465 363 518 405 ab
550 363 659 419 ipsis
690 366 787 406 iura
816 363 986 406 fetialia
1011 366 1055 406 et
1080 379 1168 406 non
1192 363 1314 405 nulla
1339 364 1638 419 supplementa
1663 365 1887 408 duodecim
1913 366 2035 408 tabu-

326 434 467 476 larum
499 434 684 491 accepit,
717 450 822 490 quas
853 435 1068 477 habuerat
1099 436 1154 477 ab
1190 434 1538 479 Atheniensibus.

446 506 545 548 696.
595 518 647 548 HI
667 518 890 549 sonAo'rls
911 519 1102 549 HABENT
1124 518 1270 549 Ancns
1296 521 1419 549 mons
1448 508 1561 563 apud
1581 508 1743 564 Hirpos
1768 508 1884 551 haud
1908 509 2038 565 longe

328 591 354 618 a
378 576 611 633 Flaminia,
643 577 694 619 de
727 592 811 633 quo
838 577 1045 620 Horatius
1077 577 1220 620 vides
1252 580 1308 620 ut
1340 578 1451 621 alta
1483 581 1587 621 stet
1618 579 1734 622 nive
1766 579 2039 622 candidum

329 648 556 691 Soracte.
648 660 970 700 FLAVINIAQVE
991 660 1118 691 ARVA
1143 649 1263 692 locus
1290 653 1356 692 est
1381 649 1426 691 in
1446 649 1576 692 Italia
1595 649 1836 692 Flavinium
1856 651 2040 693 nomine.

448 720 546 762 697.
596 732 657 761 ΕΤ
690 732 841 763 CIMINI
874 731 970 763 cvm
1002 732 1164 763 MONTE
1195 731 1357 763 LAcvu
1393 723 1437 763 et
1468 721 1587 764 lacus
1622 724 1664 763 et
1694 736 1820 764 mons
1850 722 1934 764 hoc
1963 737 2039 764 no-

328 791 443 833 mine
476 791 762 846 appellantur.
813 805 916 834 sane
947 791 1030 834 hoc
1062 791 1196 834 habet
1220 792 1382 835 fabula.
1433 788 1663 847 aliquando
1690 792 1918 848 Hercules,
1949 806 2040 835 eum

327 863 376 905 de
399 863 617 916 Hispania
641 863 806 918 rediret,
838 863 893 904 ad
918 863 997 905 hos
1023 864 1205 919 populos
1233 864 1361 906 venit.
1406 864 1480 919 qui
1507 879 1603 906 cum
1630 880 1655 906 a
1675 865 1860 920 singulis
1886 879 2039 919 provo-

330 927 502 976 caretur
534 933 587 975 ad
619 934 930 976 ostendendam
964 935 1187 990 virtutem,
1223 935 1420 978 defixisse
1454 936 1610 978 dicitur
1642 938 1809 978 vectem
1841 935 2041 990 ferreum,

331 1020 417 1061 quo
451 1005 741 1047 exercebatur.
790 1006 864 1061 qui
896 1021 992 1048 cum
1024 1008 1167 1048 terrae
1200 1009 1315 1049 esset
1345 1007 1509 1049 adfixus
1542 1010 1584 1049 et
1616 1022 1641 1050 a
1671 1007 1792 1050 nullo
1826 1007 2042 1062 potuisset

329 1076 508 1130 auferri,
547 1090 643 1117 eum
681 1078 862 1130 rogatus
900 1077 1094 1133 sustulit,
1132 1077 1243 1119 unde
1282 1078 1478 1120 inmensa
1515 1078 1581 1121 vis
1614 1093 1750 1135 aquae
1783 1081 1930 1121 secuta
1961 1081 2038 1134 est,

331 1162 441 1203 quae
473 1145 691 1189 Ciminum
735 1147 877 1189 lacum
922 1147 1037 1189 fecit.
1158 1160 1402 1200 nvcosqvn
1443 1161 1654 1192 CAPENOS
1693 1149 1766 1192 hos
1805 1150 1905 1192 dicit
1940 1149 2042 1192 Cato

338 1219 549 1262 Veientum
580 1215 780 1275 (iuvenes)
811 1220 1038 1262 condidisse
1067 1220 1225 1262 anxilio
1256 1221 1361 1274 reyis
1385 1221 1610 1274 Propertii,
1640 1222 1713 1275 qui
1742 1235 1807 1264 eos
1832 1220 2041 1275 Capenam

330 1304 423 1332 enm
453 1290 736 1345 adolevissent,
766 1290 946 1333 miserat.
997 1290 1109 1333 unde
1142 1293 1186 1333 et
1215 1294 1345 1346 porta
1375 1291 1566 1348 Capena,
1599 1307 1707 1348 quae
1725 1291 1860 1335 >iuxta
1890 1291 2041 1335 Came-

333 1377 412 1404 nas
445 1364 530 1416 est,
560 1376 718 1403 nomen
750 1362 927 1417 accepit.

451 1433 551 1475 698.
600 1443 808 1483 AEQVATI
845 1445 1040 1476 NVMERO
1079 1434 1305 1488 aequaliter
1343 1434 1550 1489 ordinati,
1581 1434 1738 1491 digesti
1771 1434 1817 1476 in
1849 1433 2042 1476 ordinem

334 1528 388 1534 -
421 1504 522 1546 hinc
558 1506 626 1546 est
659 1503 989 1559 ‘saepenumero
1023 1503 1212 1560 scripsi',
1249 1505 1330 1548 hoc
1369 1508 1435 1548 est
1473 1505 1621 1547 ordine
1656 1530 1706 1535 —
1742 1507 2042 1565 congruenter,

333 1575 447 1617 sicut
476 1575 675 1630 decebat,
706 1575 1038 1618 rationabiliter.

454 1647 551 1691 699.
603 1658 801 1697 Liova
834 1658 975 1688 INTER
1007 1659 1182 1690 NVBILA
1219 1663 1348 1704 pura,
1384 1650 1508 1703 sicea,
1539 1663 1697 1691 serena:
1739 1648 1813 1691 sed
1851 1648 1913 1689 nil
1952 1650 2043 1690 tam

337 1717 599 1760 contrarium
632 1717 832 1759 nubibus.
883 1731 986 1774 ergo
1019 1719 1155 1761 nubes
1187 1734 1267 1774 pro
1300 1734 1396 1762 aere
1427 1720 1593 1775 posuit,
1623 1722 1671 1762 ut
1703 1719 1887 1762 diximus
1914 1734 2045 1775 supra

335 1787 406 1844 <V
439 1788 568 1843 525).

430 1921 452 1951 4
478 1917 656 1953 Horatius
701 1929 814 1953 carm.
840 1918 857 1952 I
883 1923 916 1963 9,
946 1923 962 1953 1
995 1919 1007 1963 ΙΙ
1039 1923 1059 1954 7
1086 1918 1289 1963 aliquando
1316 1919 1493 1955 Hercules
1520 1931 1550 1955 e.
1576 1932 1612 1965 q.
1639 1920 1683 1966 s.]
1719 1931 1834 1956 exscr.
1862 1920 2045 1966 mythogr.

334 1965 352 1999 I
377 1968 423 2000 54
451 1965 463 2010 ΙΙ
496 1968 538 2000 12
567 1964 659 2001 Cato
705 1977 756 2001 or.
783 1965 817 2000 ΙΙ
845 1970 886 2002 17
914 1966 1023 2010 Iord,
1049 1969 1094 2001 48
1120 1966 1200 2001 Pet.
1233 1967 1245 2013 Η
1278 1970 1322 2001 14
1348 1967 1446 2002 unde
1473 1994 1480 2003 .
1503 1994 1510 2002 .
1532 1995 1540 2003 .
1566 1967 1728 2014 accepit]
1756 1967 1803 2003 cf.
1829 1968 1944 2003 schol.
1971 1968 2045 2003 vet.

335 2012 375 2047 in
399 2013 477 2048 Iuv.
504 2013 573 2049 sat.
601 2013 652 2048 ΙΙΙ
681 2016 720 2048 11
899 2027 901 2029 ’

442 2135 459 2166 1
493 2131 541 2167 ab
567 2131 659 2177 ipsis
684 2131 773 2167 LH
778 2131 828 2167 M
834 2146 842 2167 ε
875 2132 961 2168 inde
993 2133 1113 2168 multa
1138 2132 1259 2169 SRF
1291 2134 1304 2178 ΙΙ
1339 2132 1500 2180 fetialia]
1534 2133 1683 2170 fecialia
1707 2134 1787 2170 RL
1823 2133 1971 2169 fetiatia
1995 2134 2048 2177 H,

342 2190 409 2214 om.
438 2178 487 2214 F.
521 2178 678 2225 collegit
701 2180 787 2215 add.
813 2179 950 2217 SRFl
979 2181 992 2225 ΙΙ
1029 2185 1049 2215 2
1077 2192 1170 2226 quas
1195 2181 1351 2216 abuerat
1375 2180 1599 2226 (habuerant
1622 2182 1670 2224 L)
1696 2181 1743 2216 ab
1769 2180 2047 2217 atheniensibus

341 2226 441 2261 LH:
477 2237 570 2271 quas
604 2226 789 2262 habuerat
823 2238 909 2261 nam
944 2228 992 2262 ab
1023 2227 1305 2263 atheniensibus
1337 2228 1466 2263 decem
1499 2228 1710 2263 habuerunt
1741 2227 1890 2263 tabulas
1921 2228 2050 2263 SRM

344 2285 431 2308 nam
456 2273 504 2309 ab
531 2274 812 2309 atheniensibus
838 2274 964 2310 decem
997 2274 1209 2310 habuerunt
1238 2275 1386 2310 tabulas
1412 2275 1453 2310 F
1479 2276 1491 2321 ΙΙ
1528 2280 1548 2310 3
1575 2288 1746 2311 sonno-ms
1771 2276 1810 2310 F
1838 2277 1851 2321 ΙΙ
1886 2288 1994 2310 An'rns
2020 2276 2049 2311 S

270 2351 272 2353 ,
342 2333 467 2355 Ancms
493 2320 535 2356 F
549 2322 562 2366 ΙΙ
589 2321 712 2367 mons]
741 2321 894 2356 Soracte
920 2322 984 2366 qui
1009 2333 1114 2357 mons
1138 2322 1172 2356 L
1196 2323 1269 2366 (est
1293 2323 1378 2359 add.
1405 2323 1432 2364 l)
1473 2324 1645 2358 Socracte
1672 2323 1736 2367 qui
1761 2324 1818 2358 est
1841 2333 1947 2358 mons
1972 2323 2017 2357 H
2024 2322 2049 2376 J!

342 2367 443 2412 apud
467 2378 534 2404 om.
560 2367 597 2403 R
615 2369 628 2413 ΙΙ
655 2368 793 2413 Hirpos
818 2370 951 2414 scripsi
976 2370 1035 2414 (ef'.
1065 2370 1166 2404 Plin.
1192 2373 1269 2405 nat.
1295 2370 1377 2405 hist.
1403 2370 1471 2406 VII
1499 2373 1518 2413 ἓ
1541 2372 1615 2415 19):
1641 2370 1792 2416 arpinos
1818 2370 1903 2405 SM
1934 2370 2048 2416 hirpi-

342 2425 410 2449 nos
435 2414 473 2449 R
509 2415 662 2459 yrpinos
688 2415 723 2449 L
759 2415 900 2461 irpinos
925 2416 969 2451 H
1003 2415 1170 2461 hirpinos
1196 2418 1252 2452 est
1276 2417 1316 2452 F
1338 2419 1350 2463 Ι]
1378 2417 1487 2463 longe
1514 2417 1551 2463 a]
1578 2418 1751 2463 longeam
1777 2417 1823 2452 H
1854 2416 1966 2463 longe
1992 2418 2050 2453 est

343 2473 366 2497 a
392 2462 442 2496 M
457 2463 470 2506 ΙΙ
489 2465 511 2496 4
536 2461 722 2497 Flaminia
747 2491 755 2498 .
778 2490 785 2497 .
807 2489 814 2496 .
843 2462 994 2499 Soracte
1019 2475 1085 2500 om.
1106 2464 1191 2499 LH
1213 2465 1311 2508 (add.
1333 2466 1358 2509 l)
1378 2466 1390 2510 ΙΙ
1409 2469 1450 2500 ut
1475 2465 1554 2500 alta
1577 2465 1683 2500 uides
1704 2464 1744 2500 F
1758 2466 1770 2510 ΙΙ
1788 2465 1919 2500 uidens
1945 2465 1974 2500 S
1982 2465 2031 2500 M
2037 2466 2050 2500 l

343 2511 449 2553 (corr.
469 2510 518 2554 m)
537 2511 550 2555 ΙΙ
574 2509 775 2545 candidum
801 2509 953 2546 Soracte
979 2522 1044 2548 om.
1059 2511 1096 2546 R
1114 2512 1127 2556 ΙΙ
1152 2514 1173 2546 5
1198 2511 1410 2546 Flauinium
1436 2513 1533 2547 libri.
1571 2525 1595 2547 a
1620 2512 1713 2548 Silio
1738 2513 1823 2547 VIII
1843 2515 1911 2548 492
1927 2511 2048 2547 -‘Fla-

342 2556 446 2591 vina’
475 2557 651 2601 oppidum
675 2558 890 2593 nominatur
920 2559 933 2603 ss
970 2563 990 2593 9
1017 2558 1196 2594 deiecisse
1222 2559 1341 2594 SRF
1368 2561 1380 2604 ΙΙ
1418 2563 1461 2594 10
1487 2571 1560 2604 quo
1587 2588 1594 2594 .
1618 2587 1625 2595 .
1647 2589 1654 2596 .
1682 2559 1818 2595 auferri
1843 2570 1909 2595 om.
1937 2559 2008 2594 SR
2037 2558 2050 2604 Η

345 2603 609 2639 exercebamur
634 2604 679 2638 H
705 2606 717 2649 ΙΙ
755 2605 819 2649 qui
850 2617 934 2640 eum
965 2607 1087 2642 terrae
1117 2606 1172 2641 ita
1197 2607 1295 2642 esset
1320 2606 1461 2641 adfixus
1488 2609 1530 2641 ut
1554 2607 1595 2641 F
1621 2609 1634 2651 ΙΙ
1672 2611 1714 2641 11
1742 2607 1843 2652 eum]
1876 2617 1988 2651 quem
2012 2606 2049 2641 R

343 2661 428 2685 cum
455 2650 503 2693 F,
529 2662 596 2686 om.
623 2651 672 2686 Sl
690 2652 702 2696 ΙΙ
734 2655 775 2686 12
803 2651 1017 2687 ciminieum
1042 2653 1079 2688 R
1096 2654 1109 2699 ΙΙ
1133 2653 1224 2688 fecit
1248 2664 1314 2689 om.
1342 2653 1382 2688 F
1397 2655 1409 2698 ΙΙ
1434 2655 1501 2689 hos
1529 2682 1536 2689 .
1559 2682 1566 2689 .
1588 2681 1595 2688 .
1621 2654 1775 2689 miserat
1799 2665 1817 2689 e
1844 2653 2050 2689 Turonensi

343 2698 459 2733 edidit
477 2698 617 2733 Daniel
635 2700 647 2743 ΙΙ
669 2702 711 2733 13
731 2698 885 2734 iuvenes
906 2701 1051 2735 addidit
1078 2701 1293 2746 Waynerus.
1325 2702 1372 2744 cf.
1386 2701 1613 2737 Niebuhrius
1631 2702 1712 2737 hist.
1727 2701 1831 2737 Rom.
1846 2701 1879 2735 1³
1895 2712 1932 2745 p.
1950 2705 2017 2735 134
2037 2702 2048 2745 i}

346 2748 391 2780 14
411 2755 583 2780 camenas
603 2745 675 2780 SR
683 2745 739 2780 H:
761 2756 923 2790 capenas
943 2747 1035 2782 LM
1064 2759 1235 2783 camenos
1249 2748 1288 2783 F
1305 2749 1316 2793 ΙΙ
1338 2752 1380 2784 15
1400 2759 1535 2784 nomen
1554 2749 1700 2794 accepit
1718 2759 1784 2783 om.
1799 2748 1887 2782 LH
1906 2748 2006 2793 (add.
2022 2749 2047 2792 l)

343 2792 355 2838 ΙΙ
384 2796 427 2827 17
453 2791 541 2827 hinc
567 2820 575 2828 .
597 2820 604 2827 .
629 2820 636 2827 .
663 2792 792 2827 ordine
818 2804 883 2827 om.
910 2794 997 2828 LH
1019 2796 1117 2838 (add.
1146 2797 1171 2840 l)
1190 2797 1203 2841 ΙΙ
1222 2796 1280 2830 est
1302 2806 1369 2830 om.
1393 2796 1442 2830 M
1456 2797 1468 2840 ΙΙ
1488 2794 1707 2840 congruenti
1732 2796 1788 2830 ΒΖ
1826 2796 2049 2839 congruente

344 2840 380 2875 L
400 2840 413 2884 ΙΙ
443 2842 486 2874 18
513 2838 626 2885 sicut]
653 2839 682 2874 si
709 2839 749 2873 F
765 2841 777 2883 ΙΙ
796 2839 1070 2875 rationabiliter
1095 2853 1161 2878 om.
1188 2843 1273 2877 LH
1288 2843 1300 2888 ΙΙ
1319 2843 1369 2878 ad
1394 2843 1578 2878 canebant
1602 2854 1633 2878 v.
1655 2845 1723 2878 698
1750 2842 1860 2878 cantu
1886 2841 2050 2877 declara-

344 2887 439 2922 bant
467 2886 500 2920 Τ
516 2888 528 2931 ΙΙ
558 2890 600 2921 19
626 2885 722 2921 nihil
746 2886 782 2921 R
800 2887 813 2931 ΙΙ
831 2888 910 2921 taffi
935 2887 976 2922 F
991 2889 1003 2933 ΙΙ
1031 2893 1076 2923 20
1102 2900 1190 2934 ergo
1218 2918 1226 2926 .
1248 2917 1256 2925 .
1278 2916 1285 2923 .
1312 2890 1438 2936 supra]
1466 2900 1555 2936 ergo
1580 2890 1697 2925 nubes
1721 2901 1788 2935 pro
1814 2900 1898 2924 aere
1925 2889 2052 2934 posuit

345 2935 389 2969 ut
411 2932 566 2977 liquidis
598 2933 636 2968 in
666 2933 828 2969 nubibus
860 2934 952 2969 arsit
987 2936 1127 2970 arundo
1158 2938 1211 2971 ut·
1230 2936 1390 2972 diximus
1420 2948 1532 2982 supra
1557 2937 1643 2971 LH
1648 2937 1711 2979 M,
1745 2937 1821 2972 nisi
1843 2936 1941 2981 quod
1963 2947 2050 2970 nam

345 2979 510 3025 liquidae
542 2991 617 3015 non
649 2982 736 3016 sunt
766 2984 850 3016 ante
875 2992 963 3027 ergo
989 2983 1073 3018 add.
1103 2983 1167 3026 M,
1198 2983 1237 3018 in
1264 2984 1295 3018 V
1321 2988 1407 3028 post
1431 2995 1543 3029 supra
1567 2984 1651 3019 add.
1678 2984 1722 3019 L.
1766 2995 1851 3018 nam
1883 2982 2048 3027 liquidae

345 3038 420 3063 non
446 3028 541 3063 sunt.
581 3039 670 3073 ergo
688 3028 806 3063 nubes
832 3039 899 3073 pro
920 3039 1003 3064 aere
1030 3029 1155 3074 posuit
1179 3031 1221 3064 ut
1245 3030 1283 3064 in
1309 3029 1439 3075 quinto
1464 3032 1507 3065 ut
1532 3030 1683 3076 liquidis
1708 3030 1747 3065 in
1771 3029 1932 3064 nubibus
1957 3029 2051 3065 arsit

347 3075 498 3110 arundo.
542 3075 640 3109 unde
671 3076 789 3111 nubes
820 3087 887 3121 pro
920 3087 1004 3112 aere
1030 3076 1256 3121 accipiamus
1282 3077 1423 3122 positas
1448 3077 1519 3113 SR
1561 3089 1649 3112 nam
1673 3075 1836 3121 liquidae
1862 3087 1937 3111 non
1962 3078 2050 3112 sunt

346 3123 389 3157 ut
413 3122 528 3157 etiam
553 3121 590 3157 in
616 3121 748 3167 quinto
774 3122 933 3158 diximus
959 3124 1023 3159 ubi
1048 3128 1106 3159 est
1129 3122 1283 3168 liquidis
1310 3151 1317 3158 .
1339 3151 1347 3158 .
1370 3151 1377 3158 .
1403 3124 1544 3159 arundo
1564 3149 1572 3156 .
1594 3124 1691 3158 unde
1722 3123 1839 3158 nubes
1870 3135 1938 3169 pro
1964 3134 2048 3159 aere

346 3168 582 3252 accipiamiffi
598 3169 738 3251 psssiAEas
763 3169 804 3204 F
818 3171 831 3215 ΙΙ
856 3171 906 3206 ad
931 3182 1016 3206 cum
1041 3182 1121 3207 sese
1147 3182 1166 3206 e
1192 3172 1304 3215 pastu
1328 3171 1494 3206 referunt
1517 3182 1618 3215 supr.
1644 3181 1732 3206 vers.
1758 3172 1847 3206 tunc
1873 3169 1972 3206 enim
1995 3170 2049 3206 la-

365 3227 461 3252 lores
486 3228 534 3253 uo
551 3227 565 3250 1
583 3227 630 3252 an
