2092 3614
259 665 279 696 5

233 1022 276 1054 10

232 1379 276 1410 15

230 1738 277 1769 20

230 2093 277 2126 25

303 259 391 301 414
1075 260 1234 296 SERVH

303 384 331 412 a
374 370 670 424 transpadanis
712 370 878 413 auxilia
912 371 1199 424 postulaverit,
1243 383 1335 412 cum
1378 371 1510 413 omnis
1553 371 1749 414 exercitus
1790 372 2009 414 adversum

304 441 557 483 Mezentium
587 456 671 484 uno
702 443 785 484 loco
815 442 1045 488 consederit.
1095 445 1134 484 et
1160 444 1379 495 propterea
1401 445 1579 496 putatur
1600 445 1722 497 poeta
1753 442 1800 484 in
1826 443 2010 496 favorem

298 512 464 566 patriae
493 526 592 555 suae
626 512 700 555 hoc
731 514 901 567 locutus,
937 516 986 556 ut
1014 514 1063 555 de
1092 513 1168 555 hac
1198 513 1287 555 sola
1318 516 1436 556 trans
1466 513 1632 556 Padum
1654 527 1735 567 pro
1766 514 1907 555 Aenea
1936 514 2018 571 ael->

304 597 465 626 versum
489 584 740 627 Mezentium
765 585 930 627 auxilia
958 584 1090 637 faciat
1118 585 1287 639 venisse,
1318 585 1427 638 quod
1455 598 1526 627 nec
1549 585 1798 639 populorum
1828 586 2011 640 nomina,

304 668 389 706 nec,
406 655 668 697 lucumonum
697 656 908 698 rettulerit.

425 727 522 769 203.
574 738 719 770 Tvsco
751 739 814 768 DE
848 739 1081 770 SANGVINE
1114 739 1246 770 VIRES
1283 727 1383 781 quia
1419 727 1550 769 robur
1585 728 1728 769 totum
1765 742 1791 769 a
1821 724 2010 770 lucumo-

303 798 432 840 nibus
463 797 630 840 habuit.

423 870 522 911 204.
571 882 619 911 m
654 882 706 913 sn
739 882 897 913 ARMAT
929 872 975 914 id
1004 874 1062 913 est
1093 870 1192 913 odio
1226 870 1291 912 sui
1323 870 1366 911 in
1400 883 1520 911 arma
1552 869 1782 924 compellit.

422 940 520 983 205.
570 952 724 983 PATRE
757 953 943 984 BENAco
977 953 1196 984 Ἱ1731111113
1235 953 1509 983 HARvNDmE
1549 953 1734 984 GLAVGA
1766 952 1953 983 Minclvs
1985 953 2013 983 1.

302 1024 346 1053 D.
378 1024 405 1053 Ι.
438 1024 478 1053 A.
511 1024 617 1054 PINv
655 1011 850 1055 Benacus
894 1014 1013 1056 lacus
1052 1016 1118 1056 est
1149 1012 1377 1067 Venetiae,
1417 1012 1468 1054 de
1506 1027 1590 1067 quo
1629 1013 1782 1054 fluvius
1820 1012 2014 1055 nascitur

302 1083 499 1126 Mincius.
562 1084 653 1125 iure
692 1098 796 1140 ergo
829 1084 912 1127 dux
945 1084 1137 1127 Venetus
1176 1084 1354 1127 fluvium
1393 1083 1638 1139 provinciae
1677 1098 1779 1125 suae
1818 1083 2013 1138 depinxit

302 1154 344 1196 in
378 1155 496 1197 navi:
528 1170 655 1211 quem
690 1154 849 1198 Benaci
880 1156 1035 1211 filium,
1067 1156 1168 1211 quia
1200 1171 1251 1197 ex
1283 1156 1380 1211 ipso
1411 1155 1545 1197 habeb
1576 1155 1805 1210 originem,
1838 1154 1952 1197 dicit.

421 1226 520 1268 207.
571 1238 739 1269 GRAVIS
765 1227 911 1282 fortis,
937 1230 986 1269 1113
1010 1226 1124 1282 <XII
1144 1226 1260 1281 458>
1286 1226 1413 1269 ferit,
1443 1240 1562 1268 ense
1595 1240 1801 1281 gravem
1828 1226 2012 1282 Thym-

304 1297 488 1339 braeus
510 1296 720 1340 Osirim:
746 1299 807 1341 vel
832 1297 999 1353 ‘yravis'
1025 1301 1101 1341 aut
1124 1299 1279 1354 animo,
1303 1301 1379 1340 aut
1401 1301 1542 1353 aetate,
1567 1301 1641 1340 aut
1659 1297 1825 1352 ‘yravis'
1843 1302 2013 1352 propter

302 1382 464 1423 navem,
495 1383 597 1411 nam
627 1370 811 1423 sequitur
843 1369 1098 1424 ‘centenaque
1127 1370 1271 1412 arbore
1300 1370 1472 1423 fluctum
1503 1369 1684 1412 verberat
1706 1368 1952 1424 assuryevis'.

303 1450 616 1491 CENTENAQVE
644 1452 829 1484 ARBORE
854 1455 944 1483 non
970 1441 1032 1483 ait
1057 1441 1205 1496 remis,
1236 1441 1311 1483 sed
1337 1441 1583 1496 arboribus,
1610 1441 1663 1483 ad
1689 1441 2011 1496 exprimendam

302 1511 424 1553 navis
458 1511 821 1567 magnitudinem,
852 1527 962 1568 quae
994 1512 1138 1567 plures
1170 1512 1323 1555 habuit
1348 1526 1564 1555 remorum
1591 1512 1781 1554 ordines:
1814 1512 1923 1554 unde
1950 1513 2011 1555 ait

302 1582 501 1625 Lucanus
534 1582 768 1638 <111537>
801 1586 850 1625 et
882 1583 1089 1625 summis
1122 1584 1274 1639 longe
1306 1583 1430 1625 ferit
1461 1598 1683 1639 aequora
1713 1577 1879 1627 remis.

422 1654 521 1696 208.
572 1666 800 1697 MARMORE
833 1655 955 1697 mari.
1023 1641 1032 1647 “

422 1725 520 1768 209.
571 1743 711 1769 mzrozv
737 1727 876 1780 pictus
910 1727 953 1768 in
985 1726 1105 1769 navis
1127 1740 1282 1780 prora:
1321 1729 1359 1768 et
1386 1727 1446 1769 sic
1475 1727 1539 1769 ait
1567 1727 1687 1781 quasi
1717 1727 1765 1769 dc
1793 1741 1884 1769 vero
1918 1726 2011 1769 Tri·

303 1799 409 1848 tone,
449 1800 496 1838 ut
533 1796 647 1851 <VII
680 1797 794 1852 785>
828 1798 974 1852 yalea
1009 1798 1117 1840 alta
1154 1794 1467 1841 Chimaeram
1503 1799 1731 1850 sustinet,
1768 1798 2012 1852 Aetnaeos

302 1868 562 1921 efflantem
596 1869 830 1922 faucibus
867 1870 1017 1924 iynes.
1139 1880 1354 1912 GAERVLA
1385 1868 1573 1912 ‘caerula
1603 1868 1744 1925 fre’na',
1783 1884 1871 1911 non
1903 1869 2009 1912 ‘cae-

302 1939 398 1981 rula
429 1939 619 1996 concha',
650 1954 751 1982 nam
784 1955 932 1983 versus
963 1955 1051 1983 non
1084 1942 1183 1983 315111).

422 2011 520 2054 210.
570 2029 759 2055 zaream
782 2029 908 2057 TENVS
936 2015 984 2055 ut
1013 2026 1210 2054 crurum
1241 2015 1400 2068 tenus,
1432 2009 1534 2069 ἄχρι
1564 2012 1656 2054 τῶν
1687 2011 1906 2067 πλευρῶν.

303 2094 490 2125 HISPIDA
522 2083 717 2139 horrida,
750 2086 930 2126 saetosa.

422 2154 520 2197 211.
569 2166 717 2198 FRONS
743 2167 963 2198 HOMINEM
987 2166 1232 2197 PRAEFERT
1259 2154 1387 2196 modo
1413 2154 1601 2197 frontem
1627 2154 1814 2210 primam
1839 2157 2009 2209 partem

302 2225 494 2268 hominis
525 2226 778 2283 inssellegere
811 2226 1034 2282 debemus3
1063 2241 1163 2269 nam
1196 2226 1278 2269 hoc
1307 2226 1428 2269 dicit:
1461 2241 1486 2268 a
1511 2226 1652 2281 capite
1678 2239 1811 2280 usque
1839 2225 1891 2268 ad
1923 2225 2010 2267 ima

303 2296 439 2338 latera
470 2297 660 2340 hominis
692 2299 1017 2340 monstrabatur
1048 2298 1226 2353 effigies.

421 2368 521 2411 212.
571 2385 616 2411 se
624 2386 724 2412 mm
750 2386 943 2413 semmae>
971 2370 1187 2421 incertum,
1224 2372 1366 2411 utrum
1388 2368 1544 2424 pictus,
1575 2381 1632 2410 an
1662 2381 1712 2410 ex
1742 2381 1834 2410 aere
1859 2368 2009 2421 factus.

400 2499 444 2531 10
456 2497 644 2580 Ιῧθιέἒουε
671 2525 679 2534 .
706 2526 714 2534 .
741 2525 749 2533 .
776 2497 951 2544 Mincius]
985 2508 1098 2533 exscr.
1126 2496 1214 2532 Isid.
1241 2507 1292 2533 or.
1318 2495 1404 2532 XIII
1432 2499 1494 2542 19,
1521 2501 1541 2533 7
1578 2497 1591 2544 ΙΙ
1627 2500 1674 2532 24
1706 2508 1852 2533 crurum
1882 2497 2006 2545 renus]

303 2554 429 2589 georg.

401 2667 420 2699 1
447 2675 470 2699 a.
494 2675 560 2700 om.
588 2664 622 2699 G
639 2665 652 2710 ΙΙ
680 2668 701 2699 2
727 2663 947 2699 metenssium
974 2663 1008 2699 G
1026 2665 1039 2709 ΙΙ
1063 2665 1262 2710 propterea
1286 2664 1441 2700 Daniel:
1467 2674 1565 2711 ppea
1591 2663 1632 2699 F
1645 2664 1659 2709 ΙΙ
1682 2664 1836 2709 paratur
1858 2664 2008 2709 scripsi:

304 2711 456 2757 putetur
482 2711 523 2747 F
549 2713 561 2757 ΙΙ
598 2712 711 2757 poeba
734 2711 788 2757 in]
815 2713 967 2756 poetam
994 2711 1028 2746 G-
1064 2713 1076 2757 ΙΙ
1112 2715 1134 2746 4
1160 2711 1306 2747 uenisse
1332 2713 1371 2747 et
1397 2711 1497 2757 quod
1522 2711 1577 2755 F,
1603 2712 1641 2747 et
1665 2711 1778 2747 delevi
1812 2712 1826 2756 ΙΙ
1854 2715 1883 2746 ὅ
1908 2711 2009 2747 loco-

303 2770 455 2794 monum
481 2759 521 2794 F
553 2760 567 2805 Ι]
602 2759 774 2795 retulerit
804 2759 838 2794 G
873 2759 886 2804 ΙΙ
922 2762 942 2793 6
975 2758 1234 2794 lucomonibus
1265 2760 1370 2803 libri,
1400 2760 1477 2794 nisi
1506 2759 1603 2804 quod
1632 2758 1890 2794 lucumonibus
1914 2769 1965 2793 ar
1995 2758 2006 2803 ῙΙ

304 2811 325 2841 9
351 2818 455 2841 mxi-1³1
479 2806 557 2841 RL
581 2807 594 2851 n
627 2811 669 2841 12
696 2806 785 2852 quia
807 2805 862 2842 A:
889 2815 985 2851 quae
1013 2807 1062 2840 M
1098 2806 1161 2851 qui
1184 2807 1316 2852 reliqui
1334 2808 1346 2853 ΙΙ
1377 2805 1559 2852 originem
1584 2805 1693 2852 dicit]
1718 2804 1837 2842 filium
1863 2804 2007 2850 origine

304 2853 408 2889 ducit
434 2854 482 2888 M
505 2855 518 2900 ΙΙ
551 2858 594 2889 13
620 2856 662 2889 ut
687 2853 791 2901 ferit]
817 2853 954 2889 infereb
979 2853 1020 2887 F
1035 2855 1046 2899 ΙΙ
1075 2854 1151 2889 fert
1174 2854 1247 2889 AS
1264 2856 1277 2900 ss
1306 2854 1488 2890 bimbreus
1512 2853 1548 2888 R
1585 2852 1802 2898 thymbreus
1827 2852 1879 2887 M
1908 2852 2005 2898 tym-

303 2902 413 2936 breus
432 2902 566 2946 reliqui
583 2902 596 2946 11
617 2905 661 2936 14
681 2900 797 2937 osirin
815 2901 853 2937 A
890 2900 1014 2945 osyrin
1032 2901 1132 2936 HM
1148 2902 1159 2947 ΙΙ
1179 2902 1228 2937 ad
1253 2914 1380 2938 omvxs
1405 2913 1433 2937 s.
1453 2912 1485 2936 v.
1510 2900 1619 2936 fortis
1643 2899 1705 2935 uel
1729 2899 1854 2944 grauis
1881 2901 2004 2935 aetate

303 2949 370 2983 aut
395 2947 523 2994 grauis
548 2948 672 2984 animo
698 2950 764 2983 aui:
789 2948 904 2984 etiam
928 2947 1053 2993 grauis
1078 2951 1231 2993 propter
1255 2960 1390 2985 nauem
1418 2948 1452 2983 Τ
1478 2949 1490 2995 ΙΙ
1525 2948 1591 2983 aut
1614 2946 1757 2993 gravis]
1782 2946 1906 2992 atgnis
1932 2947 1973 2982 F
1994 2947 2006 2994 Η

307 2999 350 3031 16
375 2996 430 3031 ita
453 3006 527 3031 non
554 2995 608 3030 ait
632 2996 800 3031 ASLH
813 2996 825 3043 ΙΙ
858 2999 900 3031 18
926 2995 1041 3041 longa
1066 2995 1115 3029 M
1129 2997 1140 3041 ΙΙ
1172 2996 1268 3040 petit
1292 2996 1333 3031 F
1347 2998 1360 3042 ΙΙ
1389 2996 1503 3032 ramis
1530 2995 1579 3030 M
1594 2995 1608 3040 ss
1637 2997 1683 3029 20
1707 3006 1808 3028 ‘trumo
1835 2993 1876 3028 F
1891 2995 1902 3041 ΙΙ
1919 2998 2006 3040 post

303 3055 414 3089 prora
438 3054 465 3079 s.
485 3054 517 3079 v.
537 3055 668 3079 manus
691 3055 813 3080 recens
837 3043 966 3079 sedere
992 3043 1076 3078 add.
1095 3043 1137 3078 in
1157 3043 1407 3086 Floriacensi,
1431 3043 1516 3078 inde
1540 3041 1579 3076 in
1603 3040 1709 3076 navis
1734 3052 1847 3086 prora
1872 3042 2005 3077 sedens

303 3091 442 3127 Daniel
459 3092 472 3136 ΙΙ
491 3094 534 3126 21
562 3091 745 3126 susssineat
763 3091 803 3126 F
818 3092 830 3138 ΙΙ
849 3094 893 3126 22
921 3101 1079 3125 cAnRvnA
1099 3102 1238 3126 0011an
1256 3103 1456 3126 ammanus
1480 3100 1592 3124 imam
1617 3089 1764 3124 caerula
1789 3088 1886 3124 freta
1913 3090 1957 3135 (c.
1977 3089 2003 3125 f.

304 3150 370 3174 om.
392 3138 440 3184 G)
468 3149 541 3173 non
566 3138 708 3174 concha
734 3139 866 3183 (conca
890 3137 938 3183 G)
965 3137 1092 3172 cerula
1115 3149 1162 3173 ne
1186 3150 1260 3174 non
1285 3139 1361 3174 stet
1384 3148 1513 3173 uersus
1537 3136 1569 3171 si
1594 3135 1720 3171 cerula
1751 3135 1864 3172 fuerit
1891 3136 2003 3182 septi-

304 3198 385 3221 mus
411 3197 517 3221 casus
542 3185 582 3220 F
597 3187 610 3230 ΙΙ
629 3190 674 3220 24
700 3198 781 3221 axm
806 3198 856 3221 τω
881 3196 941 3221 Pld.
966 3196 1073 3220 apum
1099 3184 1140 3219 F
1154 3186 1167 3230 ΙΙ
1185 3189 1230 3221 25
1255 3184 1422 3231 horrida]
1450 3185 1557 3229 berga
1583 3184 1649 3227 M,
1674 3194 1741 3218 om.
1769 3183 1809 3218 F
1823 3184 1835 3229 ΙΙ
1860 3187 1904 3219 26
1929 3183 2003 3229 pri·

304 3245 405 3269 mam
430 3245 495 3270 om.
518 3232 559 3268 F
573 3233 585 3280 ΙΙ
605 3238 648 3269 27
674 3232 835 3269 hominis
859 3233 1005 3279 parssem
1030 3231 1285 3279 intellegimus
1308 3233 1348 3268 F
1362 3233 1375 3278 ΙΙ
1394 3235 1439 3267 28
1465 3230 1593 3267 littera
1611 3231 1647 3266 R
1666 3232 1678 3277 ss
1697 3234 1741 3266 29
1766 3231 1947 3267 incertam
1965 3230 2007 3266 F
