2092 3614
350 255 438 298 614
1121 257 1282 294 SERVII

393 389 403 398 ·
469 367 569 409 423.
619 383 771 414 IAMQVE
800 383 945 409 SEGVTA
977 384 1124 410 MANVM
1151 367 1294 409 leniter
1325 367 1558 421 temptantis
1588 371 1726 410 secuta
1755 371 1824 412 est.
2059 412 2062 415 .

467 438 567 481 424.
617 451 666 480 IN
696 449 913 481 PRISTINA
943 438 989 479 in
1021 453 1145 480 usum
1178 439 1383 495 priorem,
1415 437 1487 481 hoc
1517 442 1575 481 est
1604 440 1744 493 quales
1771 440 1941 493 fuerunt
1966 441 2054 495 pri-

347 511 492 553 stinae.
552 510 613 552 vel
644 508 801 552 ‘novae'
833 523 1009 564 magnae
1038 513 1113 552 aut
1142 510 1285 552 mirae.

467 581 566 624 425.
616 599 723 624 ARMA
763 599 843 624 011'1
874 599 1097 625 PROPERATE
1139 599 1225 625 VIRO
1264 596 1337 624 suo
1378 595 1488 624 more
1525 583 1698 625 ostendit
1730 583 2055 636 festinationem:

301 661 322 692 5
348 657 444 696 ante
479 654 647 696 induxit
683 653 924 709 loquentem,
961 667 1086 707 quam
1122 654 1375 708 siynifiicaret
1411 654 1482 708 qui
1520 655 1755 708 loqueretur.
1816 656 1923 709 †qui
1952 656 2056 699 sicut

346 739 422 768 nos
454 724 697 780 ‘properare²
726 723 938 778 festinare’
971 725 1159 780 dicimus,
1190 726 1252 768 ita
1282 726 1445 779 antiqui
1463 739 1542 779 pro
1569 725 1698 769 edare’
1725 727 1931 769 dicebant:
1963 727 2054 770 Sal-

343 795 495 839 lustius
525 796 683 839 soleas
710 796 960 849 festinate.

466 868 566 910 427.
616 885 696 911 ivon
724 885 828 911 runc
857 885 1037 911 HVMANIS
1069 885 1206 911 offers
1227 871 1360 923 potest
1395 869 1613 912 subaudiri
1643 873 1680 912 et
1711 869 1814 912 ‘arte
1843 868 2055 912 humana'.

465 939 565 982 429.
614 951 762 982 MAIOR
794 950 906 982 AGIT
939 951 1061 983 DEVS
1096 940 1254 995 Apollo
1286 940 1446 995 scilicet,
1477 941 1677 983 inventor
1708 941 1954 983 medicinae:
1985 941 2057 983 hoc

278 1019 321 1050 10
347 1015 405 1054 est
434 1011 531 1054 haec
561 1012 650 1066 ayit
678 1012 824 1054 maior.

466 1083 566 1126 432.
615 1100 776 1126 HABJLJS
806 1100 952 1126 LATERI
983 1100 1094 1126 CLIPE
1102 1100 1144 1126 vs
1173 1087 1212 1126 et
1239 1083 1304 1126 hic
1335 1097 1524 1138 expressa
1551 1084 1762 1137 festinatio
1787 1087 1854 1127 est.
1953 1101 2055 1128 Lom-

348 1171 474 1202 OAQVE
504 1172 626 1197 renco
656 1171 730 1197 Esr
769 1168 898 1208 quare
940 1158 1048 1209 teryo
1087 1158 1266 1211 tantum,
1308 1169 1400 1198 cum
1438 1159 1565 1198 totum
1602 1156 1760 1198 ambiat
1794 1156 1968 1211 corpus?
2012 1159 2058 1198 at

346 1227 445 1280 quia
477 1226 585 1269 latus
615 1227 739 1281 clipeo
769 1227 932 1269 dixerat
962 1229 1118 1281 tectum,
1147 1230 1359 1281 supererat
1386 1231 1435 1269 ut
1463 1230 1619 1282 teryum
1650 1227 1777 1270 lorica
1806 1228 1995 1271 muniret.

466 1299 565 1341 434.
615 1315 775 1346 summo
785 1315 832 1340 VE
862 1316 934 1340 PER
966 1316 1128 1341 GALEAM
1161 1299 1340 1342 decenter
1375 1299 1539 1354 ,qalcam
1569 1313 1722 1353 quoque
1752 1313 1843 1341 euni
1874 1300 2056 1342 induisse

279 1377 322 1409 15
347 1370 564 1424 siqnificat.

466 1441 565 1484 435.
616 1453 870 1493 VERVMQVE
895 1453 1118 1484 LABOREM
1151 1457 1278 1497 quem
1310 1457 1388 1497 per
1418 1457 1485 1484 me
1518 1443 1609 1498 ipse
1636 1442 1836 1497 suscipio,
1866 1457 1952 1484 non
1980 1443 2054 1497 qui

349 1528 399 1555 ex
432 1513 614 1555 aliorum
645 1513 807 1556 virtute
839 1513 1172 1569 imperatoribus
1205 1514 1391 1556 adscribi
1423 1513 1657 1556 consuevit.

465 1585 564 1627 436.
614 1596 874 1628 FORTVNAM
899 1597 962 1627 Ex
988 1597 1107 1628 ALIIS
1141 1585 1420 1628 subaudimus
1451 1584 1604 1640 ‘opta':
1636 1599 1712 1628 nec
1739 1586 1851 1628 enim
1878 1585 2052 1628 fortuna

347 1656 540 1699 discitur.
601 1658 645 1698 et
683 1658 749 1698 est
784 1670 964 1713 zeugma
1000 1671 1089 1700 non
1127 1657 1356 1713 integrum.
1417 1658 1587 1711 quidam
1624 1660 1760 1699 autem
1796 1657 2052 1711 defectionem

275 1736 321 1768 20
339 1730 495 1782 putant
535 1730 574 1770 et
614 1728 744 1771 deesse
786 1728 929 1771 volunt
966 1727 1084 1782 ‘pete'
1124 1732 1199 1771 aut
1236 1728 1411 1783 ζαοοιὶοεῖ
1473 1728 1552 1770 alii
1587 1714 1765 1782 fiyurain
1802 1729 1943 1771 volunt
1972 1743 2051 1783 pro

348 1798 462 1853 ‘quid
488 1799 661 1852 fortuna
691 1800 747 1842 sit
776 1814 824 1843 ea·
854 1800 953 1843 aliis
983 1799 1127 1843 disce':
1159 1814 1251 1842 cum
1276 1804 1313 1842 et
1337 1800 1442 1842 bona
1467 1803 1505 1842 et
1528 1800 1641 1842 mala
1665 1800 1721 1842 sit
1739 1800 1922 1855 fortuna,
1952 1801 2054 1854 quid

344 1871 480 1913 valeat
508 1871 584 1913 dea
613 1870 722 1922 haec,
753 1885 801 1914 ex
831 1871 929 1914 aliis
959 1872 1084 1914 disce:
1114 1871 1203 1914 vult
1231 1872 1339 1913 enim
1370 1871 1558 1926 intedeyi,
1588 1884 1630 1914 se
1659 1872 1830 1914 adversa
1861 1886 1992 1914 usum.

463 1942 562 1984 437.
612 1959 824 1986 DEFENsvu
854 1961 975 1986 DABIT
1000 1957 1081 1997 pro
1123 1941 1355 1996 ‘defendet'.
1487 1955 1626 1985 INTER
1662 1955 1869 1986 PRAEMIA
1913 1943 2049 1986 ‘inter'

345 2017 489 2056 veteres
511 2027 593 2068 pro
625 2012 715 2056 ‘ad'
742 2014 971 2068 ponebant:
1002 2015 1049 2057 id
1070 2017 1130 2057 est
1154 2014 1206 2056 ad
1232 2014 1444 2069 praemia:
1478 2013 1627 2057 Cicero
1654 2014 1764 2057 dico
1796 2018 1845 2057 te
1877 2015 2048 2071 priore

274 2093 319 2126 25
344 2087 495 2128 nocte
527 2086 733 2128 venisse
763 2086 901 2128 inter
932 2086 1203 2142 falcarios,
1234 2086 1279 2128 id
1311 2088 1377 2128 est
1409 2086 1462 2128 ad
1493 2086 1706 2129 falcarios

440 2196 461 2227 6
488 2190 706 2239 Sallustius]
732 2191 818 2227 hist.
844 2192 915 2227 inc.
944 2195 1010 2227 105
1036 2191 1092 2236 D.⁷
1120 2195 1165 2226 74
1190 2192 1254 2228 Kr.
1284 2192 1297 2236 ΙΙ
1328 2195 1374 2226 24
1400 2190 1543 2238 Cicero]
1571 2191 1609 2226 in
1636 2191 1743 2227 Catil.
1770 2193 1785 2227 I
1812 2196 1846 2236 4,
1871 2196 1892 2228 8

441 2291 459 2322 1
485 2299 583 2322 mxv
609 2287 650 2322 F
664 2288 677 2332 ΙΙ
704 2291 725 2321 2
751 2291 912 2322 PRlSTINX
936 2287 1034 2322 HM
1047 2287 1059 2332 ΙΙ
1077 2297 1104 2322 s.
1130 2298 1162 2323 v.
1183 2291 1253 2322 424
1278 2286 1318 2321 id
1343 2287 1401 2321 est
1425 2286 1555 2331 quales
1580 2286 1730 2322 fuerunt
1753 2286 1943 2332 pristinae.
1981 2289 2047 2322 aut

342 2346 463 2371 nouae
495 2334 611 2370 mirae
644 2337 682 2370 et
712 2346 869 2380 magnae
899 2335 932 2369 Τ
966 2336 978 2380 ΙΙ
1015 2339 1036 2369 4
1063 2335 1112 2370 ad
1136 2346 1167 2370 v.
1195 2338 1263 2369 425
1289 2335 1331 2369 in
1354 2345 1467 2379 mary.
1495 2345 1559 2370 suo
1586 2346 1687 2370 more
1715 2364 1722 2371 .
1749 2361 1757 2368 .
1785 2363 1793 2370 .
1820 2334 2047 2379 significaret

343 2382 448 2427 loqui
478 2382 720 2427 incipientem
751 2382 781 2417 Τ
815 2384 827 2427 ΙΙ
864 2382 1062 2417 ostendens
1091 2382 1125 2416 Τ
1159 2384 1170 2427 ΙΙ
1208 2384 1228 2416 5
1255 2382 1319 2427 qui
1350 2393 1393 2417 ex
1421 2383 1471 2417 eis
1498 2393 1590 2427 quae
1608 2382 1834 2426 praecedunt
1855 2393 2046 2427 perperam

343 2431 487 2466 videtur
517 2430 707 2475 repetitum
738 2440 826 2474 esse,
862 2430 967 2475 atqui
999 2430 1114 2465 edidit
1138 2430 1285 2465 Daniel.
1324 2430 1336 2474 ΙΙ
1373 2433 1393 2464 6
1420 2430 1469 2464 ad
1494 2442 1690 2464 pnormzm:
1714 2440 1740 2464 s.
1767 2441 1799 2464 v.
1825 2440 1982 2475 propere
2008 2432 2046 2464 et

342 2476 565 2513 festinanter
590 2477 676 2512 date
699 2477 732 2511 Τ
748 2478 761 2522 ΙΙ
780 2477 876 2512 sicut
895 2504 903 2512 .
925 2504 932 2512 .
955 2505 962 2512 .
986 2476 1178 2522 dicebant]
1205 2476 1302 2512 sicut
1325 2487 1393 2511 nos
1418 2488 1617 2521 properare
1643 2476 1799 2512 dicimus
1823 2477 1877 2512 ita
1902 2477 2046 2522 antiqui

342 2524 520 2560 festinare
545 2535 613 2570 pro
639 2524 727 2559 dare
753 2524 929 2559 dicebant
953 2525 1045 2559 coni.
1066 2524 1275 2559 Dictschius
1300 2524 1349 2559 ad
1374 2523 1464 2559 Sall.
1487 2525 1508 2558 l.
1531 2525 1552 2559 l.
1571 2535 1607 2568 p.
1631 2527 1709 2559 141.
1742 2524 1838 2559 sicut
1856 2535 1923 2559 nos
1946 2524 2044 2570 ‘pro-

342 2572 488 2617 perare’
519 2571 724 2607 ‘festinare’
753 2582 820 2616 pro
843 2571 1079 2606 ‘festinanter
1097 2570 1167 2606 ire'
1196 2571 1366 2614 dicimus,
1390 2571 1445 2606 ita
1464 2571 1608 2616 antiqui
1633 2582 1699 2616 pro
1723 2571 1841 2606 ‘dare’
1869 2571 2045 2607 dicebant

343 2619 551 2655 Schoellius.
578 2619 625 2663 cf.
645 2619 694 2654 ad
713 2618 765 2653 IV
786 2622 854 2654 575
874 2622 907 2654 et
925 2618 977 2653 IX
996 2622 1064 2654 399
1083 2619 1096 2664 ΙΙ
1116 2622 1136 2654 7
1157 2617 1278 2654 soleas
1299 2618 1520 2654 Masvicius:
1546 2619 1642 2654 solas
1655 2619 1695 2653 F
1711 2620 1723 2666 ΙΙ
1742 2619 1917 2654 festinare
1938 2619 2043 2655 Mas-

342 2668 459 2703 vicius
489 2667 502 2712 ΙΙ
533 2670 555 2702 8
581 2668 661 2702 arte
688 2667 912 2702 Masvicius:
938 2667 1024 2701 ante
1050 2666 1097 2701 F.
1137 2667 1253 2702 dicere
1276 2667 1392 2701 voluit
1417 2667 1594 2710 interpres
1619 2667 1669 2702 ad
1699 2667 1778 2702 arte
1810 2678 1854 2702 ex
1878 2667 1928 2702 eis
1952 2677 2044 2712 quac

336 2715 563 2760 praecedunt
586 2714 752 2750 humana
775 2714 1050 2759 intelleyendum
1076 2725 1148 2749 esse
1165 2714 1177 2760 ss
1197 2717 1217 2749 9
1243 2714 1415 2749 inuentor
1440 2712 1575 2759 Apollo
1601 2712 1745 2750 scilicet
1768 2713 1974 2750 medicinae
1994 2713 2043 2749 F.

342 2762 476 2807 Apollo
507 2762 681 2798 inuentor
713 2760 858 2797 scilicet
888 2773 936 2796 m.
964 2761 1170 2806 Stephanus
1205 2761 1217 2807 ΙΙ
1256 2765 1297 2796 11
1325 2762 1375 2797 ad
1400 2773 1507 2797 svnAs
1532 2774 1555 2798 1.
1581 2774 1614 2797 A.
1640 2773 1667 2797 s.
1694 2773 1725 2798 v.
1751 2761 1791 2796 id
1816 2762 1872 2796 est
1895 2761 2044 2797 tibialia

340 2808 523 2845 induerat.
562 2811 599 2845 et
624 2810 682 2845 est
706 2819 880 2855 expressa
904 2809 1094 2844 festinatio
1118 2809 1152 2844 T
1164 2810 1176 2853 ΙΙ
1196 2810 1244 2844 ad
1262 2820 1460 2849 LochQvn
1481 2823 1510 2844 r.
1532 2822 1564 2843 n.
1590 2820 1618 2844 s.
1637 2821 1669 2844 v.
1690 2808 1779 2854 quia
1804 2809 1902 2844 latus
1922 2808 2041 2854 clipeo

342 2857 488 2892 dixerat
510 2858 650 2892 tectum
677 2858 871 2902 supererat
894 2857 936 2890 ut
959 2857 1106 2901 tergum
1131 2855 1250 2892 lorica
1274 2857 1435 2891 muniret
1454 2883 1461 2891 .
1483 2855 1625 2901 alioqui
1646 2856 1763 2892 lorica
1782 2857 1903 2891 totum
1923 2854 2043 2891 ambit

342 2915 473 2949 corpus
502 2904 561 2950 ΤΙΙ
594 2908 637 2939 12
664 2908 730 2940 aut
754 2903 803 2948 F,
828 2905 969 2940 correxi
986 2905 998 2950 ΙΙ
1031 2907 1073 2939 13
1099 2906 1204 2948 tergo
1231 2904 1270 2938 F
1286 2906 1298 2948 Η
1332 2907 1374 2938 14
1399 2904 1448 2939 ad
1472 2916 1642 2939 DELIBANS
1669 2917 1700 2939 ο.
1726 2917 1757 2939 r.
1784 2906 1828 2947 (v.
1849 2904 1933 2948 434)
1958 2914 2040 2949 pro-

341 2952 474 2996 pinans
500 2951 539 2986 et
564 2952 737 2987 decenter
769 2953 838 2987 hoc
869 2951 952 2986 loco
984 2952 1131 2997 galeam
1163 2950 1326 2986 induisse
1352 2951 1536 2996 significat
1563 2951 1597 2985 Τ
1630 2952 1642 2997 ΙΙ
1679 2962 1762 2986 eum
1788 2961 1866 2996 cyo:
1893 2962 1978 2987 cum
2004 2950 2045 2986 F

340 3000 419 3034 tum
446 2999 585 3034 Daniel
608 3000 619 3046 ΙΙ
652 3003 695 3035 17
723 2998 916 3035 consueuit
941 2998 1102 3034 adscribi
1127 2999 1242 3034 ASR
1267 3000 1279 3045 1}
1313 3002 1355 3034 18
1380 2997 1464 3045 nec]
1492 3010 1578 3033 nam
1604 2999 1655 3033 M
1684 3009 1803 3043 neque
1829 2998 1869 3032 F
1890 2999 1902 3045 ΙΙ
1935 3002 1977 3033 19
2003 2999 2042 3034 et

341 3049 399 3081 est
424 3074 432 3082 .
454 3074 462 3082 .
482 3075 487 3084 .
517 3046 705 3092 integrum
730 3058 797 3084 om.
824 3046 864 3082 F
879 3047 892 3091 ss
922 3057 1051 3081 zeuma
1077 3047 1163 3082 libri
1183 3048 1347 3092 plerique
1365 3047 1376 3092 ΙΙ
1407 3047 1456 3082 ad
1480 3058 1668 3081 ronrvmu
1693 3047 1734 3081 in
1758 3057 1872 3092 mary.
1898 3045 2040 3081 scilicet

340 3096 430 3139 opta
449 3120 456 3128 .
478 3094 516 3129 et
540 3094 692 3138 quidam
717 3093 964 3130 defectionem
988 3095 1123 3139 putant
1149 3120 1157 3129 .
1180 3121 1187 3129 .
1210 3123 1217 3131 .
1245 3104 1284 3129 se
1310 3093 1468 3128 aduersa
1493 3104 1665 3129 ausurum
1691 3094 1769 3138 (sic)
1799 3093 1832 3127 Τ
1848 3095 1860 3139 ΙΙ
1885 3096 1925 3128 21
1957 3105 2039 3128 cum

338 3141 437 3177 bona
456 3141 496 3176 F
511 3142 524 3186 fl
552 3145 596 3177 22
624 3141 694 3177 dea
717 3142 789 3177 hac
809 3141 850 3176 F
883 3141 975 3177 haec
1001 3140 1071 3176 dea
1093 3141 1126 3176 Τ
1141 3142 1153 3188 [Ι
1172 3153 1222 3177 an
1246 3153 1397 3176 usurum
1417 3145 1433 3177 ⁵?
1452 3142 1465 3186 ΙΙ
1483 3144 1528 3176 23
1554 3142 1603 3176 ad
1627 3153 1811 3176 nnrnnsvu
1835 3154 1869 3176 D.
1894 3151 1921 3176 s.
1942 3151 1973 3176 v.
1999 3139 2039 3175 id

341 3189 398 3224 est
422 3188 597 3224 defendet
622 3200 644 3224 a
669 3189 768 3224 bello
797 3189 831 3224 Τ
846 3190 859 3236 ΙΙ
883 3189 1049 3225 defendit
1074 3188 1114 3223 F
1129 3190 1141 3235 ΙΙ
1169 3190 1218 3225 ad
1242 3202 1348 3224 mrim
1371 3200 1399 3224 s.
1425 3199 1456 3224 v.
1483 3199 1550 3234 pro
1575 3188 1623 3223 ad.
1652 3188 1685 3222 Τ
1706 3189 1718 3234 ΙΙ
1746 3192 1792 3223 24
1817 3187 1942 3233 priora
1965 3187 2007 3223 F
2027 3186 2039 3235 ΙΙ

340 3240 385 3271 25
410 3236 450 3271 id
475 3237 533 3272 est
557 3237 604 3271 ad
628 3236 801 3272 falcarios
826 3247 892 3273 om.
913 3236 954 3271 F
