<?xml version="1.0" encoding="UTF-8"?>
<!DOCTYPE html PUBLIC "-//W3C//DTD XHTML 1.0 Transitional//EN"
    "http://www.w3.org/TR/xhtml1/DTD/xhtml1-transitional.dtd">
<html xmlns="http://www.w3.org/1999/xhtml" xml:lang="en" lang="en">
 <head>
  <title>
</title>
<meta http-equiv="Content-Type" content="text/html;charset=utf-8" />
  <meta name='ocr-system' content='tesseract 3.04.00' />
  <meta name='ocr-capabilities' content='ocr_page ocr_carea ocr_par ocr_line ocrx_word'/>
</head>
<body>
  <div class='ocr_page' id='page_1' title='image "./invergiliicarmin02servuoft_0071.png"; bbox 0 0 2124 3600; ppageno 0'>
   <div class='ocr_carea' id='block_1_1' title="bbox 543 247 1817 304">
    <p class='ocr_par' dir='ltr' id='par_1_1' title="bbox 543 247 1817 304">
     <span class='ocr_line' id='line_1_1' title="bbox 543 247 1817 304; baseline 0 -2"><span class='ocrx_word' id='word_1_1' title='bbox 543 266 695 303; x_wconf 86' lang='lat' dir='ltr'><strong>cOMM.</strong></span> <span class='ocrx_word' id='word_1_2' title='bbox 722 266 774 301; x_wconf 80' lang='lat' dir='ltr'><strong>IN</strong></span> <span class='ocrx_word' id='word_1_3' title='bbox 798 265 942 302; x_wconf 66' lang='lat' dir='ltr'><strong>vane.</strong></span> <span class='ocrx_word' id='word_1_4' title='bbox 967 263 1079 301; x_wconf 83' lang='lat' dir='ltr'><strong>AEN.</strong></span> <span class='ocrx_word' id='word_1_5' title='bbox 1105 265 1158 301; x_wconf 80' lang='lat' dir='ltr'><strong>vi</strong></span> <span class='ocrx_word' id='word_1_6' title='bbox 1182 247 1383 301; x_wconf 73' lang='lat'><strong>325-340.</strong></span> <span class='ocrx_word' id='word_1_7' title='bbox 1763 262 1817 304; x_wconf 82' lang='lat'><strong>57</strong></span> 
     </span>
    </p>
   </div>
   <div class='ocr_carea' id='block_1_2' title="bbox 108 372 1902 2001">
    <p class='ocr_par' dir='ltr' id='par_1_2' title="bbox 108 372 1868 719">
     <span class='ocr_line' id='line_1_2' title="bbox 109 372 1820 430; baseline -0.004 -9"><span class='ocrx_word' id='word_1_8' title='bbox 109 390 257 421; x_wconf 80' lang='lat' dir='ltr'><strong>ANIMO</strong></span> <span class='ocrx_word' id='word_1_9' title='bbox 283 387 545 421; x_wconf 80' lang='lat' dir='ltr'>MISERATVS</span> <span class='ocrx_word' id='word_1_10' title='bbox 572 386 771 427; x_wconf 76' lang='lat' dir='ltr'><strong>INIQVAM</strong></span> <span class='ocrx_word' id='word_1_11' title='bbox 800 374 949 430; x_wconf 89' lang='lat' dir='ltr'><strong>iniqua</strong></span> <span class='ocrx_word' id='word_1_12' title='bbox 980 374 1096 416; x_wconf 91' lang='lat' dir='ltr'><strong>enim</strong></span> <span class='ocrx_word' id='word_1_13' title='bbox 1129 387 1223 416; x_wconf 89' lang='lat' dir='ltr'><strong>sors</strong></span> <span class='ocrx_word' id='word_1_14' title='bbox 1251 375 1318 415; x_wconf 88' lang='lat' dir='ltr'><strong>est</strong></span> <span class='ocrx_word' id='word_1_15' title='bbox 1342 373 1485 428; x_wconf 89' lang='lat' dir='ltr'><strong>puniri</strong></span> <span class='ocrx_word' id='word_1_16' title='bbox 1510 374 1688 428; x_wconf 84' lang='lat' dir='ltr'><strong>propter</strong></span> <span class='ocrx_word' id='word_1_17' title='bbox 1715 372 1820 415; x_wconf 88' lang='lat' dir='ltr'><strong>alte-</strong></span> 
     </span>
     <span class='ocr_line' id='line_1_3' title="bbox 109 444 1819 506; baseline -0.004 -14"><span class='ocrx_word' id='word_1_18' title='bbox 109 450 197 492; x_wconf 89' lang='lat' dir='ltr'><strong>rius</strong></span> <span class='ocrx_word' id='word_1_19' title='bbox 219 447 573 505; x_wconf 83' lang='lat' dir='ltr'><strong>-neglegentiam;</strong></span> <span class='ocrx_word' id='word_1_20' title='bbox 611 447 846 506; x_wconf 54' lang='grc'><strong>2606111111</strong></span> <span class='ocrx_word' id='word_1_21' title='bbox 879 445 974 501; x_wconf 92' lang='lat' dir='ltr'><strong>quis</strong></span> <span class='ocrx_word' id='word_1_22' title='bbox 1006 445 1134 500; x_wconf 89' lang='lat' dir='ltr'><strong>culpa</strong></span> <span class='ocrx_word' id='word_1_23' title='bbox 1166 459 1244 486; x_wconf 89' lang='lat' dir='ltr'><strong>sua</strong></span> <span class='ocrx_word' id='word_1_24' title='bbox 1282 445 1400 485; x_wconf 89' lang='lat' dir='ltr'><strong>caret</strong></span> <span class='ocrx_word' id='word_1_25' title='bbox 1439 444 1649 499; x_wconf 87' lang='lat' dir='ltr'><strong>sepulcro.</strong></span> <span class='ocrx_word' id='word_1_26' title='bbox 1712 444 1819 486; x_wconf 92' lang='lat' dir='ltr'><strong>bene</strong></span> 
     </span>
     <span class='ocr_line' id='line_1_4' title="bbox 109 514 1827 574; baseline -0.003 -11"><span class='ocrx_word' id='word_1_27' title='bbox 109 523 253 563; x_wconf 88' lang='lat' dir='ltr'><strong>autem</strong></span> <span class='ocrx_word' id='word_1_28' title='bbox 287 518 490 574; x_wconf 75' lang='lat' dir='ltr'><strong>‘animo&#39;,</strong></span> <span class='ocrx_word' id='word_1_29' title='bbox 535 521 657 573; x_wconf 83' lang='lat' dir='ltr'>quasi</span> <span class='ocrx_word' id='word_1_30' title='bbox 702 533 748 560; x_wconf 89' lang='lat' dir='ltr'><strong>re</strong></span> <span class='ocrx_word' id='word_1_31' title='bbox 791 530 1023 572; x_wconf 86' lang='lat' dir='ltr'><strong>praesaga,</strong></span> <span class='ocrx_word' id='word_1_32' title='bbox 1068 518 1118 558; x_wconf 89' lang='lat' dir='ltr'><strong>ut</strong></span> <span class='ocrx_word' id='word_1_33' title='bbox 1161 515 1268 558; x_wconf 88' lang='lat' dir='ltr'><strong>alibi</strong></span> <span class='ocrx_word' id='word_1_34' title='bbox 1307 514 1377 569; x_wconf 85' lang='lat' dir='ltr'><strong>&lt;X</strong></span> <span class='ocrx_word' id='word_1_35' title='bbox 1410 515 1526 569; x_wconf 84' lang='lat'>843&gt;</span> <span class='ocrx_word' id='word_1_36' title='bbox 1567 529 1827 571; x_wconf 85' lang='lat' dir='ltr'><strong>praesaga</strong></span> 
     </span>
     <span class='ocr_line' id='line_1_5' title="bbox 108 586 1821 645; baseline -0.003 -11"><span class='ocrx_word' id='word_1_37' title='bbox 108 591 231 634; x_wconf 89' lang='lat' dir='ltr'><strong>mali</strong></span> <span class='ocrx_word' id='word_1_38' title='bbox 276 606 433 634; x_wconf 90' lang='lat' dir='ltr'><strong>mens:</strong></span> <span class='ocrx_word' id='word_1_39' title='bbox 477 590 570 645; x_wconf 88' lang='lat' dir='ltr'><strong>ipse</strong></span> <span class='ocrx_word' id='word_1_40' title='bbox 615 589 729 632; x_wconf 88' lang='lat' dir='ltr'><strong>enim</strong></span> <span class='ocrx_word' id='word_1_41' title='bbox 772 587 942 630; x_wconf 83' lang='lat' dir='ltr'><strong>Aeneas</strong></span> <span class='ocrx_word' id='word_1_42' title='bbox 986 587 1227 643; x_wconf 76' lang='lat' dir='ltr'><strong>insepultus</strong></span> <span class='ocrx_word' id='word_1_43' title='bbox 1270 586 1448 643; x_wconf 84' lang='lat' dir='ltr'><strong>iacebit,</strong></span> <span class='ocrx_word' id='word_1_44' title='bbox 1491 588 1539 628; x_wconf 94' lang='lat' dir='ltr'><strong>ut</strong></span> <span class='ocrx_word' id='word_1_45' title='bbox 1582 586 1672 641; x_wconf 88' lang='lat' dir='ltr'><strong>&lt;IV</strong></span> <span class='ocrx_word' id='word_1_46' title='bbox 1706 587 1821 642; x_wconf 79' lang='lat'>620&gt;</span> 
     </span>
     <span class='ocr_line' id='line_1_6' title="bbox 109 660 1868 719; baseline -0.005 -14"><span class='ocrx_word' id='word_1_47' title='bbox 109 663 378 719; x_wconf 91' lang='lat' dir='ltr'><strong>mediaque</strong></span> <span class='ocrx_word' id='word_1_48' title='bbox 410 661 707 704; x_wconf 87' lang='lat' dir='ltr'><strong>inhumatus</strong></span> <span class='ocrx_word' id='word_1_49' title='bbox 739 660 943 702; x_wconf 83' lang='lat' dir='ltr'>harena.</span> <span class='ocrx_word' id='word_1_50' title='bbox 1086 715 1089 719; x_wconf 89' lang='lat'><strong>.</strong></span> <span class='ocrx_word' id='word_1_51' title='bbox 1487 689 1489 691; x_wconf 89' lang='lat'>-</span> <span class='ocrx_word' id='word_1_52' title='bbox 1847 666 1868 697; x_wconf 85' lang='lat'>5</span> 
     </span>
    </p>

    <p class='ocr_par' dir='ltr' id='par_1_3' title="bbox 111 729 1823 848">
     <span class='ocr_line' id='line_1_7' title="bbox 229 729 1823 786; baseline -0.004 -9"><span class='ocrx_word' id='word_1_53' title='bbox 229 734 326 777; x_wconf 87' lang='lat'><strong>333.</strong></span> <span class='ocrx_word' id='word_1_54' title='bbox 376 744 548 777; x_wconf 82' lang='lat' dir='ltr'>MORTIS</span> <span class='ocrx_word' id='word_1_55' title='bbox 574 743 769 775; x_wconf 81' lang='lat' dir='ltr'>HONORE</span> <span class='ocrx_word' id='word_1_56' title='bbox 798 731 1038 786; x_wconf 71' lang='lat' dir='ltr'><strong>sepultura,</strong></span> <span class='ocrx_word' id='word_1_57' title='bbox 1070 732 1119 772; x_wconf 91' lang='lat' dir='ltr'><strong>ut</strong></span> <span class='ocrx_word' id='word_1_58' title='bbox 1144 729 1212 785; x_wconf 86' lang='lat' dir='ltr'><strong>&lt;X</strong></span> <span class='ocrx_word' id='word_1_59' title='bbox 1238 729 1356 784; x_wconf 85' lang='lat'><strong>493&gt;</strong></span> <span class='ocrx_word' id='word_1_60' title='bbox 1390 729 1628 785; x_wconf 88' lang='lat' dir='ltr'><strong>quisquis</strong></span> <span class='ocrx_word' id='word_1_61' title='bbox 1660 729 1823 772; x_wconf 80' lang='lat' dir='ltr'>honos</span> 
     </span>
     <span class='ocr_line' id='line_1_8' title="bbox 111 804 1706 848; baseline -0.004 -1"><span class='ocrx_word' id='word_1_62' title='bbox 111 804 307 848; x_wconf 88' lang='lat' dir='ltr'><strong>tumuli.</strong></span> <span class='ocrx_word' id='word_1_63' title='bbox 1527 840 1529 842; x_wconf 87' lang='lat'><strong>.</strong></span> <span class='ocrx_word' id='word_1_64' title='bbox 1702 805 1706 808; x_wconf 81' lang='grc'><strong>’</strong></span> 
     </span>
    </p>

    <p class='ocr_par' dir='ltr' id='par_1_4' title="bbox 115 871 1823 1002">
     <span class='ocr_line' id='line_1_9' title="bbox 229 871 1823 928; baseline -0.003 -10"><span class='ocrx_word' id='word_1_65' title='bbox 229 875 327 918; x_wconf 85' lang='grc'><strong>334.</strong></span> <span class='ocrx_word' id='word_1_66' title='bbox 372 886 631 918; x_wconf 81' lang='lat' dir='ltr'>DVOTOREM</span> <span class='ocrx_word' id='word_1_67' title='bbox 654 885 837 917; x_wconf 83' lang='lat' dir='ltr'>CLASSIS</span> <span class='ocrx_word' id='word_1_68' title='bbox 865 875 1062 928; x_wconf 90' lang='lat' dir='ltr'><strong>apertum</strong></span> <span class='ocrx_word' id='word_1_69' title='bbox 1090 872 1346 927; x_wconf 85' lang='lat' dir='ltr'><strong>exemplum,</strong></span> <span class='ocrx_word' id='word_1_70' title='bbox 1372 871 1555 914; x_wconf 81' lang='lat' dir='ltr'><strong>classem</strong></span> <span class='ocrx_word' id='word_1_71' title='bbox 1583 871 1667 914; x_wconf 92' lang='lat' dir='ltr'><strong>dici</strong></span> <span class='ocrx_word' id='word_1_72' title='bbox 1693 872 1823 914; x_wconf 87' lang='lat' dir='ltr'><strong>etiam</strong></span> 
     </span>
     <span class='ocr_line' id='line_1_10' title="bbox 115 943 1599 1002; baseline -0.003 -12"><span class='ocrx_word' id='word_1_73' title='bbox 115 963 242 991; x_wconf 88' lang='lat' dir='ltr'><strong>unam</strong></span> <span class='ocrx_word' id='word_1_74' title='bbox 274 961 446 990; x_wconf 88' lang='lat' dir='ltr'><strong>navem:</strong></span> <span class='ocrx_word' id='word_1_75' title='bbox 479 962 581 989; x_wconf 89' lang='lat' dir='ltr'><strong>nam</strong></span> <span class='ocrx_word' id='word_1_76' title='bbox 612 946 795 1002; x_wconf 85' lang='lat' dir='ltr'><strong>legimus</strong></span> <span class='ocrx_word' id='word_1_77' title='bbox 829 945 879 1000; x_wconf 85' lang='lat'><strong>&lt;1</strong></span> <span class='ocrx_word' id='word_1_78' title='bbox 914 944 1027 999; x_wconf 85' lang='lat'>113&gt;</span> <span class='ocrx_word' id='word_1_79' title='bbox 1060 959 1206 986; x_wconf 90' lang='lat' dir='ltr'><strong>unam</strong></span> <span class='ocrx_word' id='word_1_80' title='bbox 1241 958 1367 999; x_wconf 92' lang='lat' dir='ltr'><strong>quae</strong></span> <span class='ocrx_word' id='word_1_81' title='bbox 1399 943 1599 999; x_wconf 86' lang='lat' dir='ltr'><strong>Lycios.</strong></span> 
     </span>
    </p>

    <p class='ocr_par' dir='ltr' id='par_1_5' title="bbox 229 1015 1896 1072">
     <span class='ocr_line' id='line_1_11' title="bbox 229 1015 1896 1072; baseline -0.004 -11"><span class='ocrx_word' id='word_1_82' title='bbox 229 1019 328 1061; x_wconf 86' lang='lat'><strong>336.</strong></span> <span class='ocrx_word' id='word_1_83' title='bbox 378 1029 560 1060; x_wconf 78' lang='lat' dir='ltr'><strong>Avs&#39;rER</strong></span> <span class='ocrx_word' id='word_1_84' title='bbox 591 1017 663 1059; x_wconf 87' lang='lat' dir='ltr'><strong>hic</strong></span> <span class='ocrx_word' id='word_1_85' title='bbox 696 1015 1060 1072; x_wconf 83' lang='lat' dir='ltr'><strong>distinguendum.</strong></span> <span class='ocrx_word' id='word_1_86' title='bbox 1854 1024 1896 1056; x_wconf 84' lang='lat'><strong>10</strong></span> 
     </span>
    </p>

    <p class='ocr_par' dir='ltr' id='par_1_6' title="bbox 229 1085 1706 1143">
     <span class='ocr_line' id='line_1_12' title="bbox 229 1085 1706 1143; baseline -0.003 -10"><span class='ocrx_word' id='word_1_87' title='bbox 229 1090 329 1133; x_wconf 85' lang='lat'><strong>337.</strong></span> <span class='ocrx_word' id='word_1_88' title='bbox 379 1101 488 1132; x_wconf 80' lang='lat' dir='ltr'>SESE</span> <span class='ocrx_word' id='word_1_89' title='bbox 520 1098 705 1131; x_wconf 77' lang='lat' dir='ltr'><strong>AGEBAT</strong></span> <span class='ocrx_word' id='word_1_90' title='bbox 739 1086 854 1129; x_wconf 77' lang='lat' dir='ltr'><strong>‘sese</strong></span> <span class='ocrx_word' id='word_1_91' title='bbox 888 1085 1038 1143; x_wconf 82' lang='lat' dir='ltr'><strong>agere&#39;</strong></span> <span class='ocrx_word' id='word_1_92' title='bbox 1071 1089 1138 1129; x_wconf 86' lang='lat' dir='ltr'><strong>est</strong></span> <span class='ocrx_word' id='word_1_93' title='bbox 1170 1087 1261 1129; x_wconf 89' lang='lat' dir='ltr'><strong>sine</strong></span> <span class='ocrx_word' id='word_1_94' title='bbox 1293 1086 1468 1142; x_wconf 86' lang='lat' dir='ltr'><strong>negotio</strong></span> <span class='ocrx_word' id='word_1_95' title='bbox 1500 1086 1706 1129; x_wconf 91' lang='lat' dir='ltr'><strong>incedere.</strong></span> 
     </span>
    </p>

    <p class='ocr_par' dir='ltr' id='par_1_7' title="bbox 111 1156 1827 1286">
     <span class='ocr_line' id='line_1_13' title="bbox 230 1156 1827 1214; baseline -0.003 -10"><span class='ocrx_word' id='word_1_96' title='bbox 230 1162 326 1204; x_wconf 86' lang='lat'><strong>338.</strong></span> <span class='ocrx_word' id='word_1_97' title='bbox 378 1174 457 1212; x_wconf 73' lang='lat' dir='ltr'><strong>Qvi</strong></span> <span class='ocrx_word' id='word_1_98' title='bbox 489 1171 657 1202; x_wconf 77' lang='lat' dir='ltr'><strong>Lissrco</strong></span> <span class='ocrx_word' id='word_1_99' title='bbox 690 1170 845 1201; x_wconf 82' lang='lat' dir='ltr'>NVPER</span> <span class='ocrx_word' id='word_1_100' title='bbox 877 1169 1024 1201; x_wconf 68' lang='lat' dir='ltr'><strong>cvnsv</strong></span> <span class='ocrx_word' id='word_1_101' title='bbox 1057 1158 1167 1201; x_wconf 86' lang='lat' dir='ltr'><strong>bene</strong></span> <span class='ocrx_word' id='word_1_102' title='bbox 1194 1156 1419 1213; x_wconf 77' lang='lat' dir='ltr'><strong>‘Libyco’z</strong></span> <span class='ocrx_word' id='word_1_103' title='bbox 1455 1158 1678 1214; x_wconf 83' lang='lat' dir='ltr'><strong>navigatio</strong></span> <span class='ocrx_word' id='word_1_104' title='bbox 1712 1158 1827 1201; x_wconf 86' lang='lat' dir='ltr'><strong>enim</strong></span> 
     </span>
     <span class='ocr_line' id='line_1_14' title="bbox 111 1229 1428 1286; baseline -0.005 -9"><span class='ocrx_word' id='word_1_105' title='bbox 111 1249 200 1277; x_wconf 90' lang='lat' dir='ltr'><strong>non</strong></span> <span class='ocrx_word' id='word_1_106' title='bbox 233 1249 259 1275; x_wconf 92' lang='lat' dir='ltr'><strong>a</strong></span> <span class='ocrx_word' id='word_1_107' title='bbox 289 1231 573 1286; x_wconf 82' lang='lat' dir='ltr'><strong>deverticulo,</strong></span> <span class='ocrx_word' id='word_1_108' title='bbox 606 1229 679 1272; x_wconf 88' lang='lat' dir='ltr'><strong>sed</strong></span> <span class='ocrx_word' id='word_1_109' title='bbox 710 1230 764 1272; x_wconf 89' lang='lat' dir='ltr'><strong>ab</strong></span> <span class='ocrx_word' id='word_1_110' title='bbox 798 1229 1038 1271; x_wconf 88' lang='lat' dir='ltr'><strong>intentione</strong></span> <span class='ocrx_word' id='word_1_111' title='bbox 1071 1229 1229 1284; x_wconf 89' lang='lat' dir='ltr'><strong>accipit</strong></span> <span class='ocrx_word' id='word_1_112' title='bbox 1260 1242 1428 1271; x_wconf 91' lang='lat' dir='ltr'><strong>nomen.</strong></span> 
     </span>
    </p>

    <p class='ocr_par' dir='ltr' id='par_1_8' title="bbox 113 1299 1899 1419">
     <span class='ocr_line' id='line_1_15' title="bbox 232 1299 1826 1356; baseline -0.003 -9"><span class='ocrx_word' id='word_1_113' title='bbox 232 1304 329 1346; x_wconf 83' lang='grc'><strong>339.</strong></span> <span class='ocrx_word' id='word_1_114' title='bbox 380 1313 585 1346; x_wconf 77' lang='lat' dir='ltr'>EFFVSVS</span> <span class='ocrx_word' id='word_1_115' title='bbox 624 1314 673 1343; x_wconf 82' lang='lat' dir='ltr'><strong>IN</strong></span> <span class='ocrx_word' id='word_1_116' title='bbox 709 1311 848 1343; x_wconf 83' lang='lat' dir='ltr'>VNDIS</span> <span class='ocrx_word' id='word_1_117' title='bbox 894 1300 1161 1343; x_wconf 85' lang='lat' dir='ltr'><strong>archaismos</strong></span> <span class='ocrx_word' id='word_1_118' title='bbox 1200 1303 1284 1343; x_wconf 89' lang='lat' dir='ltr'><strong>est:</strong></span> <span class='ocrx_word' id='word_1_119' title='bbox 1330 1314 1591 1356; x_wconf 88' lang='lat' dir='ltr'><strong>quamquam</strong></span> <span class='ocrx_word' id='word_1_120' title='bbox 1628 1299 1826 1343; x_wconf 87' lang='lat' dir='ltr'><strong>Donatus</strong></span> 
     </span>
     <span class='ocr_line' id='line_1_16' title="bbox 113 1367 1899 1419; baseline -0.004 0"><span class='ocrx_word' id='word_1_121' title='bbox 113 1391 207 1419; x_wconf 89' lang='lat' dir='ltr'><strong>esse</strong></span> <span class='ocrx_word' id='word_1_122' title='bbox 239 1375 435 1418; x_wconf 88' lang='lat' dir='ltr'><strong>ordinem</strong></span> <span class='ocrx_word' id='word_1_123' title='bbox 468 1373 573 1417; x_wconf 86' lang='lat' dir='ltr'><strong>velit</strong></span> <span class='ocrx_word' id='word_1_124' title='bbox 605 1367 727 1415; x_wconf 77' lang='lat' dir='ltr'><strong>‘dum</strong></span> <span class='ocrx_word' id='word_1_125' title='bbox 761 1374 907 1414; x_wconf 87' lang='lat' dir='ltr'><strong>servat</strong></span> <span class='ocrx_word' id='word_1_126' title='bbox 938 1371 1080 1414; x_wconf 89' lang='lat' dir='ltr'><strong>sidera</strong></span> <span class='ocrx_word' id='word_1_127' title='bbox 1111 1372 1157 1414; x_wconf 90' lang='lat' dir='ltr'><strong>in</strong></span> <span class='ocrx_word' id='word_1_128' title='bbox 1188 1372 1312 1414; x_wconf 89' lang='lat' dir='ltr'><strong>undis</strong></span> <span class='ocrx_word' id='word_1_129' title='bbox 1345 1370 1531 1413; x_wconf 85' lang='lat' dir='ltr'><strong>mediis’.</strong></span> <span class='ocrx_word' id='word_1_130' title='bbox 1857 1380 1899 1413; x_wconf 83' lang='lat'><strong>15</strong></span> 
     </span>
    </p>

    <p class='ocr_par' dir='ltr' id='par_1_9' title="bbox 112 1442 1902 2001">
     <span class='ocr_line' id='line_1_17' title="bbox 231 1442 1830 1498; baseline -0.004 -8"><span class='ocrx_word' id='word_1_131' title='bbox 231 1447 329 1490; x_wconf 86' lang='lat'><strong>340.</strong></span> <span class='ocrx_word' id='word_1_132' title='bbox 379 1457 543 1489; x_wconf 80' lang='lat' dir='ltr'><strong>MVLTA</strong></span> <span class='ocrx_word' id='word_1_133' title='bbox 568 1455 793 1486; x_wconf 74' lang='lat' dir='ltr'><strong>MAEs&#39;rVM</strong></span> <span class='ocrx_word' id='word_1_134' title='bbox 820 1454 1062 1486; x_wconf 79' lang='lat' dir='ltr'>COGNOVIT</span> <span class='ocrx_word' id='word_1_135' title='bbox 1089 1456 1137 1486; x_wconf 80' lang='lat' dir='ltr'><strong>IN</strong></span> <span class='ocrx_word' id='word_1_136' title='bbox 1164 1454 1325 1486; x_wconf 85' lang='lat' dir='ltr'>VMBRA</span> <span class='ocrx_word' id='word_1_137' title='bbox 1354 1442 1654 1498; x_wconf 79' lang='lat' dir='ltr'><strong>prudentiores</strong></span> <span class='ocrx_word' id='word_1_138' title='bbox 1682 1442 1830 1485; x_wconf 85' lang='lat' dir='ltr'><strong>dicunt</strong></span> 
     </span>
     <span class='ocr_line' id='line_1_18' title="bbox 117 1502 1827 1571; baseline -0.004 -9"><span class='ocrx_word' id='word_1_139' title='bbox 117 1520 285 1562; x_wconf 90' lang='lat' dir='ltr'><strong>animas</strong></span> <span class='ocrx_word' id='word_1_140' title='bbox 314 1519 507 1561; x_wconf 74' lang='lat' dir='ltr'><strong>recentes</strong></span> <span class='ocrx_word' id='word_1_141' title='bbox 534 1532 560 1559; x_wconf 93' lang='lat' dir='ltr'><strong>a</strong></span> <span class='ocrx_word' id='word_1_142' title='bbox 579 1515 830 1571; x_wconf 85' lang='lat' dir='ltr'><strong>corporibus</strong></span> <span class='ocrx_word' id='word_1_143' title='bbox 859 1514 1119 1558; x_wconf 86' lang='lat' dir='ltr'><strong>sordidiores</strong></span> <span class='ocrx_word' id='word_1_144' title='bbox 1147 1529 1239 1557; x_wconf 89' lang='lat' dir='ltr'><strong>esse</strong></span> <span class='ocrx_word' id='word_1_145' title='bbox 1266 1514 1402 1557; x_wconf 87' lang='lat' dir='ltr'><strong>donec</strong></span> <span class='ocrx_word' id='word_1_146' title='bbox 1427 1516 1683 1570; x_wconf 77' lang='lat' dir='ltr'><strong>purgentur:</strong></span> <span class='ocrx_word' id='word_1_147' title='bbox 1717 1502 1827 1570; x_wconf 85' lang='lat' dir='ltr'><strong>quae</strong></span> 
     </span>
     <span class='ocr_line' id='line_1_19' title="bbox 115 1584 1830 1647; baseline -0.003 -14"><span class='ocrx_word' id='word_1_148' title='bbox 115 1592 327 1647; x_wconf 84' lang='lat' dir='ltr'><strong>purgatae</strong></span> <span class='ocrx_word' id='word_1_149' title='bbox 354 1588 569 1644; x_wconf 84' lang='lat' dir='ltr'><strong>incipiunt</strong></span> <span class='ocrx_word' id='word_1_150' title='bbox 594 1601 687 1630; x_wconf 89' lang='lat' dir='ltr'><strong>esse</strong></span> <span class='ocrx_word' id='word_1_151' title='bbox 713 1586 928 1629; x_wconf 88' lang='lat' dir='ltr'><strong>clariores.</strong></span> <span class='ocrx_word' id='word_1_152' title='bbox 978 1585 1089 1628; x_wconf 90' lang='lat' dir='ltr'><strong>unde</strong></span> <span class='ocrx_word' id='word_1_153' title='bbox 1116 1584 1178 1628; x_wconf 91' lang='lat' dir='ltr'><strong>ait</strong></span> <span class='ocrx_word' id='word_1_154' title='bbox 1202 1586 1336 1641; x_wconf 87' lang='lat' dir='ltr'><strong>paulo</strong></span> <span class='ocrx_word' id='word_1_155' title='bbox 1363 1588 1464 1641; x_wconf 86' lang='lat' dir='ltr'><strong>post</strong></span> <span class='ocrx_word' id='word_1_156' title='bbox 1491 1584 1637 1641; x_wconf 82' lang='lat'>&lt;745&gt;</span> <span class='ocrx_word' id='word_1_157' title='bbox 1671 1586 1830 1629; x_wconf 88' lang='lat' dir='ltr'><strong>donec</strong></span> 
     </span>
     <span class='ocr_line' id='line_1_20' title="bbox 112 1657 1830 1718; baseline -0.003 -13"><span class='ocrx_word' id='word_1_158' title='bbox 112 1663 270 1718; x_wconf 85' lang='lat' dir='ltr'><strong>longa</strong></span> <span class='ocrx_word' id='word_1_159' title='bbox 296 1660 405 1703; x_wconf 91' lang='lat' dir='ltr'><strong>dies</strong></span> <span class='ocrx_word' id='word_1_160' title='bbox 430 1659 662 1715; x_wconf 87' lang='lat' dir='ltr'><strong>perfecto</strong></span> <span class='ocrx_word' id='word_1_161' title='bbox 690 1657 939 1713; x_wconf 92' lang='lat' dir='ltr'><strong>temporis</strong></span> <span class='ocrx_word' id='word_1_162' title='bbox 968 1658 1088 1701; x_wconf 91' lang='lat' dir='ltr'><strong>orbe</strong></span> <span class='ocrx_word' id='word_1_163' title='bbox 1116 1659 1418 1700; x_wconf 89' lang='lat' dir='ltr'><strong>concretam</strong></span> <span class='ocrx_word' id='word_1_164' title='bbox 1445 1657 1633 1699; x_wconf 88' lang='lat' dir='ltr'><strong>exemit</strong></span> <span class='ocrx_word' id='word_1_165' title='bbox 1663 1657 1830 1700; x_wconf 89' lang='lat' dir='ltr'><strong>labem</strong></span> 
     </span>
     <span class='ocr_line' id='line_1_21' title="bbox 115 1729 1902 1790; baseline -0.003 -14"><span class='ocrx_word' id='word_1_166' title='bbox 115 1747 397 1790; x_wconf 90' lang='lat' dir='ltr'><strong>purumque</strong></span> <span class='ocrx_word' id='word_1_167' title='bbox 435 1730 655 1787; x_wconf 88' lang='lat' dir='ltr'><strong>reliquit</strong></span> <span class='ocrx_word' id='word_1_168' title='bbox 695 1729 984 1773; x_wconf 86' lang='lat' dir='ltr'><strong>aetherium</strong></span> <span class='ocrx_word' id='word_1_169' title='bbox 1027 1744 1234 1772; x_wconf 89' lang='lat' dir='ltr'><strong>sensum</strong></span> <span class='ocrx_word' id='word_1_170' title='bbox 1267 1732 1419 1785; x_wconf 87' lang='lat' dir='ltr'><strong>atque</strong></span> <span class='ocrx_word' id='word_1_171' title='bbox 1453 1729 1600 1771; x_wconf 90' lang='lat' dir='ltr'><strong>aurai</strong></span> <span class='ocrx_word' id='word_1_172' title='bbox 1631 1729 1829 1784; x_wconf 90' lang='lat' dir='ltr'><strong>simpli—</strong></span> <span class='ocrx_word' id='word_1_173' title='bbox 1856 1738 1902 1770; x_wconf 89' lang='grc'><strong>20</strong></span> 
     </span>
     <span class='ocr_line' id='line_1_22' title="bbox 116 1800 1831 1860; baseline -0.002 -13"><span class='ocrx_word' id='word_1_174' title='bbox 116 1805 190 1848; x_wconf 88' lang='lat' dir='ltr'><strong>cis</strong></span> <span class='ocrx_word' id='word_1_175' title='bbox 228 1804 419 1860; x_wconf 82' lang='lat' dir='ltr'><strong>ignem,</strong></span> <span class='ocrx_word' id='word_1_176' title='bbox 457 1802 502 1845; x_wconf 86' lang='lat' dir='ltr'><strong>id</strong></span> <span class='ocrx_word' id='word_1_177' title='bbox 540 1804 607 1845; x_wconf 87' lang='lat' dir='ltr'><strong>est</strong></span> <span class='ocrx_word' id='word_1_178' title='bbox 643 1817 731 1844; x_wconf 92' lang='lat' dir='ltr'><strong>non</strong></span> <span class='ocrx_word' id='word_1_179' title='bbox 770 1801 954 1856; x_wconf 83' lang='lat' dir='ltr'><strong>urentis,</strong></span> <span class='ocrx_word' id='word_1_180' title='bbox 992 1803 1042 1843; x_wconf 91' lang='lat' dir='ltr'><strong>ut</strong></span> <span class='ocrx_word' id='word_1_181' title='bbox 1073 1803 1138 1843; x_wconf 88' lang='lat' dir='ltr'><strong>est</strong></span> <span class='ocrx_word' id='word_1_182' title='bbox 1169 1801 1286 1843; x_wconf 89' lang='lat' dir='ltr'><strong>solis.</strong></span> <span class='ocrx_word' id='word_1_183' title='bbox 1347 1800 1445 1843; x_wconf 91' lang='lat' dir='ltr'><strong>inde</strong></span> <span class='ocrx_word' id='word_1_184' title='bbox 1477 1802 1543 1843; x_wconf 88' lang='lat' dir='ltr'><strong>est</strong></span> <span class='ocrx_word' id='word_1_185' title='bbox 1574 1801 1690 1856; x_wconf 89' lang='lat' dir='ltr'><strong>quod</strong></span> <span class='ocrx_word' id='word_1_186' title='bbox 1721 1801 1831 1844; x_wconf 90' lang='lat' dir='ltr'><strong>aliae</strong></span> 
     </span>
     <span class='ocr_line' id='line_1_23' title="bbox 117 1872 1831 1928; baseline -0.002 -11"><span class='ocrx_word' id='word_1_187' title='bbox 117 1875 288 1918; x_wconf 86' lang='lat' dir='ltr'><strong>animae</strong></span> <span class='ocrx_word' id='word_1_188' title='bbox 326 1874 523 1916; x_wconf 90' lang='lat' dir='ltr'><strong>lunarem</strong></span> <span class='ocrx_word' id='word_1_189' title='bbox 561 1873 785 1928; x_wconf 82' lang='lat' dir='ltr'><strong>circulum,</strong></span> <span class='ocrx_word' id='word_1_190' title='bbox 826 1872 936 1914; x_wconf 85' lang='lat' dir='ltr'><strong>aliae</strong></span> <span class='ocrx_word' id='word_1_191' title='bbox 975 1872 1251 1915; x_wconf 75' lang='lat' dir='ltr'><strong>solstitialem</strong></span> <span class='ocrx_word' id='word_1_192' title='bbox 1289 1873 1474 1915; x_wconf 88' lang='lat' dir='ltr'><strong>retinere</strong></span> <span class='ocrx_word' id='word_1_193' title='bbox 1513 1872 1717 1915; x_wconf 88' lang='lat' dir='ltr'><strong>dicuntur</strong></span> <span class='ocrx_word' id='word_1_194' title='bbox 1753 1887 1831 1928; x_wconf 91' lang='lat' dir='ltr'><strong>pro</strong></span> 
     </span>
     <span class='ocr_line' id='line_1_24' title="bbox 116 1943 1832 2001; baseline -0.002 -12"><span class='ocrx_word' id='word_1_195' title='bbox 116 1946 244 1989; x_wconf 90' lang='lat' dir='ltr'><strong>modo</strong></span> <span class='ocrx_word' id='word_1_196' title='bbox 287 1944 576 2001; x_wconf 83' lang='lat' dir='ltr'><strong>purgationis.</strong></span> <span class='ocrx_word' id='word_1_197' title='bbox 638 1944 745 1986; x_wconf 90' lang='lat' dir='ltr'><strong>bene</strong></span> <span class='ocrx_word' id='word_1_198' title='bbox 790 1957 892 1999; x_wconf 85' lang='lat' dir='ltr'><strong>ergo</strong></span> <span class='ocrx_word' id='word_1_199' title='bbox 932 1943 1187 1986; x_wconf 86' lang='lat' dir='ltr'><strong>Palinurum</strong></span> <span class='ocrx_word' id='word_1_200' title='bbox 1231 1945 1414 1987; x_wconf 89' lang='lat' dir='ltr'><strong>obscura</strong></span> <span class='ocrx_word' id='word_1_201' title='bbox 1454 1944 1609 1987; x_wconf 90' lang='lat' dir='ltr'><strong>umbra</strong></span> <span class='ocrx_word' id='word_1_202' title='bbox 1653 1944 1832 1987; x_wconf 90' lang='lat' dir='ltr'><strong>circum-</strong></span> 
     </span>
    </p>
   </div>
   <div class='ocr_carea' id='block_1_3' title="bbox 51 2015 1831 2075">
    <p class='ocr_par' dir='ltr' id='par_1_10' title="bbox 51 2015 1831 2075">
     <span class='ocr_line' id='line_1_25' title="bbox 51 2015 1831 2075; baseline -0.002 -15"><span class='ocrx_word' id='word_1_203' title='bbox 51 2052 58 2055; x_wconf 44' lang='lat'><strong>.</strong></span> <span class='ocrx_word' id='word_1_204' title='bbox 117 2018 266 2060; x_wconf 88' lang='lat' dir='ltr'><strong>datum</strong></span> <span class='ocrx_word' id='word_1_205' title='bbox 300 2016 402 2058; x_wconf 92' lang='lat' dir='ltr'><strong>dicit</strong></span> <span class='ocrx_word' id='word_1_206' title='bbox 435 2017 478 2058; x_wconf 88' lang='lat' dir='ltr'><strong>et</strong></span> <span class='ocrx_word' id='word_1_207' title='bbox 509 2016 580 2058; x_wconf 85' lang='lat' dir='ltr'><strong>vix</strong></span> <span class='ocrx_word' id='word_1_208' title='bbox 612 2015 830 2071; x_wconf 82' lang='lat' dir='ltr'><strong>agnitum,</strong></span> <span class='ocrx_word' id='word_1_209' title='bbox 862 2015 935 2075; x_wconf 86' lang='lat' dir='ltr'><strong>qui</strong></span> <span class='ocrx_word' id='word_1_210' title='bbox 961 2030 1014 2057; x_wconf 91' lang='lat' dir='ltr'><strong>ne</strong></span> <span class='ocrx_word' id='word_1_211' title='bbox 1040 2015 1093 2057; x_wconf 89' lang='lat' dir='ltr'><strong>ad</strong></span> <span class='ocrx_word' id='word_1_212' title='bbox 1126 2015 1220 2058; x_wconf 91' lang='lat' dir='ltr'><strong>loca</strong></span> <span class='ocrx_word' id='word_1_213' title='bbox 1247 2017 1419 2072; x_wconf 92' lang='lat' dir='ltr'><strong>quidem</strong></span> <span class='ocrx_word' id='word_1_214' title='bbox 1450 2018 1705 2071; x_wconf 86' lang='lat' dir='ltr'><strong>pervenerat</strong></span> <span class='ocrx_word' id='word_1_215' title='bbox 1736 2031 1831 2071; x_wconf 92' lang='lat' dir='ltr'><strong>pur-</strong></span> 
     </span>
    </p>
   </div>
   <div class='ocr_carea' id='block_1_4' title="bbox 118 2086 1902 2204">
    <p class='ocr_par' dir='ltr' id='par_1_11' title="bbox 118 2086 1902 2204">
     <span class='ocr_line' id='line_1_26' title="bbox 118 2086 1902 2154; baseline -0.003 -23"><span class='ocrx_word' id='word_1_216' title='bbox 118 2088 325 2145; x_wconf 85' lang='lat' dir='ltr'><strong>gationis:</strong></span> <span class='ocrx_word' id='word_1_217' title='bbox 358 2087 418 2130; x_wconf 87' lang='lat' dir='ltr'><strong>sic</strong></span> <span class='ocrx_word' id='word_1_218' title='bbox 451 2088 582 2154; x_wconf 59' lang='lat' dir='ltr'><strong>etiam</strong></span> <span class='ocrx_word' id='word_1_219' title='bbox 615 2086 666 2129; x_wconf 93' lang='lat' dir='ltr'><strong>de</strong></span> <span class='ocrx_word' id='word_1_220' title='bbox 693 2086 863 2129; x_wconf 90' lang='lat' dir='ltr'><strong>Didone</strong></span> <span class='ocrx_word' id='word_1_221' title='bbox 896 2086 1087 2129; x_wconf 88' lang='lat' dir='ltr'><strong>dicturus</strong></span> <span class='ocrx_word' id='word_1_222' title='bbox 1118 2089 1184 2129; x_wconf 89' lang='lat' dir='ltr'><strong>est</strong></span> <span class='ocrx_word' id='word_1_223' title='bbox 1210 2086 1356 2142; x_wconf 81' lang='lat'>&lt;452&gt;</span> <span class='ocrx_word' id='word_1_224' title='bbox 1390 2087 1711 2143; x_wconf 75' lang='lat' dir='ltr'><strong>agnovitque</strong></span> <span class='ocrx_word' id='word_1_225' title='bbox 1743 2102 1833 2141; x_wconf 90' lang='lat' dir='ltr'><strong>per</strong></span> <span class='ocrx_word' id='word_1_226' title='bbox 1858 2095 1902 2126; x_wconf 81' lang='grc'><strong>25</strong></span> 
     </span>
     <span class='ocr_line' id='line_1_27' title="bbox 118 2159 666 2204; baseline -0.005 0"><span class='ocrx_word' id='word_1_227' title='bbox 118 2161 347 2204; x_wconf 88' lang='lat' dir='ltr'><strong>umbram</strong></span> <span class='ocrx_word' id='word_1_228' title='bbox 381 2159 666 2203; x_wconf 86' lang='lat' dir='ltr'><strong>obscuram.</strong></span> 
     </span>
    </p>
   </div>
   <div class='ocr_carea' id='block_1_5' title="bbox 123 2280 404 2286">
    <p class='ocr_par' dir='ltr' id='par_1_12' title="bbox 123 2280 404 2286">
     <span class='ocr_line' id='line_1_28' title="bbox 123 2280 404 2286; baseline 0 0"><span class='ocrx_word' id='word_1_229' title='bbox 123 2280 404 2286; x_wconf 95' lang='lat' dir='ltr'><strong> </strong></span> 
     </span>
    </p>
   </div>
   <div class='ocr_carea' id='block_1_6' title="bbox 119 2347 1834 2490">
    <p class='ocr_par' dir='ltr' id='par_1_13' title="bbox 119 2347 1834 2490">
     <span class='ocr_line' id='line_1_29' title="bbox 215 2347 1832 2394; baseline -0.002 -10"><span class='ocrx_word' id='word_1_230' title='bbox 215 2353 235 2384; x_wconf 84' lang='grc'><strong>6</strong></span> <span class='ocrx_word' id='word_1_231' title='bbox 262 2362 399 2384; x_wconf 66' lang='lat' dir='ltr'><strong>nouom:</strong></span> <span class='ocrx_word' id='word_1_232' title='bbox 426 2348 639 2394; x_wconf 81' lang='lat' dir='ltr'><strong>sepultura]</strong></span> <span class='ocrx_word' id='word_1_233' title='bbox 661 2348 705 2385; x_wconf 85' lang='lat' dir='ltr'><strong>cf.</strong></span> <span class='ocrx_word' id='word_1_234' title='bbox 736 2347 829 2382; x_wconf 75' lang='lat' dir='ltr'><strong>Non.</strong></span> <span class='ocrx_word' id='word_1_235' title='bbox 856 2360 893 2393; x_wconf 85' lang='lat' dir='ltr'><strong>p.</strong></span> <span class='ocrx_word' id='word_1_236' title='bbox 920 2351 1000 2391; x_wconf 91' lang='grc'>320,</span> <span class='ocrx_word' id='word_1_237' title='bbox 1028 2351 1071 2382; x_wconf 81' lang='lat'><strong>27</strong></span> <span class='ocrx_word' id='word_1_238' title='bbox 1098 2347 1146 2382; x_wconf 91' lang='grc' dir='ltr'><strong>Μ.</strong></span> <span class='ocrx_word' id='word_1_239' title='bbox 1182 2348 1194 2394; x_wconf 78' lang='grc' dir='ltr'><strong>ΙΙ</strong></span> <span class='ocrx_word' id='word_1_240' title='bbox 1236 2351 1275 2383; x_wconf 87' lang='grc'><strong>11</strong></span> <span class='ocrx_word' id='word_1_241' title='bbox 1303 2359 1383 2383; x_wconf 84' lang='lat' dir='ltr'><strong>sese</strong></span> <span class='ocrx_word' id='word_1_242' title='bbox 1411 2359 1522 2393; x_wconf 88' lang='lat' dir='ltr'><strong>agere</strong></span> <span class='ocrx_word' id='word_1_243' title='bbox 1550 2375 1556 2381; x_wconf 92' lang='lat'><strong>.</strong></span> <span class='ocrx_word' id='word_1_244' title='bbox 1580 2376 1586 2382; x_wconf 91' lang='lat'><strong>.</strong></span> <span class='ocrx_word' id='word_1_245' title='bbox 1611 2375 1616 2382; x_wconf 97' lang='lat'><strong>.</strong></span> <span class='ocrx_word' id='word_1_246' title='bbox 1644 2347 1832 2393; x_wconf 84' lang='lat' dir='ltr'><strong>incedere]</strong></span> 
     </span>
     <span class='ocr_line' id='line_1_30' title="bbox 121 2394 1834 2442; baseline -0.002 -10"><span class='ocrx_word' id='word_1_247' title='bbox 121 2397 165 2432; x_wconf 88' lang='lat' dir='ltr'><strong>cf.</strong></span> <span class='ocrx_word' id='word_1_248' title='bbox 192 2396 285 2433; x_wconf 90' lang='lat' dir='ltr'><strong>Don.</strong></span> <span class='ocrx_word' id='word_1_249' title='bbox 314 2396 360 2431; x_wconf 87' lang='lat' dir='ltr'><strong>ad</strong></span> <span class='ocrx_word' id='word_1_250' title='bbox 387 2396 469 2431; x_wconf 88' lang='lat' dir='ltr'><strong>Ter.</strong></span> <span class='ocrx_word' id='word_1_251' title='bbox 498 2394 612 2431; x_wconf 86' lang='lat' dir='ltr'><strong>Andr.</strong></span> <span class='ocrx_word' id='word_1_252' title='bbox 640 2396 691 2431; x_wconf 91' lang='lat' dir='ltr'><strong>IV</strong></span> <span class='ocrx_word' id='word_1_253' title='bbox 717 2400 749 2440; x_wconf 84' lang='grc'><strong>2,</strong></span> <span class='ocrx_word' id='word_1_254' title='bbox 777 2398 821 2430; x_wconf 84' lang='grc'><strong>25</strong></span> <span class='ocrx_word' id='word_1_255' title='bbox 854 2396 866 2441; x_wconf 83' lang='grc' dir='ltr'><strong>ΙΙ</strong></span> <span class='ocrx_word' id='word_1_256' title='bbox 899 2398 943 2429; x_wconf 89' lang='grc'><strong>14</strong></span> <span class='ocrx_word' id='word_1_257' title='bbox 969 2406 1196 2440; x_wconf 86' lang='lat' dir='ltr'><strong>quamquam</strong></span> <span class='ocrx_word' id='word_1_258' title='bbox 1223 2406 1253 2431; x_wconf 89' lang='lat' dir='ltr'><strong>e.</strong></span> <span class='ocrx_word' id='word_1_259' title='bbox 1281 2407 1316 2440; x_wconf 88' lang='lat' dir='ltr'><strong>q.</strong></span> <span class='ocrx_word' id='word_1_260' title='bbox 1343 2395 1387 2442; x_wconf 89' lang='lat' dir='ltr'><strong>s.]</strong></span> <span class='ocrx_word' id='word_1_261' title='bbox 1417 2395 1462 2430; x_wconf 87' lang='lat' dir='ltr'><strong>cf.</strong></span> <span class='ocrx_word' id='word_1_262' title='bbox 1490 2406 1646 2440; x_wconf 88' lang='lat' dir='ltr'><strong>gramm.</strong></span> <span class='ocrx_word' id='word_1_263' title='bbox 1672 2395 1738 2431; x_wconf 85' lang='lat' dir='ltr'><strong>lat.</strong></span> <span class='ocrx_word' id='word_1_264' title='bbox 1765 2394 1834 2430; x_wconf 91' lang='lat' dir='ltr'><strong>VII</strong></span> 
     </span>
     <span class='ocr_line' id='line_1_31' title="bbox 119 2442 1619 2490; baseline -0.001 -11"><span class='ocrx_word' id='word_1_265' title='bbox 119 2457 155 2490; x_wconf 89' lang='lat' dir='ltr'><strong>p.</strong></span> <span class='ocrx_word' id='word_1_266' title='bbox 181 2447 262 2488; x_wconf 85' lang='lat'>485,</span> <span class='ocrx_word' id='word_1_267' title='bbox 292 2447 335 2478; x_wconf 85' lang='lat'><strong>14</strong></span> <span class='ocrx_word' id='word_1_268' title='bbox 360 2443 403 2478; x_wconf 90' lang='grc' dir='ltr'><strong>Κ.</strong></span> <span class='ocrx_word' id='word_1_269' title='bbox 436 2444 447 2490; x_wconf 87' lang='grc' dir='ltr'><strong>ΙΙ</strong></span> <span class='ocrx_word' id='word_1_270' title='bbox 487 2447 530 2479; x_wconf 91' lang='grc'><strong>21</strong></span> <span class='ocrx_word' id='word_1_271' title='bbox 558 2442 645 2479; x_wconf 90' lang='lat' dir='ltr'><strong>inde</strong></span> <span class='ocrx_word' id='word_1_272' title='bbox 673 2444 730 2479; x_wconf 87' lang='lat' dir='ltr'><strong>est</strong></span> <span class='ocrx_word' id='word_1_273' title='bbox 757 2472 763 2480; x_wconf 92' lang='lat'><strong>.</strong></span> <span class='ocrx_word' id='word_1_274' title='bbox 787 2470 794 2478; x_wconf 97' lang='lat'><strong>.</strong></span> <span class='ocrx_word' id='word_1_275' title='bbox 816 2472 823 2480; x_wconf 96' lang='lat'><strong>.</strong></span> <span class='ocrx_word' id='word_1_276' title='bbox 852 2442 1064 2489; x_wconf 83' lang='lat' dir='ltr'><strong>obscuram]</strong></span> <span class='ocrx_word' id='word_1_277' title='bbox 1091 2454 1205 2479; x_wconf 84' lang='lat' dir='ltr'><strong>exscr.</strong></span> <span class='ocrx_word' id='word_1_278' title='bbox 1232 2444 1418 2489; x_wconf 85' lang='lat' dir='ltr'><strong>mythogr.</strong></span> <span class='ocrx_word' id='word_1_279' title='bbox 1445 2442 1496 2477; x_wconf 90' lang='lat' dir='ltr'><strong>III</strong></span> <span class='ocrx_word' id='word_1_280' title='bbox 1522 2447 1554 2486; x_wconf 88' lang='grc'><strong>6,</strong></span> <span class='ocrx_word' id='word_1_281' title='bbox 1578 2446 1619 2478; x_wconf 91' lang='grc'><strong>12</strong></span> 
     </span>
    </p>
   </div>
   <div class='ocr_carea' id='block_1_7' title="bbox 121 2553 405 2559">
    <p class='ocr_par' dir='ltr' id='par_1_14' title="bbox 121 2553 405 2559">
     <span class='ocr_line' id='line_1_32' title="bbox 121 2553 405 2559; baseline 0 0"><span class='ocrx_word' id='word_1_282' title='bbox 121 2553 405 2559; x_wconf 95' lang='lat' dir='ltr'><strong> </strong></span> 
     </span>
    </p>
   </div>
   <div class='ocr_carea' id='block_1_8' title="bbox 123 2619 1840 3283">
    <p class='ocr_par' dir='ltr' id='par_1_15' title="bbox 123 2619 1840 3283">
     <span class='ocr_line' id='line_1_33' title="bbox 218 2619 1837 2702; baseline -0.002 -44"><span class='ocrx_word' id='word_1_283' title='bbox 218 2627 238 2658; x_wconf 93' lang='grc'><strong>3</strong></span> <span class='ocrx_word' id='word_1_284' title='bbox 265 2621 320 2657; x_wconf 90' lang='lat' dir='ltr'><strong>rei</strong></span> <span class='ocrx_word' id='word_1_285' title='bbox 344 2625 526 2666; x_wconf 70' lang='lat' dir='ltr'><strong>praesago</strong></span> <span class='ocrx_word' id='word_1_286' title='bbox 561 2621 595 2655; x_wconf 92' lang='lat' dir='ltr'><strong><em>V</em></strong></span> <span class='ocrx_word' id='word_1_287' title='bbox 617 2621 831 2657; x_wconf 76' lang='lat' dir='ltr'><strong>Burmanni</strong></span> <span class='ocrx_word' id='word_1_288' title='bbox 855 2624 888 2656; x_wconf 78' lang='lat' dir='ltr'><strong>et</strong></span> <span class='ocrx_word' id='word_1_289' title='bbox 913 2620 1150 2702; x_wconf 42' lang='lat' dir='ltr'><strong>Fabricius]</strong></span> <span class='ocrx_word' id='word_1_290' title='bbox 1165 2623 1185 2655; x_wconf 81' lang='lat'>5</span> <span class='ocrx_word' id='word_1_291' title='bbox 1211 2619 1426 2665; x_wconf 86' lang='lat' dir='ltr'><strong>mediatque</strong></span> <span class='ocrx_word' id='word_1_292' title='bbox 1452 2621 1498 2655; x_wconf 92' lang='lat' dir='ltr'><em>H</em></span> <span class='ocrx_word' id='word_1_293' title='bbox 1511 2622 1523 2667; x_wconf 81' lang='grc' dir='ltr'><strong>ΙΙ</strong></span> <span class='ocrx_word' id='word_1_294' title='bbox 1541 2620 1695 2666; x_wconf 86' lang='lat' dir='ltr'><strong>harena]</strong></span> <span class='ocrx_word' id='word_1_295' title='bbox 1723 2619 1837 2665; x_wconf 86' lang='lat' dir='ltr'><strong>periit</strong></span> 
     </span>
     <span class='ocr_line' id='line_1_34' title="bbox 123 2667 1836 2713; baseline -0.001 -9"><span class='ocrx_word' id='word_1_296' title='bbox 123 2669 221 2705; x_wconf 89' lang='lat' dir='ltr'><strong>enim</strong></span> <span class='ocrx_word' id='word_1_297' title='bbox 247 2669 287 2704; x_wconf 90' lang='lat' dir='ltr'><strong>in</strong></span> <span class='ocrx_word' id='word_1_298' title='bbox 312 2668 464 2704; x_wconf 90' lang='lat' dir='ltr'><strong>flumine</strong></span> <span class='ocrx_word' id='word_1_299' title='bbox 487 2668 662 2704; x_wconf 87' lang='lat' dir='ltr'><strong>Numico:</strong></span> <span class='ocrx_word' id='word_1_300' title='bbox 689 2668 786 2703; x_wconf 85' lang='lat' dir='ltr'><strong>unde</strong></span> <span class='ocrx_word' id='word_1_301' title='bbox 812 2667 867 2704; x_wconf 86' lang='lat' dir='ltr'><strong>ait</strong></span> <span class='ocrx_word' id='word_1_302' title='bbox 892 2667 1080 2703; x_wconf 85' lang='lat' dir='ltr'><strong>quenalis</strong></span> <span class='ocrx_word' id='word_1_303' title='bbox 1102 2668 1115 2712; x_wconf 94' lang='lat'>(</span> <span class='ocrx_word' id='word_1_304' title='bbox 1152 2667 1169 2701; x_wconf 91' lang='grc' dir='ltr'>Ι</span> <span class='ocrx_word' id='word_1_305' title='bbox 1189 2668 1249 2713; x_wconf 85' lang='grc'><strong>62)</strong></span> <span class='ocrx_word' id='word_1_306' title='bbox 1279 2668 1333 2703; x_wconf 76' lang='lat' dir='ltr'><strong>‘et</strong></span> <span class='ocrx_word' id='word_1_307' title='bbox 1357 2668 1436 2712; x_wconf 83' lang='lat' dir='ltr'><strong>ipse</strong></span> <span class='ocrx_word' id='word_1_308' title='bbox 1462 2669 1590 2704; x_wconf 74' lang='lat' dir='ltr'><strong>tamen</strong></span> <span class='ocrx_word' id='word_1_309' title='bbox 1617 2669 1836 2713; x_wconf 80' lang='lat' dir='ltr'><strong>contingens</strong></span> 
     </span>
     <span class='ocr_line' id='line_1_35' title="bbox 123 2714 1836 2763; baseline -0.002 -10"><span class='ocrx_word' id='word_1_310' title='bbox 123 2716 302 2763; x_wconf 81' lang='lat' dir='ltr'><strong>sanguine</strong></span> <span class='ocrx_word' id='word_1_311' title='bbox 330 2715 491 2752; x_wconf 78' lang='lat' dir='ltr'><strong>caelum:</strong></span> <span class='ocrx_word' id='word_1_312' title='bbox 519 2715 614 2751; x_wconf 86' lang='lat' dir='ltr'><strong>alter</strong></span> <span class='ocrx_word' id='word_1_313' title='bbox 640 2716 764 2761; x_wconf 82' lang='lat' dir='ltr'><strong>aquis,</strong></span> <span class='ocrx_word' id='word_1_314' title='bbox 791 2716 887 2751; x_wconf 88' lang='lat' dir='ltr'><strong>alter</strong></span> <span class='ocrx_word' id='word_1_315' title='bbox 912 2714 1070 2750; x_wconf 83' lang='lat' dir='ltr'><strong>flammis</strong></span> <span class='ocrx_word' id='word_1_316' title='bbox 1092 2715 1139 2751; x_wconf 90' lang='lat' dir='ltr'><strong>ad</strong></span> <span class='ocrx_word' id='word_1_317' title='bbox 1160 2714 1280 2750; x_wconf 86' lang='lat' dir='ltr'><strong>sidera</strong></span> <span class='ocrx_word' id='word_1_318' title='bbox 1299 2715 1449 2750; x_wconf 81' lang='lat' dir='ltr'><strong>missus’</strong></span> <span class='ocrx_word' id='word_1_319' title='bbox 1478 2716 1563 2752; x_wconf 85' lang='lat' dir='ltr'><strong>add.</strong></span> <span class='ocrx_word' id='word_1_320' title='bbox 1583 2716 1622 2750; x_wconf 82' lang='lat'><strong>1)</strong></span> <span class='ocrx_word' id='word_1_321' title='bbox 1640 2717 1652 2761; x_wconf 86' lang='grc' dir='ltr'><strong>ΙΙ</strong></span> <span class='ocrx_word' id='word_1_322' title='bbox 1673 2719 1692 2750; x_wconf 88' lang='grc'><strong>6</strong></span> <span class='ocrx_word' id='word_1_323' title='bbox 1718 2715 1836 2750; x_wconf 76' lang='lat' dir='ltr'><strong>honus</strong></span> 
     </span>
     <span class='ocr_line' id='line_1_36' title="bbox 124 2762 1837 2810; baseline -0.001 -10"><span class='ocrx_word' id='word_1_324' title='bbox 124 2765 159 2800; x_wconf 80' lang='lat' dir='ltr'><strong><em>A</em></strong></span> <span class='ocrx_word' id='word_1_325' title='bbox 186 2769 289 2809; x_wconf 75' lang='lat' dir='ltr'><strong>(corr.</strong></span> <span class='ocrx_word' id='word_1_326' title='bbox 318 2765 354 2808; x_wconf 85' lang='grc' dir='ltr'><strong>α)</strong></span> <span class='ocrx_word' id='word_1_327' title='bbox 375 2764 386 2810; x_wconf 85' lang='grc' dir='ltr'><strong>ΙΙ</strong></span> <span class='ocrx_word' id='word_1_328' title='bbox 412 2767 432 2799; x_wconf 91' lang='grc'>8</span> <span class='ocrx_word' id='word_1_329' title='bbox 459 2763 628 2808; x_wconf 87' lang='lat' dir='ltr'><strong>exemplo</strong></span> <span class='ocrx_word' id='word_1_330' title='bbox 657 2763 699 2798; x_wconf 86' lang='lat' dir='ltr'><em>H</em></span> <span class='ocrx_word' id='word_1_331' title='bbox 715 2764 727 2810; x_wconf 83' lang='grc' dir='ltr'><strong>ΙΙ</strong></span> <span class='ocrx_word' id='word_1_332' title='bbox 753 2763 845 2799; x_wconf 83' lang='lat' dir='ltr'><strong>dicit</strong></span> <span class='ocrx_word' id='word_1_333' title='bbox 872 2762 909 2798; x_wconf 88' lang='lat' dir='ltr'><strong><em>A</em></strong></span> <span class='ocrx_word' id='word_1_334' title='bbox 928 2764 939 2808; x_wconf 75' lang='grc' dir='ltr'>Η</span> <span class='ocrx_word' id='word_1_335' title='bbox 965 2766 985 2797; x_wconf 85' lang='grc'><strong>9</strong></span> <span class='ocrx_word' id='word_1_336' title='bbox 1011 2774 1098 2798; x_wconf 89' lang='lat' dir='ltr'><strong>nam</strong></span> <span class='ocrx_word' id='word_1_337' title='bbox 1125 2791 1132 2799; x_wconf 93' lang='lat'><strong>.</strong></span> <span class='ocrx_word' id='word_1_338' title='bbox 1155 2790 1162 2798; x_wconf 93' lang='lat'><strong>.</strong></span> <span class='ocrx_word' id='word_1_339' title='bbox 1184 2791 1191 2798; x_wconf 94' lang='lat'><strong>.</strong></span> <span class='ocrx_word' id='word_1_340' title='bbox 1219 2762 1354 2807; x_wconf 85' lang='lat' dir='ltr'><strong>Lycios</strong></span> <span class='ocrx_word' id='word_1_341' title='bbox 1380 2774 1446 2798; x_wconf 84' lang='lat' dir='ltr'><strong>om.</strong></span> <span class='ocrx_word' id='word_1_342' title='bbox 1476 2764 1524 2798; x_wconf 92' lang='lat' dir='ltr'><em>M</em></span> <span class='ocrx_word' id='word_1_343' title='bbox 1541 2764 1553 2810; x_wconf 82' lang='grc' dir='ltr'><strong>ΙΙ</strong></span> <span class='ocrx_word' id='word_1_344' title='bbox 1584 2767 1624 2797; x_wconf 91' lang='grc'><strong>11</strong></span> <span class='ocrx_word' id='word_1_345' title='bbox 1652 2763 1758 2798; x_wconf 80' lang='lat' dir='ltr'><strong>schol.</strong></span> <span class='ocrx_word' id='word_1_346' title='bbox 1787 2763 1837 2798; x_wconf 81' lang='lat' dir='ltr'><strong>ad</strong></span> 
     </span>
     <span class='ocr_line' id='line_1_37' title="bbox 124 2809 1836 2857; baseline -0.002 -10"><span class='ocrx_word' id='word_1_347' title='bbox 124 2824 154 2848; x_wconf 87' lang='lat' dir='ltr'><strong>v.</strong></span> <span class='ocrx_word' id='word_1_348' title='bbox 177 2816 243 2847; x_wconf 81' lang='lat'><strong>337</strong></span> <span class='ocrx_word' id='word_1_349' title='bbox 271 2822 335 2846; x_wconf 87' lang='lat' dir='ltr'><strong>om.</strong></span> <span class='ocrx_word' id='word_1_350' title='bbox 354 2811 387 2847; x_wconf 91' lang='lat' dir='ltr'><strong><em>G</em></strong></span> <span class='ocrx_word' id='word_1_351' title='bbox 406 2812 418 2856; x_wconf 79' lang='grc' dir='ltr'><strong>ΙΙ</strong></span> <span class='ocrx_word' id='word_1_352' title='bbox 437 2810 533 2856; x_wconf 81' lang='lat' dir='ltr'><strong>sese]</strong></span> <span class='ocrx_word' id='word_1_353' title='bbox 561 2821 598 2845; x_wconf 85' lang='lat' dir='ltr'><strong>se</strong></span> <span class='ocrx_word' id='word_1_354' title='bbox 618 2810 659 2845; x_wconf 99' lang='lat' dir='ltr'><em>F</em></span> <span class='ocrx_word' id='word_1_355' title='bbox 673 2812 686 2857; x_wconf 84' lang='grc' dir='ltr'><strong>ΙΙ</strong></span> <span class='ocrx_word' id='word_1_356' title='bbox 707 2815 750 2846; x_wconf 85' lang='grc'><strong>13</strong></span> <span class='ocrx_word' id='word_1_357' title='bbox 777 2822 800 2845; x_wconf 89' lang='lat' dir='ltr'><strong>a</strong></span> <span class='ocrx_word' id='word_1_358' title='bbox 825 2822 891 2845; x_wconf 84' lang='lat' dir='ltr'><strong>om.</strong></span> <span class='ocrx_word' id='word_1_359' title='bbox 907 2810 941 2845; x_wconf 90' lang='lat' dir='ltr'><strong><em>G</em></strong></span> <span class='ocrx_word' id='word_1_360' title='bbox 960 2811 972 2856; x_wconf 87' lang='grc' dir='ltr'><strong>ΙΙ</strong></span> <span class='ocrx_word' id='word_1_361' title='bbox 991 2809 1221 2845; x_wconf 85' lang='lat' dir='ltr'><strong>deuerticulo</strong></span> <span class='ocrx_word' id='word_1_362' title='bbox 1242 2809 1315 2845; x_wconf 82' lang='lat' dir='ltr'><strong>AS</strong></span> <span class='ocrx_word' id='word_1_363' title='bbox 1322 2810 1378 2845; x_wconf 89' lang='lat' dir='ltr'><strong>H:</strong></span> <span class='ocrx_word' id='word_1_364' title='bbox 1406 2810 1612 2846; x_wconf 79' lang='lat' dir='ltr'><strong>ducrticulo</strong></span> <span class='ocrx_word' id='word_1_365' title='bbox 1638 2810 1674 2845; x_wconf 81' lang='lat' dir='ltr'><em>R</em></span> <span class='ocrx_word' id='word_1_366' title='bbox 1701 2810 1836 2855; x_wconf 87' lang='lat' dir='ltr'><strong>(diuer-</strong></span> 
     </span>
     <span class='ocr_line' id='line_1_38' title="bbox 123 2857 1835 2905; baseline -0.002 -10"><span class='ocrx_word' id='word_1_367' title='bbox 123 2858 241 2895; x_wconf 83' lang='lat' dir='ltr'><strong>ticulo</strong></span> <span class='ocrx_word' id='word_1_368' title='bbox 266 2860 300 2905; x_wconf 84' lang='lat' dir='ltr'><strong>r)</strong></span> <span class='ocrx_word' id='word_1_369' title='bbox 339 2858 561 2894; x_wconf 83' lang='lat' dir='ltr'><strong>diuerticulo</strong></span> <span class='ocrx_word' id='word_1_370' title='bbox 590 2857 667 2893; x_wconf 89' lang='lat' dir='ltr'><strong>FG</strong></span> <span class='ocrx_word' id='word_1_371' title='bbox 677 2859 726 2893; x_wconf 88' lang='lat' dir='ltr'><em>M</em></span> <span class='ocrx_word' id='word_1_372' title='bbox 732 2871 754 2894; x_wconf 87' lang='grc' dir='ltr'><em>α</em></span> <span class='ocrx_word' id='word_1_373' title='bbox 774 2860 785 2904; x_wconf 84' lang='grc' dir='ltr'><strong>ΙΙ</strong></span> <span class='ocrx_word' id='word_1_374' title='bbox 805 2859 851 2893; x_wconf 91' lang='lat' dir='ltr'><strong>ab</strong></span> <span class='ocrx_word' id='word_1_375' title='bbox 878 2857 1093 2893; x_wconf 87' lang='lat' dir='ltr'><strong>inuentione</strong></span> <span class='ocrx_word' id='word_1_376' title='bbox 1120 2858 1267 2902; x_wconf 86' lang='lat' dir='ltr'><strong>accepit</strong></span> <span class='ocrx_word' id='word_1_377' title='bbox 1293 2857 1369 2893; x_wconf 90' lang='lat' dir='ltr'><strong>FG</strong></span> <span class='ocrx_word' id='word_1_378' title='bbox 1397 2859 1401 2903; x_wconf 82' lang='grc' dir='ltr'>Ι</span> <span class='ocrx_word' id='word_1_379' title='bbox 1432 2862 1476 2892; x_wconf 88' lang='grc'><strong>14</strong></span> <span class='ocrx_word' id='word_1_380' title='bbox 1500 2859 1606 2893; x_wconf 78' lang='lat' dir='ltr'><strong>schol.</strong></span> <span class='ocrx_word' id='word_1_381' title='bbox 1634 2858 1683 2893; x_wconf 83' lang='lat' dir='ltr'><strong>ad</strong></span> <span class='ocrx_word' id='word_1_382' title='bbox 1707 2868 1738 2892; x_wconf 82' lang='lat' dir='ltr'><strong>v.</strong></span> <span class='ocrx_word' id='word_1_383' title='bbox 1767 2861 1835 2892; x_wconf 85' lang='lat'><strong>339</strong></span> 
     </span>
     <span class='ocr_line' id='line_1_39' title="bbox 125 2903 1836 2952; baseline -0.002 -10"><span class='ocrx_word' id='word_1_384' title='bbox 125 2918 190 2943; x_wconf 86' lang='lat' dir='ltr'><strong>om.</strong></span> <span class='ocrx_word' id='word_1_385' title='bbox 221 2906 255 2942; x_wconf 97' lang='lat' dir='ltr'><strong><em>G</em></strong></span> <span class='ocrx_word' id='word_1_386' title='bbox 273 2907 285 2952; x_wconf 80' lang='grc'><strong>11</strong></span> <span class='ocrx_word' id='word_1_387' title='bbox 310 2904 541 2952; x_wconf 77' lang='lat' dir='ltr'><strong>archaismos</strong></span> <span class='ocrx_word' id='word_1_388' title='bbox 567 2905 602 2939; x_wconf 89' lang='lat' dir='ltr'><strong><em>A</em></strong></span> <span class='ocrx_word' id='word_1_389' title='bbox 622 2906 633 2951; x_wconf 72' lang='grc' dir='ltr'><strong>ΙΙ</strong></span> <span class='ocrx_word' id='word_1_390' title='bbox 659 2906 716 2940; x_wconf 78' lang='lat' dir='ltr'><strong>est</strong></span> <span class='ocrx_word' id='word_1_391' title='bbox 741 2917 807 2942; x_wconf 85' lang='lat' dir='ltr'><strong>om.</strong></span> <span class='ocrx_word' id='word_1_392' title='bbox 834 2905 874 2940; x_wconf 93' lang='lat' dir='ltr'><em>F</em></span> <span class='ocrx_word' id='word_1_393' title='bbox 896 2906 911 2951; x_wconf 68' lang='grc'><strong>11</strong></span> <span class='ocrx_word' id='word_1_394' title='bbox 941 2907 984 2940; x_wconf 82' lang='grc'><strong>15</strong></span> <span class='ocrx_word' id='word_1_395' title='bbox 1012 2903 1128 2940; x_wconf 88' lang='lat' dir='ltr'><strong>seruit</strong></span> <span class='ocrx_word' id='word_1_396' title='bbox 1152 2904 1192 2939; x_wconf 88' lang='lat' dir='ltr'><em>F</em></span> <span class='ocrx_word' id='word_1_397' title='bbox 1208 2906 1220 2950; x_wconf 79' lang='grc' dir='ltr'><strong>ΙΙ</strong></span> <span class='ocrx_word' id='word_1_398' title='bbox 1249 2904 1286 2939; x_wconf 88' lang='lat' dir='ltr'><strong>in</strong></span> <span class='ocrx_word' id='word_1_399' title='bbox 1312 2915 1371 2940; x_wconf 88' lang='lat' dir='ltr'><strong>me</strong></span> <span class='ocrx_word' id='word_1_400' title='bbox 1400 2904 1447 2940; x_wconf 85' lang='lat' dir='ltr'><strong>iis</strong></span> <span class='ocrx_word' id='word_1_401' title='bbox 1471 2904 1581 2940; x_wconf 81' lang='lat' dir='ltr'><strong>undis</strong></span> <span class='ocrx_word' id='word_1_402' title='bbox 1607 2905 1643 2939; x_wconf 89' lang='lat' dir='ltr'><em>R</em></span> <span class='ocrx_word' id='word_1_403' title='bbox 1661 2906 1673 2951; x_wconf 85' lang='grc' dir='ltr'><strong>ΙΙ</strong></span> <span class='ocrx_word' id='word_1_404' title='bbox 1702 2903 1836 2940; x_wconf 86' lang='lat' dir='ltr'><strong>mediis</strong></span> 
     </span>
     <span class='ocr_line' id='line_1_40' title="bbox 126 2951 1840 2999; baseline -0.002 -10"><span class='ocrx_word' id='word_1_405' title='bbox 126 2965 192 2989; x_wconf 83' lang='lat' dir='ltr'><strong>om.</strong></span> <span class='ocrx_word' id='word_1_406' title='bbox 213 2954 248 2989; x_wconf 77' lang='lat' dir='ltr'><strong><em>A</em></strong></span> <span class='ocrx_word' id='word_1_407' title='bbox 268 2954 280 2999; x_wconf 81' lang='grc' dir='ltr'><strong>ΙΙ</strong></span> <span class='ocrx_word' id='word_1_408' title='bbox 302 2957 342 2989; x_wconf 81' lang='lat'><strong>17</strong></span> <span class='ocrx_word' id='word_1_409' title='bbox 370 2954 537 2988; x_wconf 81' lang='lat' dir='ltr'><strong>recentes</strong></span> <span class='ocrx_word' id='word_1_410' title='bbox 558 2952 778 2988; x_wconf 84' lang='lat' dir='ltr'><strong><em>ASHFG:</em></strong></span> <span class='ocrx_word' id='word_1_411' title='bbox 805 2952 1022 2988; x_wconf 83' lang='lat' dir='ltr'><strong>recedentes</strong></span> <span class='ocrx_word' id='word_1_412' title='bbox 1047 2951 1084 2987; x_wconf 79' lang='lat' dir='ltr'><em>R</em></span> <span class='ocrx_word' id='word_1_413' title='bbox 1098 2952 1171 2987; x_wconf 81' lang='lat' dir='ltr'><strong>Ma</strong></span> <span class='ocrx_word' id='word_1_414' title='bbox 1190 2953 1201 2998; x_wconf 85' lang='grc' dir='ltr'><strong>ΙΙ</strong></span> <span class='ocrx_word' id='word_1_415' title='bbox 1222 2951 1427 2987; x_wconf 85' lang='lat' dir='ltr'><strong>ordidiores</strong></span> <span class='ocrx_word' id='word_1_416' title='bbox 1454 2952 1488 2988; x_wconf 93' lang='lat' dir='ltr'><strong><em>G</em></strong></span> <span class='ocrx_word' id='word_1_417' title='bbox 1506 2953 1518 2999; x_wconf 80' lang='grc' dir='ltr'><strong>ΙΙ</strong></span> <span class='ocrx_word' id='word_1_418' title='bbox 1539 2956 1582 2988; x_wconf 92' lang='grc'><strong>18</strong></span> <span class='ocrx_word' id='word_1_419' title='bbox 1609 2952 1678 2999; x_wconf 90' lang='lat' dir='ltr'><strong>ait]</strong></span> <span class='ocrx_word' id='word_1_420' title='bbox 1707 2954 1764 2988; x_wconf 88' lang='lat' dir='ltr'><strong>est</strong></span> <span class='ocrx_word' id='word_1_421' title='bbox 1790 2952 1840 2986; x_wconf 89' lang='lat' dir='ltr'><em>M</em></span> 
     </span>
     <span class='ocr_line' id='line_1_41' title="bbox 127 2999 1836 3047; baseline -0.002 -11"><span class='ocrx_word' id='word_1_422' title='bbox 127 3001 139 3047; x_wconf 62' lang='lat' dir='ltr'><strong>l]</strong></span> <span class='ocrx_word' id='word_1_423' title='bbox 167 3004 210 3035; x_wconf 89' lang='grc'><strong>19</strong></span> <span class='ocrx_word' id='word_1_424' title='bbox 235 3003 403 3046; x_wconf 84' lang='lat' dir='ltr'><strong>tempore</strong></span> <span class='ocrx_word' id='word_1_425' title='bbox 429 2999 546 3035; x_wconf 71' lang='grc' dir='ltr'><strong>ΕΑΒ</strong></span> <span class='ocrx_word' id='word_1_426' title='bbox 571 3000 676 3044; x_wconf 78' lang='lat' dir='ltr'><strong>(corr.</strong></span> <span class='ocrx_word' id='word_1_427' title='bbox 698 3000 734 3046; x_wconf 89' lang='lat' dir='ltr'><strong>a)</strong></span> <span class='ocrx_word' id='word_1_428' title='bbox 754 3002 766 3047; x_wconf 72' lang='grc' dir='ltr'><strong>ΙΙ</strong></span> <span class='ocrx_word' id='word_1_429' title='bbox 786 2999 885 3035; x_wconf 83' lang='lat' dir='ltr'><strong>orbis</strong></span> <span class='ocrx_word' id='word_1_430' title='bbox 911 2999 982 3034; x_wconf 82' lang='lat' dir='ltr'><strong>AS</strong></span> <span class='ocrx_word' id='word_1_431' title='bbox 1007 3000 1112 3044; x_wconf 78' lang='lat' dir='ltr'><strong>(corr.</strong></span> <span class='ocrx_word' id='word_1_432' title='bbox 1134 3000 1170 3044; x_wconf 88' lang='lat' dir='ltr'><strong>a)</strong></span> <span class='ocrx_word' id='word_1_433' title='bbox 1191 3000 1202 3045; x_wconf 79' lang='grc' dir='ltr'><strong>ΙΙ</strong></span> <span class='ocrx_word' id='word_1_434' title='bbox 1222 3002 1267 3034; x_wconf 87' lang='grc'><strong>20</strong></span> <span class='ocrx_word' id='word_1_435' title='bbox 1293 2999 1446 3045; x_wconf 87' lang='lat' dir='ltr'><strong>reliquit</strong></span> <span class='ocrx_word' id='word_1_436' title='bbox 1464 2999 1633 3035; x_wconf 83' lang='lat' dir='ltr'><strong><em>RASH</em></strong></span> <span class='ocrx_word' id='word_1_437' title='bbox 1638 3000 1688 3034; x_wconf 86' lang='lat' dir='ltr'><em>M</em></span> <span class='ocrx_word' id='word_1_438' title='bbox 1694 3013 1702 3034; x_wconf 75' lang='grc' dir='ltr'><strong><em>ε</em></strong></span> <span class='ocrx_word' id='word_1_439' title='bbox 1727 2999 1836 3035; x_wconf 87' lang='lat' dir='ltr'><strong>relin-</strong></span> 
     </span>
     <span class='ocr_line' id='line_1_42' title="bbox 129 3046 1837 3128; baseline -0.002 -45"><span class='ocrx_word' id='word_1_440' title='bbox 129 3046 219 3092; x_wconf 87' lang='lat' dir='ltr'><strong>quid</strong></span> <span class='ocrx_word' id='word_1_441' title='bbox 244 3047 285 3084; x_wconf 89' lang='lat' dir='ltr'><em>F</em></span> <span class='ocrx_word' id='word_1_442' title='bbox 318 3047 497 3092; x_wconf 87' lang='lat' dir='ltr'><strong>relinquit</strong></span> <span class='ocrx_word' id='word_1_443' title='bbox 523 3046 556 3082; x_wconf 91' lang='lat' dir='ltr'><strong><em>G</em></strong></span> <span class='ocrx_word' id='word_1_444' title='bbox 581 3048 604 3128; x_wconf 67' lang='lat' dir='ltr'><strong>nl</strong></span> <span class='ocrx_word' id='word_1_445' title='bbox 624 3047 728 3083; x_wconf 88' lang='lat' dir='ltr'><strong>aurio</strong></span> <span class='ocrx_word' id='word_1_446' title='bbox 754 3047 791 3082; x_wconf 81' lang='lat' dir='ltr'><em>R</em></span> <span class='ocrx_word' id='word_1_447' title='bbox 828 3058 941 3083; x_wconf 88' lang='lat' dir='ltr'><strong>aurae</strong></span> <span class='ocrx_word' id='word_1_448' title='bbox 966 3046 1039 3082; x_wconf 77' lang='lat' dir='ltr'><strong>AS</strong></span> <span class='ocrx_word' id='word_1_449' title='bbox 1048 3047 1097 3081; x_wconf 87' lang='lat' dir='ltr'><em>M</em></span> <span class='ocrx_word' id='word_1_450' title='bbox 1118 3047 1130 3093; x_wconf 85' lang='grc'><strong>11</strong></span> <span class='ocrx_word' id='word_1_451' title='bbox 1160 3050 1203 3081; x_wconf 89' lang='grc'><strong>21</strong></span> <span class='ocrx_word' id='word_1_452' title='bbox 1231 3046 1372 3092; x_wconf 88' lang='lat' dir='ltr'><strong>ignem]</strong></span> <span class='ocrx_word' id='word_1_453' title='bbox 1399 3046 1585 3092; x_wconf 82' lang='lat' dir='ltr'><strong>simplices</strong></span> <span class='ocrx_word' id='word_1_454' title='bbox 1612 3047 1696 3083; x_wconf 80' lang='lat' dir='ltr'><strong>add.</strong></span> <span class='ocrx_word' id='word_1_455' title='bbox 1724 3046 1801 3081; x_wconf 86' lang='lat' dir='ltr'><strong>FG</strong></span> <span class='ocrx_word' id='word_1_456' title='bbox 1827 3046 1837 3089; x_wconf 77' lang='grc'><strong>11</strong></span> 
     </span>
     <span class='ocr_line' id='line_1_43' title="bbox 129 3093 1836 3141; baseline -0.002 -12"><span class='ocrx_word' id='word_1_457' title='bbox 129 3094 226 3130; x_wconf 82' lang='lat' dir='ltr'><strong>aliae</strong></span> <span class='ocrx_word' id='word_1_458' title='bbox 248 3123 255 3130; x_wconf 92' lang='lat'><strong>.</strong></span> <span class='ocrx_word' id='word_1_459' title='bbox 277 3122 285 3129; x_wconf 92' lang='lat'><strong>.</strong></span> <span class='ocrx_word' id='word_1_460' title='bbox 308 3122 314 3129; x_wconf 97' lang='lat'><strong>.</strong></span> <span class='ocrx_word' id='word_1_461' title='bbox 343 3094 539 3141; x_wconf 73' lang='lat' dir='ltr'><strong>circulum]</strong></span> <span class='ocrx_word' id='word_1_462' title='bbox 566 3094 663 3130; x_wconf 79' lang='lat' dir='ltr'><strong>aiae</strong></span> <span class='ocrx_word' id='word_1_463' title='bbox 688 3095 902 3140; x_wconf 85' lang='lat' dir='ltr'><strong>panduntur</strong></span> <span class='ocrx_word' id='word_1_464' title='bbox 928 3094 1076 3130; x_wconf 85' lang='lat' dir='ltr'><strong>animae</strong></span> <span class='ocrx_word' id='word_1_465' title='bbox 1103 3094 1150 3129; x_wconf 90' lang='lat' dir='ltr'><strong>ad</strong></span> <span class='ocrx_word' id='word_1_466' title='bbox 1177 3093 1239 3138; x_wconf 87' lang='lat' dir='ltr'><strong>(ad</strong></span> <span class='ocrx_word' id='word_1_467' title='bbox 1265 3104 1331 3129; x_wconf 84' lang='lat' dir='ltr'><strong>om.</strong></span> <span class='ocrx_word' id='word_1_468' title='bbox 1346 3093 1436 3138; x_wconf 79' lang='lat' dir='ltr'><strong>AS,</strong></span> <span class='ocrx_word' id='word_1_469' title='bbox 1461 3105 1561 3139; x_wconf 77' lang='lat' dir='ltr'><strong>supr.</strong></span> <span class='ocrx_word' id='word_1_470' title='bbox 1583 3106 1671 3130; x_wconf 79' lang='lat' dir='ltr'><strong>vers.</strong></span> <span class='ocrx_word' id='word_1_471' title='bbox 1693 3094 1776 3128; x_wconf 72' lang='lat' dir='ltr'><strong>aad.</strong></span> <span class='ocrx_word' id='word_1_472' title='bbox 1799 3094 1836 3136; x_wconf 86' lang='grc' dir='ltr'><strong>α)</strong></span> 
     </span>
     <span class='ocr_line' id='line_1_44' title="bbox 129 3140 1836 3188; baseline -0.001 -14"><span class='ocrx_word' id='word_1_473' title='bbox 129 3141 297 3178; x_wconf 85' lang='lat' dir='ltr'><strong>lunarem</strong></span> <span class='ocrx_word' id='word_1_474' title='bbox 323 3141 502 3177; x_wconf 88' lang='lat' dir='ltr'><strong>circulum</strong></span> <span class='ocrx_word' id='word_1_475' title='bbox 528 3142 646 3177; x_wconf 80' lang='lat' dir='ltr'><strong>ARS</strong></span> <span class='ocrx_word' id='word_1_476' title='bbox 669 3143 681 3188; x_wconf 91' lang='grc' dir='ltr'><strong>ΙΙ</strong></span> <span class='ocrx_word' id='word_1_477' title='bbox 713 3146 758 3177; x_wconf 90' lang='grc'><strong>22</strong></span> <span class='ocrx_word' id='word_1_478' title='bbox 787 3140 1026 3178; x_wconf 77' lang='lat' dir='ltr'><strong>solstitialem</strong></span> <span class='ocrx_word' id='word_1_479' title='bbox 1053 3142 1156 3177; x_wconf 76' lang='lat' dir='ltr'><strong>libri:</strong></span> <span class='ocrx_word' id='word_1_480' title='bbox 1183 3141 1342 3176; x_wconf 78' lang='lat' dir='ltr'><strong>solarem</strong></span> <span class='ocrx_word' id='word_1_481' title='bbox 1366 3142 1649 3187; x_wconf 72' lang='lat' dir='ltr'><strong>mythoyraphus</strong></span> <span class='ocrx_word' id='word_1_482' title='bbox 1674 3142 1685 3186; x_wconf 83' lang='grc' dir='ltr'><strong>ΙΙ</strong></span> <span class='ocrx_word' id='word_1_483' title='bbox 1711 3142 1836 3174; x_wconf 78' lang='lat' dir='ltr'><strong>tenere</strong></span> 
     </span>
     <span class='ocr_line' id='line_1_45' title="bbox 131 3186 1836 3240; baseline -0.002 -17"><span class='ocrx_word' id='word_1_484' title='bbox 131 3190 412 3240; x_wconf 62' lang='lat' dir='ltr'><strong>mythooraphus</strong></span> <span class='ocrx_word' id='word_1_485' title='bbox 430 3190 443 3235; x_wconf 88' lang='grc' dir='ltr'><strong>ΙΙ</strong></span> <span class='ocrx_word' id='word_1_486' title='bbox 461 3193 506 3225; x_wconf 84' lang='grc'><strong>23</strong></span> <span class='ocrx_word' id='word_1_487' title='bbox 532 3189 766 3235; x_wconf 81' lang='lat' dir='ltr'><strong>purgationis</strong></span> <span class='ocrx_word' id='word_1_488' title='bbox 784 3188 930 3224; x_wconf 84' lang='lat' dir='ltr'><strong>animae</strong></span> <span class='ocrx_word' id='word_1_489' title='bbox 958 3200 1002 3224; x_wconf 81' lang='lat' dir='ltr'><strong>ex</strong></span> <span class='ocrx_word' id='word_1_490' title='bbox 1020 3189 1135 3233; x_wconf 71' lang='lat' dir='ltr'><strong>Reqio</strong></span> <span class='ocrx_word' id='word_1_491' title='bbox 1155 3188 1274 3223; x_wconf 73' lang='lat' dir='ltr'><strong>codice</strong></span> <span class='ocrx_word' id='word_1_492' title='bbox 1294 3188 1499 3224; x_wconf 77' lang='lat' dir='ltr'><strong>Masvz‘cius</strong></span> <span class='ocrx_word' id='word_1_493' title='bbox 1517 3190 1529 3235; x_wconf 80' lang='grc' dir='ltr'><strong>Η</strong></span> <span class='ocrx_word' id='word_1_494' title='bbox 1549 3186 1836 3230; x_wconf 85' lang='lat' dir='ltr'><strong>circumdatum]</strong></span> 
     </span>
     <span class='ocr_line' id='line_1_46' title="bbox 133 3233 1837 3283; baseline -0.001 -14"><span class='ocrx_word' id='word_1_495' title='bbox 133 3235 312 3270; x_wconf 81' lang='lat' dir='ltr'><strong>circulum</strong></span> <span class='ocrx_word' id='word_1_496' title='bbox 336 3236 462 3271; x_wconf 84' lang='lat' dir='ltr'><strong>datum</strong></span> <span class='ocrx_word' id='word_1_497' title='bbox 484 3236 523 3271; x_wconf 88' lang='lat' dir='ltr'><em>F</em></span> <span class='ocrx_word' id='word_1_498' title='bbox 538 3238 551 3282; x_wconf 85' lang='grc' dir='ltr'><strong>ΙΙ</strong></span> <span class='ocrx_word' id='word_1_499' title='bbox 570 3240 616 3272; x_wconf 86' lang='grc'><strong>24</strong></span> <span class='ocrx_word' id='word_1_500' title='bbox 641 3236 703 3283; x_wconf 89' lang='lat' dir='ltr'><strong>ne]</strong></span> <span class='ocrx_word' id='word_1_501' title='bbox 730 3248 797 3272; x_wconf 88' lang='lat' dir='ltr'><strong>nec</strong></span> <span class='ocrx_word' id='word_1_502' title='bbox 818 3237 978 3272; x_wconf 78' lang='lat' dir='ltr'><strong>ARMs</strong></span> <span class='ocrx_word' id='word_1_503' title='bbox 996 3237 1008 3282; x_wconf 77' lang='grc' dir='ltr'><strong>ΙΙ</strong></span> <span class='ocrx_word' id='word_1_504' title='bbox 1028 3237 1183 3272; x_wconf 83' lang='lat' dir='ltr'><strong>uenerat</strong></span> <span class='ocrx_word' id='word_1_505' title='bbox 1202 3234 1238 3269; x_wconf 88' lang='lat' dir='ltr'><strong><em>R</em></strong></span> <span class='ocrx_word' id='word_1_506' title='bbox 1257 3235 1269 3281; x_wconf 78' lang='lat' dir='ltr'>fl</span> <span class='ocrx_word' id='word_1_507' title='bbox 1289 3238 1333 3270; x_wconf 85' lang='lat'><strong>25</strong></span> <span class='ocrx_word' id='word_1_508' title='bbox 1361 3235 1457 3272; x_wconf 84' lang='lat' dir='ltr'><strong>sicut</strong></span> <span class='ocrx_word' id='word_1_509' title='bbox 1482 3237 1594 3271; x_wconf 84' lang='lat' dir='ltr'><strong>etiam</strong></span> <span class='ocrx_word' id='word_1_510' title='bbox 1614 3233 1705 3269; x_wconf 85' lang='lat' dir='ltr'><strong>alibi</strong></span> <span class='ocrx_word' id='word_1_511' title='bbox 1731 3234 1837 3279; x_wconf 75' lang='lat' dir='ltr'><strong>vulyo</strong></span> 
     </span>
    </p>
   </div>
   <div class='ocr_carea' id='block_1_9' title="bbox 1970 878 1989 897">
    <p class='ocr_par' dir='ltr' id='par_1_16' title="bbox 1970 878 1989 897">
     <span class='ocr_line' id='line_1_47' title="bbox 1970 878 1989 897; baseline 0 0"><span class='ocrx_word' id='word_1_512' title='bbox 1970 878 1989 897; x_wconf 70' lang='grc' dir='ltr'>Ο</span> 
     </span>
    </p>
   </div>
  </div>
 </body>
</html>
