2124 3600
507 231 657 268 COMM.
685 231 737 266 IN
764 230 908 267 VERG.
937 229 1045 266 AEN.
1073 230 1124 265 VI
1151 234 1349 266 670—692.
1733 230 1791 271 95

80 345 244 385 certum
282 341 564 384 includebant
600 355 677 395 per
715 343 880 395 partes,
924 342 968 381 et
1005 354 1057 381 ex
1095 340 1222 381 unius
1261 353 1438 381 numero
1477 342 1639 394 quanta
1677 341 1792 381 esset

80 414 295 456 videbant.
351 413 465 469 quod
496 411 659 454 Xerxes
692 411 743 453 de
776 426 852 453 suo
884 410 987 452 fecit
1018 410 1222 452 exercitu.

198 485 295 527 682.
347 495 592 534 CAROSQVE
638 494 846 525 NEPOTES
890 484 1126 537 posteros:-
1153 481 1265 524 sicut
1307 496 1384 536 per
1427 497 1562 524 nurus
1604 482 1789 525 feminas

80 555 238 598 dicunt.

198 627 295 669 683.
346 637 561 677 FATAQVE
592 636 930 676 FORTVNASQVE
966 637 1115 667 VIRVM
1151 625 1340 667 felicitas
1379 625 1493 666 enim
1531 628 1606 667 aut
1644 625 1789 667 fatalis
1815 632 1836 663 5

80 700 161 753 est,
196 700 271 740 aut
302 698 503 753 fortuita,
536 699 612 739 aut
644 712 695 739 ex
725 697 886 739 virtute
919 697 1149 739 descendit.

198 769 297 812 685.
347 780 543 811 ALACRIS
583 769 676 824 ipse
716 768 884 810 alacris.
947 771 990 811 et
1026 768 1245 810 sciendum
1283 769 1562 824 antiquosfet
1595 768 1788 811 ‘alacris’

80 844 125 884 et
156 839 342 896 ‘alacer’,
378 842 422 882 et
454 839 595 882 ‘acris'
628 842 672 882 et
702 838 830 881 ‘acer'
861 842 951 882 tam
985 839 1036 881 (16
1068 840 1305 882 masculino
1339 855 1468 895 quam
1500 840 1551 882 de
1582 840 1789 882 feminino

80 925 234 967 genere
255 911 425 954 dixisse.
464 925 577 953 nunc
603 911 844 953 masculino
870 914 1099 966 utrumque
1121 911 1286 966 damus⁷
1313 911 1364 953 de
1384 911 1592 954 feminino
1615 911 1788 954 ‘alacer’

79 985 123 1025 et
152 982 280 1026 ‘acer'
309 997 556 1039 numquam.
576 982 777 1037 dicimus,
803 982 904 1024 licet
930 981 1094 1025 Ennius
1125 983 1281 1025 dixerit
1311 985 1562 1025 aestatem
1595 986 1789 1026 autum·
1818 989 1862 1020 10

78 1069 171 1097 nus
205 1052 496 1111 (sequitur),
534 1056 652 1109 post
691 1068 805 1096 acer
835 1054 1037 1109 hiemps
1069 1054 1130 1096 it:
1168 1069 1270 1096 nam
1302 1054 1400 1096 inde
1432 1057 1500 1097 est
1532 1054 1717 1098 ‘alacer'.

199 1126 298 1168 686.
336 1137 471 1168 GENIS
491 1126 724 1180 palpebris:
744 1124 914 1168 Ennius
934 1126 985 1167 de
1005 1126 1245 1168 dormiente
1264 1126 1316 1167 in
1324 1126 1601 1182 primitque
1629 1141 1790 1183 genae

81 1210 272 1252 genam.
393 1208 584 1239 EXCIDIT
619 1209 709 1239 ORE
743 1197 867 1252 quasi
900 1197 1010 1239 seni:
1047 1197 1160 1252 quod
1193 1197 1304 1239 circa
1336 1197 1562 1240 Anchisen
1588 1201 1792 1254 reservat,

80 1270 128 1310 ut
160 1267 233 1323 <II
259 1267 374 1323 658>
407 1270 710 1323 tantumque
741 1268 885 1311 nefas
918 1268 1091 1324 patrio
1124 1269 1317 1311 excidit
1350 1284 1445 1311 ore.

199 1340 298 1382 687.
349 1351 538 1382 VENISTI
571 1351 765 1382 TANDEM
802 1339 884 1383 hoc
923 1340 976 1382 ad
1015 1340 1229 1382 adfectum
1267 1341 1458 1396 pertinet
1490 1340 1791 1384 desiderantis:
1821 1347 1862 1378 15

83 1410 191 1453 alias
224 1411 362 1452 oritur
393 1411 585 1466 quaestio
614 1411 727 1466 quod
757 1411 860 1453 dicit
885 1412 1030 1467 <690>
1059 1411 1134 1454 ‘sic
1161 1412 1359 1467 equidem
1386 1412 1595 1455 ducebam
1621 1413 1793 1456 animo’.

142 1492 417 1524 EXPECTATA
450 1483 651 1537 probata,
683 1484 732 1524 ut
764 1481 900 1537 <VIII
935 1482 1047 1538 151>
1080 1485 1129 1526 et
1160 1483 1312 1525 rebus
1346 1486 1583 1540 spectata
1616 1485 1792 1527 iuven-

81 1555 175 1596 tus.
224 1552 306 1595 hoc
339 1555 484 1595 autem
510 1553 632 1595 dicit:
665 1555 741 1595 tua
772 1543 913 1609 pietas
946 1554 1053 1596 mihi
1085 1568 1254 1610 semper
1285 1555 1485 1611 probata,
1517 1571 1631 1599 nunc
1661 1557 1792 1599 etiam

82 1623 179 1666 ‘iter
210 1623 380 1667 durum'
412 1625 535 1680 vicit,
567 1625 732 1675 scilicet
762 1625 1013 1668 inferorum.

200 1695 299 1738 689.
347 1707 406 1738 ET
439 1707 590 1739 NOTAS
628 1708 804 1738 AVDIRE
843 1708 903 1738 ET
942 1709 1163 1739 REDDERE
1205 1709 1353 1741 vocas
1391 1699 1439 1740 id
1475 1702 1533 1741 est
1571 1699 1791 1742 familiari·
1819 1704 1864 1735 20

81 1769 148 1808 ter
178 1766 310 1822 loqui.

201 1836 299 1879 690.
349 1849 594 1888 REBARQVE
628 1849 851 1880 FVTVRVM
891 1838 1155 1895 arbitrabar,
1193 1840 1487 1883 ratiocinabar
1519 1856 1612 1884 esse
1644 1844 1795 1884 ventu-

82 1923 196 1950 rum:
227 1922 305 1962 per
335 1908 449 1963 quod
482 1908 774 1964 intellegimus
806 1909 999 1952 fataliter
1024 1910 1196 1953 Aenean
1231 1912 1285 1953 ad
1316 1912 1477 1955 inferos
1509 1913 1795 1957 descendisse.

83 1994 170 2021 non
203 1978 316 2020 enim
348 1979 432 2021 nisi
462 1978 618 2021 fatalia
650 1979 1036 2035 deprehenduntur.
1914 2028 1916 2030 .

203 2050 301 2092 691.
350 2061 442 2092 NEC
474 2062 539 2092 ME
564 2063 662 2093 MEA
691 2062 811 2094 CVRA
844 2058 1088 2094 FEFELLIT'
1108 2067 1186 2095 1166
1218 2054 1387 2110 decepit
1417 2070 1485 2097 me
1518 2055 1792 2098 dulcissimus
1819 2061 1864 2092 25

83 2121 217 2163 filius:
249 2134 351 2163 nam
376 2121 599 2164 vocativus
632 2124 698 2164 est
731 2122 849 2164 ‘mea
874 2122 1009 2178 cura',
1041 2123 1084 2165 id
1116 2126 1182 2166 est
1212 2127 1273 2167 tu.
1314 2128 1357 2167 et
1389 2125 1550 2168 dictum
1583 2129 1649 2168 est
1680 2127 1792 2169 sicut

85 2191 154 2246 <X
187 2192 299 2247 132>
330 2191 550 2235 Veneris
582 2193 877 2236 iustissima
909 2208 1041 2236 cura.

204 2263 301 2305 692.
352 2275 468 2314 QVAS
500 2274 595 2306 EGO
628 2277 686 2306 ΤΕ
717 2277 893 2308 TERRAS
921 2278 981 2307 ΕΤ
1009 2278 1199 2317 QVANTA
1232 2280 1321 2309 PER
1353 2279 1573 2318 AEQVORA
1605 2281 1794 2312 VECTVM

85 2333 224 2389 patrie
257 2334 348 2376 eius
379 2334 561 2390 ingemit
592 2336 774 2378 casibus.

183 2443 202 2474 7
230 2440 269 2474 et
293 2438 483 2475 sciendum
508 2451 539 2476 e.
567 2453 601 2485 q.
629 2441 673 2487 s.]
701 2440 746 2476 cf.
775 2441 927 2487 [Sergii]
956 2442 1100 2487 explan.
1127 2443 1166 2478 in
1194 2444 1285 2479 Don.
1314 2457 1347 2489 p.
1375 2449 1455 2488 491,
1482 2449 1527 2480 26
1548 2446 1590 2480 K.
1611 2447 1623 2492 Η
1650 2450 1693 2481 10
1720 2446 1791 2481 En-

85 2485 186 2568 psiuffl
212 2497 295 2522 ann.
322 2499 355 2522 v.
383 2490 452 2523 406
477 2499 536 2534 ap.
563 2488 672 2538 Vahl.
693 2490 704 2534 ΙΙ
738 2492 780 2523 12
808 2488 965 2536 Ε11111116]
991 2491 1159 2535 tragoed.
1187 2504 1221 2527 v.
1249 2496 1316 2528 397
1343 2504 1402 2537 ap.
1429 2492 1550 2538 Ribb„
1576 2505 1609 2529 v.
1637 2498 1706 2529 436
1733 2505 1791 2539 ap.

120 2544 143 2568 a
188 2561 196 2568 .

184 2631 202 2662 1
230 2638 307 2663 6666
326 2628 400 2664 AS
422 2630 528 2673 (corr.
549 2631 587 2676 a)
607 2633 619 2674 ΙΙ
638 2635 659 2665 2
685 2631 842 2678 Xerxes]
869 2633 908 2667 et
931 2642 1055 2670 xerses
1082 2633 1131 2667 M
1166 2645 1310 2669 exerses
1331 2634 1371 2669 F
1404 2647 1529 2671 xerses
1551 2636 1582 2671 0
1597 2638 1609 2681 ΙΙ
1628 2638 1666 2681 et
1690 2648 1792 2672 exer-

87 2675 163 2710 citu
189 2674 296 2728 01!ss
323 2676 375 2711 616
401 2677 445 2711 H
478 2677 557 2712 sicsi
584 2677 615 2712 Ο
630 2679 642 2723 ΙΙ
670 2683 691 2714 6
718 2678 942 2714 descendens
967 2679 1007 2713 F
1022 2681 1035 2724 ΙΙ
1064 2683 1083 2714 7
1109 2692 1263 2716 Armenes
1290 2682 1330 2716 F
1345 2683 1357 2728 ΙΙ
1382 2683 1573 2729 antiquos]
1602 2694 1696 2729 quos
1721 2684 1758 2718 R
1781 2684 1794 2731 Η

87 2724 126 2758 61,
157 2723 290 2758 alaone
322 2724 360 2758 et
390 2724 485 2760 acris
510 2726 548 2760 et
573 2735 658 2761 acer
683 2727 722 2761 et
746 2726 869 2761 alacer
894 2725 972 2761 FO
1004 2727 1015 2772 ΙΙ
1053 2730 1075 2762 8
1101 2730 1139 2763 et
1163 2729 1257 2763 acris
1284 2732 1323 2765 et
1348 2740 1434 2765 acer
1458 2741 1524 2766 om.
1552 2731 1602 2766 M
1633 2733 1646 2776 fl
1682 2731 1792 2777 acris]

88 2770 220 2805 ceteris
245 2770 290 2804 H
316 2772 328 2815 ΙΙ
365 2771 410 2806 (16
436 2775 520 2807 ante
544 2771 722 2808 feminino
747 2784 813 2808 om.
843 2774 891 2808 Μ
898 2772 930 2808 Ο
956 2775 968 2818 ΙΙ
1008 2778 1051 2808 10
1084 2779 1122 2810 et
1153 2787 1239 2810 acer
1263 2787 1329 2811 om.
1358 2778 1406 2811 M
1441 2789 1644 2822 numquam
1669 2779 1794 2814 alacer

87 2818 257 2853 exhibens
274 2819 287 2863 fl
305 2819 490 2853 auttumn:
516 2819 562 2854 H
574 2820 587 2864 ΙΙ
608 2824 649 2854 11
677 2821 845 2864 sequitur
869 2831 886 2855 e
907 2821 1105 2857 Prisciano
1130 2822 1160 2856 V
1186 2827 1227 2858 17
1255 2824 1285 2868 (I
1305 2835 1345 2869 p.
1368 2827 1447 2869 153,
1470 2830 1513 2861 10
1534 2826 1600 2869 Η.)
1626 2827 1758 2862 addidi
1782 2826 1794 2873 ΙΙ

88 2864 207 2899 11161116
233 2865 401 2900 ASRH
427 2867 439 2911 ΙΙ
470 2866 501 2901 it
526 2867 667 2902 ASM:
695 2867 744 2902 sit
767 2868 899 2913 reliqui
934 2868 978 2903 fit
1002 2868 1204 2905 Fabricius
1233 2872 1246 2916 Η
1279 2875 1320 2906 12
1347 2871 1516 2917 inprimit
1544 2874 1592 2907 M
1615 2874 1628 2919 ΙΙ
1658 2874 1792 2919 genae]

88 2922 176 2947 rene
202 2912 247 2946 H
278 2924 471 2959 genaeque
499 2914 549 2948 M
576 2915 589 2959 ΙΙ
627 2918 669 2949 13
697 2918 822 2950 seruat
846 2915 881 2949 A
908 2916 1089 2960 (reseruat
1115 2918 1162 2962 a)-
1178 2919 1191 2962 ΙΙ
1213 2922 1273 2953 ,15
1299 2919 1347 2954 ad
1371 2930 1438 2955 om.
1466 2921 1510 2955 H
1529 2921 1542 2965 ΙΙ
1571 2922 1704 2965 pernet
1731 2920 1762 2955 G
1784 2923 1793 2966 ΙΙ

92 2962 135 2994 19
162 2959 294 2994 durum
318 2960 391 2995 iter
418 2961 467 2995 M
483 2961 496 3006 ΙΙ
515 2964 555 2995 21
584 2962 690 3006 loqui
714 2962 949 2997 familiariter
975 2963 1024 2997 M
1040 2965 1052 3009 ΙΙ
1072 2968 1115 2998 22
1142 2964 1358 3000 rationabar
1381 2966 1462 3001 AR
1487 2969 1591 3012 (corr.
1619 2970 1657 3013 a)
1677 2969 1690 3013 ΙΙ
1708 2979 1794 3003 ven-

90 3007 214 3040 turum
240 3018 306 3042 om.
321 3007 357 3042 R
375 3009 388 3053 u
408 3012 451 3042 23
471 3019 539 3053 per
558 3009 673 3055 quod]
700 3011 739 3044 et
763 3021 828 3055 per
853 3010 924 3045 hoc
946 3010 994 3044 M
1011 3012 1023 3056 ss
1041 3011 1251 3047 fatalittaer
1272 3012 1302 3046 O
1317 3016 1329 3057 ΙΙ
1348 3017 1394 3048 25
1413 3014 1554 3060 decipit
1572 3015 1609 3050 R
1634 3018 1739 3059 (corr.
1760 3016 1793 3059 r)

90 3052 103 3098 Η
127 3056 172 3088 26
197 3053 236 3087 id
263 3056 320 3089 est
343 3066 410 3090 om.
431 3054 471 3089 F
486 3055 499 3100 ΙΙ
517 3056 559 3090 tu
583 3066 649 3092 om.
672 3056 730 3102 011
749 3059 788 3092 61,
811 3057 970 3104 dietum]
997 3058 1160 3093 edictum
1180 3059 1225 3093 H
1257 3061 1301 3094 ut
1318 3060 1458 3096 dictum
1481 3064 1512 3097 (J
1527 3064 1540 3107 ΙΙ
1559 3065 1616 3098 est
1639 3074 1704 3098 om.
1728 3061 1768 3096 F
1783 3062 1795 3107 Η

91 3102 136 3134 28
170 3113 213 3134 ΤΕ
243 3111 311 3136 om.
337 3102 417 3137 HG
449 3103 462 3147 n
498 3115 639 3140 vscrvu
673 3103 824 3149 pietatis
857 3103 1076 3150 magnitudo
1109 3106 1318 3141 ostenditur
1351 3109 1530 3151 (ostendit
1555 3111 1646 3154 cod.)
1684 3120 1795 3153 quom

93 3147 199 3198 pater
219 3159 256 3200 ἐ.
282 3160 314 3193 q.
340 3159 367 3183 s.
394 3149 433 3183 D
468 3150 482 3195 ss
518 3154 563 3184 29
595 3151 716 3196 patrie
744 3150 789 3186 0:
822 3152 967 3196 patriae
998 3152 1162 3187 ASRF
1196 3154 1320 3197 patria
1346 3155 1389 3189 H
1421 3157 1566 3201 patriae
1598 3167 1681 3190 nam
1709 3155 1757 3190 M
1783 3155 1794 3201 3]

92 3195 234 3236 ingemi
254 3194 294 3229 F
320 3196 333 3240 n
365 3207 471 3231 casus
497 3196 538 3231 F
545 3197 576 3232 Ο
