2092 3614
591 247 741 284 COMM.
769 247 822 283 IN
847 246 990 284 VERG.
1015 246 1126 282 AEN.
1153 245 1222 282 XII
1249 249 1400 284 67—88.
1758 243 1845 286 583

259 359 326 401 83.
376 369 585 401 PILVMNO
625 369 745 409 Qvos
777 369 881 401 IPSA
912 367 1064 399 DEcvs
1096 368 1244 398 DEDIT
1277 366 1500 399 ORITHYIA
1539 355 1601 398 ait
1637 353 1845 398 Horatius

138 431 183 473 in
223 433 315 473 arte
352 431 524 486 poetica
554 429 698 484 <339>
736 444 826 472 nec
865 428 1216 485 quodcumque
1254 427 1384 470 velit
1420 429 1604 484 poscat
1641 426 1742 469 sibi
1772 425 1846 468 fa-

138 503 258 546 bula
289 502 437 545 credi.
500 501 612 544 unde
645 501 782 544 critici
814 501 991 557 culpant
1021 500 1104 542 hoc
1135 499 1231 542 loco
1264 499 1528 556 Vergilium,
1560 499 1751 541 dicentes
1783 498 1845 540 in—

139 588 376 631 congruum
409 588 503 616 esse
533 563 800 629 figmentum.
844 587 1031 628 namque
1054 571 1256 628 Orithyia
1283 586 1379 614 cum
1400 570 1678 613 Atheniensis
1704 569 1846 622 fuerit,

137 647 228 688 filia
264 646 527 702 terrigenae,
567 648 609 688 et
647 660 672 687 a
703 644 844 688 Borea
881 645 927 687 in
959 643 1188 686 Thraciam
1218 645 1347 698 rapta
1378 643 1453 698 sit,
1486 641 1845 698 quemadmodum

138 717 280 774 potuit
316 713 536 772 Pilumno,
577 717 650 772 qui
689 718 782 758 erat
818 717 862 759 in
900 715 1046 770 Italia,
1085 729 1218 770 equos
1257 714 1387 757 dare?
1508 726 1659 758 DECVS
1697 725 1846 756 DEDIT

138 790 191 832 ad
218 792 530 844 ornamentum,
561 791 612 831 ut
637 774 728 844 <XI
749 788 864 843 657>
897 802 1020 844 quas
1053 787 1167 842 ipsa
1198 787 1350 829 decus
1385 786 1487 829 sibi
1519 786 1602 828 dia
1627 784 1847 828 Camilla

138 862 344 918 delegit.
408 875 510 903 sane
547 860 618 903 hic
656 875 804 902 versus
844 860 1108 915 spondiazon
1139 860 1221 901 est:
1258 873 1360 900 nam
1392 857 1518 914 ‘thyi'
1550 857 1847 914 diphthongus

138 935 203 976 est
235 932 411 976 Graeca.

257 1006 325 1048 84.
376 1017 457 1056 QVI
496 1016 713 1047 GANDORE
753 1014 890 1046 iuvas
928 1014 1199 1045 ANTEIRENT
1233 1013 1453 1046 cvnsmvs
1485 1012 1635 1045 AVRAs
1667 999 1847 1044 Homeri

138 1091 298 1132 versus,
330 1077 510 1120 verbum
542 1076 595 1118 ad
627 1076 817 1118 verbum.

257 1148 324 1191 85.
372 1159 574 1191 PROPERI
605 1158 810 1190 AVRIGAE
842 1146 1001 1203 festini,
1032 1147 1219 1190 veloces:
1252 1148 1295 1188 et
1326 1147 1409 1189 erit
1439 1146 1732 1188 nominativus
1762 1144 1846 1187 ‘hie

138 1219 377 1276 properus'.
434 1221 608 1275 aurigas
642 1222 785 1262 autem
818 1234 896 1275 pro
930 1218 1191 1275 agasonibus
1223 1218 1384 1275 posuit:
1417 1233 1518 1260 nam
1548 1218 1724 1274 aurigae
1750 1231 1846 1272 pro-

137 1292 228 1347 prie
260 1294 362 1334 sunt
392 1307 542 1334 currus
574 1294 784 1348 regentes.

258 1365 325 1407 87,
375 1375 593 1414 ALBOQVE
633 1374 901 1406 ORICHALGO
940 1363 1053 1419 apud
1090 1363 1275 1405 maiores
1315 1362 1579 1405 orichalcum
1615 1361 1845 1414 pretiosius

139 1435 327 1478 metallis
359 1435 558 1478 omnibus
590 1434 694 1477 fuit:
727 1449 913 1490 namque
946 1434 1057 1477 sicut
1082 1433 1308 1477 Lucretius
1335 1434 1441 1478 dicit
1467 1429 1717 1489 <V1241>,
1749 1447 1846 1475 cum

138 1508 325 1563 primum
364 1507 559 1550 homines
596 1507 727 1550 silvas
760 1506 1071 1558 incendissent,
1108 1507 1327 1549 nullarum
1360 1505 1499 1548 adhuc
1530 1511 1673 1547 rerum
1705 1504 1847 1560 periti,

137 1583 253 1622 terra
296 1594 398 1622 casu
442 1578 601 1621 fertilis
641 1578 854 1634 omnium,
898 1593 949 1620 ex
986 1577 1173 1621 incendii
1211 1577 1354 1620 calore
1393 1577 1620 1620 desudavit
1657 1575 1846 1631 metalla,

138 1651 251 1693 inter
296 1666 405 1706 quae
447 1650 708 1693 orichalcum
750 1651 982 1706 pretiosius
1023 1649 1164 1693 visum
1207 1652 1289 1704 est,
1334 1649 1448 1704 quod
1489 1651 1533 1691 et
1572 1648 1845 1704 splendorem

140 1723 233 1765 auri
265 1725 308 1765 et
340 1723 451 1765 aeris
484 1722 689 1764 duritiam
720 1722 972 1778 possideret.
1024 1736 1210 1778 namque
1242 1722 1432 1778 primum
1464 1721 1514 1764 de
1546 1735 1652 1764 auro
1685 1720 1846 1763 securis

138 1795 256 1837 facta
288 1794 510 1849 displicuit
539 1809 669 1837 causa
693 1794 920 1850 mollitiae3
953 1793 1084 1836 simili
1111 1794 1280 1836 ratione
1306 1795 1350 1835 et
1375 1793 1547 1850 argenti
1573 1794 1845 1847 contemptus

140 1870 206 1909 est
236 1881 353 1918 usuS,
385 1881 483 1909 mox
516 1866 645 1921 aeris3
677 1865 942 1908 orichalcum
973 1864 1148 1921 placuit,
1179 1865 1313 1908 donec
1343 1865 1562 1908 veniretur
1587 1864 1642 1906 ad
1666 1863 1847 1906 ferrum:

140 1938 249 1980 unde
292 1938 422 1980 etiam
465 1939 637 1980 saecula
676 1938 739 1980 ita
779 1937 977 1980 dicuntur
1014 1936 1149 1979 fuisse
1188 1936 1335 1980 divisa.
1397 1936 1661 1979 orichalcum
1700 1938 1846 1978 autem

139 2009 273 2052 fuisse
305 2010 545 2065 pretiosum
577 2010 708 2052 etiam
735 2009 916 2052 Plautus
943 2009 1079 2065 docet,
1113 2009 1186 2065 qui
1213 2008 1274 2050 ait
1299 2009 1346 2050 in
1371 2008 1509 2050 milite
1536 2007 1724 2064 glorioso
1751 2006 1846 2062 <ΙΙΙ

141 2082 179 2136 1,
205 2081 290 2136 69>
324 2095 415 2137 ego
448 2082 581 2123 istos
614 2095 777 2124 mores
811 2080 1075 2123 orichalco
1108 2083 1291 2123 contra
1322 2094 1604 2135 conparem.
1704 2090 1845 2122 ALBO-

139 2165 230 2205 QVE
263 2164 530 2196 ORIOHALCO
563 2153 661 2195 auri
691 2153 854 2196 scilicet
884 2152 1223 2208 comparatione:
1255 2167 1357 2194 nam
1390 2152 1538 2194 album
1569 2165 1656 2193 non
1690 2153 1767 2193 est.

259 2225 327 2267 88.
379 2235 650 2267 emoquA'r
677 2235 887 2267 LORICAM
913 2235 1084 2267 VMEms
1110 2238 1196 2266 non
1224 2226 1416 2267 armatur
1441 2223 1524 2266 hoc
1549 2224 1643 2266 loco
1667 2223 1846 2277 Turnus,

235 2358 279 2390 19
305 2354 404 2400 quod
431 2382 439 2389 .
462 2381 469 2388 .
492 2381 499 2388 .
525 2353 749 2401 possideret]
776 2353 822 2390 ef.
848 2353 933 2389 Isid.
961 2365 1011 2390 or.
1038 2352 1125 2389 XVI
1150 2357 1207 2399 20,
1233 2358 1254 2389 3

234 2479 255 2510 2
281 2474 384 2511 volet
409 2474 592 2510 Horatius
623 2475 635 2521 ΙΙ
667 2478 688 2509 3
714 2472 844 2509 cretici
869 2473 956 2509 libri
986 2473 1002 2520 ss
1028 2472 1227 2518 uergilium
1254 2473 1294 2508 F
1321 2474 1333 2518 ΙΙ
1369 2476 1393 2507 4
1417 2471 1653 2518 figmentum]
1681 2470 1846 2506 futurum

140 2523 175 2558 R
194 2524 207 2570 ΙΙ
234 2533 353 2567 neque
373 2522 418 2557 H
432 2523 444 2569 ΙΙ
475 2526 495 2557 5
520 2521 723 2568 terriginae
744 2521 789 2556 H
820 2521 941 2557 thesei
966 2521 1064 2566 regis
1091 2521 1145 2556 M.
1171 2522 1255 2565 fort.
1282 2519 1484 2556 Erechthei
1508 2519 1716 2564 terrigenae
1735 2520 1748 2564 ΙΙ
1771 2519 1845 2553 tra-

141 2570 198 2607 cia
217 2570 253 2606 A
289 2571 406 2605 tratia
427 2570 456 2605 S
474 2571 485 2616 ΙΙ
505 2570 691 2615 quomodo
711 2569 751 2604 F
766 2570 779 2615 11
799 2573 818 2605 7
845 2571 887 2605 ut
911 2580 977 2605 om.
993 2569 1033 2604 F
1048 2570 1060 2616 fl
1079 2573 1100 2605 8
1125 2569 1209 2614 thiy
1228 2569 1264 2604 A
1301 2569 1393 2614 thyy
1413 2568 1441 2603 S
1459 2569 1471 2614 ss
1490 2571 1511 2603 9
1536 2579 1672 2621 graeca
1697 2570 1755 2603 est
1772 2566 1813 2601 F
1834 2566 1845 2613 Η

140 2619 189 2654 ad
213 2630 245 2654 v.
273 2621 317 2653 83
343 2619 386 2652 i‘n
409 2629 522 2663 marg).
557 2616 727 2662 Orithyia
758 2617 855 2663 regis
888 2617 1043 2653 ericthei
1075 2616 1349 2653 atheniensium
1386 2616 1464 2651 filia
1501 2615 1573 2651 fu1t
1610 2617 1649 2650 et
1679 2625 1702 2649 a
1731 2615 1846 2650 borea

140 2666 315 2701 adamata
340 2664 435 2700 filios
460 2664 594 2700 habuit
617 2667 799 2710 pennatos
825 2666 948 2700 zetum
973 2667 1012 2700 et
1036 2665 1157 2700 calain
1184 2665 1249 2710 qui
1267 2665 1365 2700 inter
1383 2663 1610 2709 argonautas
1636 2662 1785 2697 fuerunt
1807 2663 1845 2697 et

141 2725 225 2748 cum
250 2713 344 2748 fineo
371 2712 520 2758 arpyias
545 2711 782 2758 fugauerunt.
824 2713 887 2748 sed
913 2723 998 2747 cum
1024 2712 1213 2749 contentio
1244 2713 1327 2748 orta
1357 2711 1492 2746 fuisset
1515 2710 1613 2746 inter
1638 2708 1844 2745 erictheum

205 2781 224 2801 Β

141 2810 180 2845 et
205 2819 417 2854 egresseum
441 2807 630 2852 pilumnus
655 2806 848 2842 affinitatis
880 2817 992 2842 causa
1021 2817 1096 2852 qua
1126 2806 1248 2852 argiui
1281 2804 1561 2842 atheniensibus
1593 2803 1845 2840 confoederati

142 2860 227 2892 sunt
257 2854 438 2891 auxilium
468 2854 559 2890 tulit
589 2854 766 2891 erictheo.
810 2854 898 2889 hinc
930 2865 1019 2900 ergo
1050 2855 1200 2890 honoris
1232 2866 1344 2890 causa
1379 2854 1465 2898 equi
1498 2854 1646 2888 thraces
1676 2851 1845 2898 pilumno

142 2904 221 2940 dati
250 2904 338 2939 sunt
370 2914 461 2948 quos
493 2904 626 2948 postea
656 2904 787 2937 turnus
817 2901 952 2937 habuit
979 2902 1013 2937 T
1045 2903 1058 2948 [Ι
1097 2906 1138 2938 11
1165 2903 1336 2948 verbum]
1370 2902 1431 2944 (Il.
1458 2901 1491 2936 X
1515 2904 1598 2944 437)
1630 2897 1845 2942 λευκότεροι

142 2949 267 2997 χιόνος
291 2951 415 2987 θείειν
442 2948 479 2986 δ’
507 2946 705 2995 ἀνέμοισιν
731 2946 856 2995 ὁμοῖοι
887 2949 971 2985 add.
998 2949 1038 2985 D
1072 2951 1085 2996 11
1124 2954 1166 2986 12
1193 2962 1348 2985 rnorem:
1375 2949 1416 2985 F
1449 2951 1460 2996 ΙΙ
1496 2949 1643 2984 veloces
1679 2959 1744 2983 om.
1772 2947 1812 2982 F
1843 2946 1846 2993 J

145 3005 185 3034 13
211 2998 384 3046 proprie]
402 3009 519 3044 prope
538 2997 574 3032 R
611 2996 739 3043 pospit
757 2997 798 3032 H
814 2998 827 3042 ss
848 3000 891 3032 15
918 2997 1117 3033 oricalcum
1133 2997 1227 3033 RM
1250 3001 1292 3032 ut
1317 3001 1350 3033 et
1373 2998 1497 3041 infra,
1523 2995 1750 3031 oriohalcum
1772 2994 1813 3030 F
1843 2995 1846 3041 1

146 3051 186 3083 17
213 3046 430 3082 incidissent
455 3045 528 3081 AS
546 3047 558 3093 ΙΙ
586 3049 631 3080 20
658 3044 837 3080 duriciem
861 3044 907 3080 H
939 3044 1114 3081 duritiem
1139 3045 1180 3081 F
1195 3046 1207 3092 ΙΙ
1227 3046 1272 3080 de
1298 3055 1387 3080 auro
1412 3045 1572 3090 primum
1599 3043 1640 3078 F
1655 3044 1667 3089 ss
1686 3047 1730 3078 22
1756 3041 1844 3077 inde

144 3094 370 3130 orichalcum
398 3094 605 3129 Masvicius
624 3094 635 3139 ΙΙ
665 3096 708 3128 23
735 3092 877 3139 autem]
904 3092 1020 3128 etiam
1045 3092 1086 3128 F
1101 3094 1113 3140 ΙΙ
1133 3098 1178 3128 24
1203 3091 1316 3129 etiam
1342 3103 1408 3127 om.
1430 3091 1470 3127 F
1486 3094 1497 3138 ΙΙ
1515 3091 1687 3136 Plautus]
1714 3091 1844 3135 pastus

144 3142 184 3176 11
201 3143 214 3188 ΙΙ
240 3145 285 3178 25
311 3152 398 3187 ergo
424 3142 460 3176 R
479 3142 491 3188 ΙΙ
511 3143 587 3177 stos
613 3141 658 3175 H
673 3141 684 3186 ΙΙ
704 3140 833 3176 contra
857 3151 924 3176 om.
944 3140 985 3175 F
1000 3141 1012 3187 ΙΙ
1030 3152 1157 3186 parem
1183 3140 1219 3175 R
1238 3141 1250 3187 ΙΙ
1269 3140 1361 3175 cedo
1384 3139 1454 3183 tris
1478 3139 1530 3174 mi
1554 3138 1722 3174 homines
1748 3137 1844 3172 auri-

143 3189 274 3225 chalco
300 3190 429 3224 contra
455 3201 537 3224 cum
564 3188 645 3224 istis
670 3186 835 3223 moribus
863 3188 1023 3224 Plautus
1046 3189 1059 3234 ΙΙ
1088 3193 1132 3224 26
1158 3199 1246 3223 nam
1271 3198 1336 3233 per
1361 3199 1400 3222 se
1425 3187 1553 3222 album
1578 3198 1611 3221 n.
1638 3196 1669 3222 e.
1698 3185 1844 3221 Masvi-

143 3237 221 3273 cius
245 3237 257 3284 ss
287 3241 331 3272 27
358 3249 486 3273 VMEBIS
511 3237 557 3272 H
588 3248 742 3271 HVMEms
766 3236 899 3282 reliqwi
921 3236 934 3281 ΙΙ
963 3235 1054 3283 non]
1080 3247 1167 3271 nam
1191 3235 1228 3271 R

1874 1007 1919 1040 10

1874 1364 1917 1398 15

1872 1723 1919 1756 20

1871 2081 1916 2116 25
