2124 3600
266 1027 308 1057 10

265 1386 306 1415 15

260 1743 306 1774 20

263 2100 307 2131 25

336 263 392 304 66
1109 260 1270 296 SERVH

454 371 551 412 429.
604 378 784 413 ACERBO
817 371 1054 412 inmaturo:
1085 370 1315 412 translatio
1348 370 1414 410 est
1447 384 1470 410 a
1502 369 1654 423 pomis.

454 443 552 484 431.
605 453 890 486 SINE.SORTE
925 443 1017 484 sine
1050 442 1221 484 iudicio.
1271 441 1408 483 traxit
1441 443 1586 483 autem
1618 440 1699 483 hoc
1732 455 1781 482 ex
1816 455 1932 483 more
1966 440 2048 483 Ro-

338 529 485 556 mano:
536 528 621 556 non
667 513 779 555 enim
827 514 1115 556 audiebantur
1161 527 1315 555 causae
1361 513 1445 555 nisi
1488 527 1565 569 per
1609 515 1769 555 sortem
1815 513 2046 556 ordinatae.

338 601 438 628 nam
470 587 664 641 tempore
695 599 779 641 quo
814 600 967 627 causae
1002 586 1243 641 agebantur
1269 584 1584 627 conveniebant
1611 599 1758 627 omnes
1787 610 1838 615 —
1867 585 1978 627 unde
2005 589 2049 627 et

337 656 598 699 ‘concilium'
626 657 686 699 ait
714 681 763 686 —
797 659 840 699 et
864 673 914 699 ex
942 660 1058 699 sorte
1086 656 1249 698 dierum
1283 656 1477 698 ordinem
1511 655 1798 711 accipiebant,
1832 671 1916 711 quo
1948 659 2048 712 post

336 728 447 771 diem
478 728 747 771 tricesimum
781 745 879 771 suas
911 744 1062 771 causas
1089 730 1418 783 exequerentur:
1452 728 1561 769 unde
1588 729 1654 770 est
1681 726 1849 770 ‘urnam
1875 727 2048 771 movet’.

334 800 546 843 Iuvenalis
580 800 713 855 <XIII
746 800 803 855 4>
837 801 1009 857 gratia
1042 800 1220 842 fallaci
1253 799 1513 854 praetoris
1546 799 1733 841 vicerit
1765 814 1901 842 urna.

455 872 552 914 432.
603 884 864 923 QVAESITOR
904 871 1170 928 quaesitores
1204 873 1305 913 sunt
1338 871 1410 926 qui
1444 870 1690 913 exercendis
1723 870 2047 926 quaestionibus

336 946 549 999 praesunt.
613 946 656 986 et
699 943 937 986 notandum
982 943 1082 999 quia
1128 942 1316 984 Minoem
1363 942 1487 998 quasi
1538 942 1754 984 crudelem
1803 942 2048 999 introducit,

335 1015 448 1072 quod
487 1016 522 1057 ei
564 1016 786 1071 epitheton
827 1018 870 1058 et
901 1015 1027 1058 Plato
1061 1017 1103 1057 et
1136 1014 1350 1056 Homerus
1391 1014 1481 1056 dat:
1525 1029 1622 1056 nam
1659 1013 1824 1056 Aeacus
1858 1017 1901 1057 et
1931 1014 2046 1057 Rha-

333 1087 591 1130 damanthus
623 1087 783 1129 fratres
815 1086 1008 1130 mitiores
1042 1089 1151 1129 sunt.

452 1159 551 1200 434.
601 1170 772 1202 MAESTI
798 1170 918 1201 LOCA
944 1162 1019 1200 aut
1042 1159 1298 1212 paenitmetia
1322 1158 1445 1211 facti:
1478 1161 1551 1199 aut
1577 1157 1671 1199 ideo
1700 1156 1898 1212 tmaesti’,
1932 1159 2043 1214 quia,

334 1233 381 1271 ut
413 1230 597 1272 diximus
631 1245 761 1286 supra
786 1230 879 1285 <IV
900 1230 1027 1286 653),
1060 1229 1292 1272 secundum
1324 1228 1550 1271 Platonem
1585 1229 1777 1285 graviter
1807 1230 2045 1284 puniuntur

333 1316 479 1345 eorum
515 1302 704 1358 animae,
737 1302 808 1358 qui
842 1303 924 1345 sibi
959 1301 1150 1344 inferunt
1182 1303 1378 1344 mortem.

452 1373 551 1416 435.
603 1386 857 1425 LVCEMQVE
888 1385 1053 1416 PEROSI
1086 1373 1268 1429 figurate
1301 1372 1427 1414 dixit:
1462 1387 1562 1414 nam
1595 1371 1790 1427 ‘perosus
1820 1372 1953 1417 illius'
1986 1373 2044 1415 di-

333 1445 480 1486 cimus.
537 1459 637 1488 sane
669 1445 864 1500 ‘perosus'
898 1449 935 1487 et
965 1444 1137 1487 ‘exosus’
1169 1445 1217 1486 de
1247 1458 1289 1486 eo
1323 1447 1497 1485 tantum
1513 1444 1585 1497 qui
1616 1444 1701 1486 odit
1729 1444 1891 1487 dicitur.

453 1518 551 1559 436.
603 1529 868 1560 PROIECERE
901 1527 1076 1559 ANIMAS
1110 1515 1232 1571 quasi
1267 1530 1356 1556 rem
1389 1514 1528 1555 vilem.

452 1590 551 1631 437.
601 1601 660 1631 ΕΤ
704 1600 860 1632 DVROS
905 1599 1145 1630 PERFERRE
1188 1597 1399 1629 LABORES
1444 1585 1660 1628 Homerus
1706 1586 1820 1628 enim
1861 1586 2043 1630 Achillis

333 1661 530 1704 umbram
564 1660 798 1703 introducit
828 1661 1073 1715 loquentem
1108 1663 1151 1700 et
1177 1658 1388 1699 dicentem
1422 1657 1625 1699 libentius
1654 1672 1698 1699 se
1725 1657 1838 1712 apud
1865 1673 2043 1713 superos

333 1736 487 1775 cuncta
519 1732 700 1774 adversa
731 1731 933 1784 tolerare,
965 1745 1095 1786 quam
1129 1729 1243 1784 apud
1274 1729 1433 1771 inferos
1466 1729 1690 1784 imperare.
1752 1729 1865 1785 quod
1898 1733 2043 1773 autem

334 1804 396 1846 ait
428 1802 622 1846 ‘aethere
654 1803 699 1845 in
732 1801 844 1844 alto'
875 1802 1042 1857 poetice
1076 1800 1235 1843 dictum
1270 1803 1352 1842 est:
1392 1800 1540 1843 aether
1580 1801 1692 1842 enim
1725 1803 2044 1856 supernus.est,

333 1875 406 1917 sed
438 1879 633 1917 nostrum
666 1874 964 1917 habitaculum
998 1873 1214 1915 aetherem
1243 1872 1412 1914 vocavit
1443 1871 1680 1914 inferorum
1708 1873 2043 1927 comparatione.

450 1947 550 1989 438.
599 1958 720 1988 FATA
765 1956 977 1987 osss'rAN'r
1021 1943 1116 1985 iura
1158 1945 1350 1985 naturae.
1481 1954 1724 1994 'musi-lova
1769 1943 1885 1986 tristi
1931 1944 2044 1986 unda

334 2018 458 2073 palus
491 2017 755 2072 inamabilis,
787 2031 838 2058 ne
872 2017 909 2058 si
943 2014 1115 2058 ‘tristis'
1148 2014 1359 2069 dicamus,
1391 2013 1475 2056 duo
1509 2014 1595 2055 sint
1627 2015 1829 2071 epitheta.

451 2089 551 2131 439.
601 2099 774 2131 novms
802 2099 916 2130 s'rYx
942 2098 1202 2130 INTERFVSA
1236 2086 1338 2142 quia
1363 2085 1434 2140 qui
1463 2085 1593 2127 altius
1619 2085 1670 2127 de
1697 2085 1844 2128 mundi
1876 2086 2044 2130 ratione
2116 2133 2123 2139 ,

432 2212 448 2241 1
475 2219 612 2241 nesano
638 2205 842 2251 inmaturo]
872 2204 916 2240 cf.
938 2203 1024 2241 Isid.
1046 2202 1121 2239 diff.
1142 2202 1239 2239 verb.
1263 2206 1308 2237 45
1334 2203 1346 2248 ΙΙ
1379 2205 1399 2236 8
1427 2201 1655 2247 quaesitores
1682 2231 1689 2239 .
1713 2230 1719 2237 .
1742 2230 1748 2237 .
1774 2203 1969 2249 praesunt]
1996 2204 2042 2239 cf.

335 2254 421 2290 Isid.
448 2266 498 2290 or.
525 2252 577 2289 IX
602 2256 635 2296 4,
664 2258 707 2289 16
726 2254 739 2299 ΙΙ
767 2256 811 2287 10
835 2251 959 2298 Plato]
987 2251 1032 2287 cf.
1059 2250 1148 2286 Min.
1176 2263 1210 2295 p.
1239 2254 1307 2285 318
1327 2251 1339 2296 ΙΙ
1364 2253 1408 2285 25
1438 2249 1526 2295 quia
1553 2278 1560 2286 .
1583 2278 1588 2284 .
1613 2280 1618 2286 .
1645 2250 1681 2285 id
1710 2250 1768 2284 est
1787 2250 1900 2301 Styx]
1927 2262 2042 2286 exscr.

335 2302 517 2347 mythogr.
546 2301 597 2335 ΙΙΙ
624 2306 655 2345 6,
682 2305 728 2336 20

432 2400 450 2431 1
476 2371 646 2430 ama—mro
673 2395 717 2430 H
731 2396 744 2439 ΙΙ
774 2393 972 2448 translatio
998 2405 1020 2428 a
1045 2392 1166 2438 pomis
1192 2393 1248 2428 est
1273 2392 1401 2445 ASM
1434 2403 1457 2426 a
1481 2393 1602 2438 pomis
1627 2391 1824 2428 translatio
1849 2394 1908 2428 est
1933 2392 2012 2428 FO
2026 2394 2044 2475 L!

336 2449 356 2479 2
383 2455 428 2480 ex
453 2455 517 2479 om.
547 2443 576 2478 Ο
598 2445 611 2489 ΙΙ
642 2447 664 2477 4
688 2444 857 2488 tempore
884 2453 982 2476 emm
1009 2451 1082 2486 quo
1109 2439 1186 2475 FC
1202 2441 1214 2485 ΙΙ
1239 2451 1359 2475 omnis
1386 2438 1426 2474 F
1447 2440 1460 2485 ΙΙ
1491 2443 1512 2474 5
1539 2441 1617 2476 orte
1646 2439 1727 2475 GH
1759 2441 1839 2475 oste
1866 2439 1934 2485 Fl}
1956 2452 2024 2486 pos

922 2496 936 2514 fl

1827 2495 1859 2514 81·

336 2528 434 2562 diem
468 2526 567 2561 XXX
599 2526 699 2561 HM
732 2527 818 2571 post
849 2524 948 2570 diem
973 2523 1074 2558 XXX
1103 2522 1130 2557 S
1167 2524 1253 2568 post
1284 2522 1362 2557 dies
1395 2521 1497 2557 XXX
1524 2521 1599 2556 AG
1625 2523 1637 2567 ss
1675 2526 1695 2557 6
1722 2524 1954 2568 exequantur
1979 2522 2008 2558 S

337 2578 356 2609 7
383 2575 521 2620 gratia]
549 2574 596 2608 ’ἦ
624 2574 666 2608 H
696 2574 709 2618 ΙΙ
751 2571 893 2617 fallaci]
925 2571 1054 2608 fallaci
1085 2570 1149 2615 qui
1181 2569 1403 2605 RASHM
1440 2568 1586 2604 fallacis
1613 2568 1689 2604 FO
1722 2571 1735 2616 ΙΙ
1773 2570 1934 2616 pretoria
1961 2569 1997 2605 R

337 2622 499 2666 praetori
525 2621 597 2656 As
623 2622 727 2666 (corr.
755 2623 791 2663 a)
811 2622 824 2667 ΙΙ
842 2618 991 2665 vicerit]
1019 2629 1085 2653 suo
1111 2618 1208 2663 gerit
1232 2616 1307 2653 AS
1329 2618 1434 2660 (corr.
1459 2617 1495 2662 a)
1514 2617 1527 2661 ΙΙ
1546 2628 1675 2652 urnam
1704 2618 1754 2652 M
1769 2619 1822 2663 118
1848 2618 1897 2653 ad
1921 2617 2042 2653 Minos

335 2680 378 2704 em
405 2670 719 2704 Autissiodorensi
744 2667 809 2713 (G)
834 2668 920 2703 haec
946 2666 1136 2711 eoeseripsit
1161 2665 1340 2712 Haqenus
1363 2663 1484 2699 Minos
1517 2664 1611 2699 iouis
1643 2666 1681 2699 et
1707 2676 1844 2710 europe
1871 2664 1968 2700 filius
1994 2665 2042 2700 ob

335 2716 516 2751 iustitiam
544 2715 710 2751 iudicare
735 2714 873 2750 meruit
905 2713 1003 2761 apud
1034 2713 1173 2748 inferos
1206 2723 1272 2757 per
1303 2711 1439 2747 sortem
1473 2722 1595 2746 rerum
1630 2722 1760 2747 causas
1793 2711 1982 2758 quaesiuit
2006 2712 2040 2747 .i.

335 2764 445 2799 iudex
471 2763 678 2798 animarum
706 2763 805 2809 apud
829 2762 977 2798 inferos.
998 2762 1011 2807 ΙΙ
1030 2760 1260 2806 quaesitores
1286 2759 1411 2793 autem
1439 2758 1479 2793 F
1493 2760 1506 2804 ΙΙ
1525 2763 1545 2794 9
1569 2759 1761 2804 minonym
1788 2759 1823 2794 R
1860 2759 2040 2794 minorem

334 2811 407 2845 AS
438 2810 616 2855 (minoem
642 2823 665 2846 a
703 2811 867 2845 minoum
893 2810 924 2854 s)
969 2809 1119 2843 minoen
1145 2807 1176 2843 Ο
1203 2808 1208 2853 Ι
1254 2806 1461 2842 introduxit
1487 2807 1531 2840 H
1557 2807 1570 2852 ΙΙ
1608 2805 1775 2842 10‘dant
1805 2805 1858 2841 M.
1899 2804 2040 2852 κούρην

335 2859 488 2897 Μίνωος
514 2855 744 2903 ὀλοόφρονος
770 2857 852 2903 (Od.
879 2856 930 2891 XI
957 2857 1039 2901 322)
1067 2855 1149 2890 add.
1217 2854 1380 2889 abrieius
1404 2854 1416 2898 {l
1447 2865 1556 2889 eacus
1583 2853 1659 2889 Ro
1693 2865 1802 2889 cacus
1829 2852 1870 2888 F
1890 2854 1903 2900 fl
1933 2854 2040 2889 rada·

334 2905 510 2940 manthus
535 2905 615 2940 AR
652 2905 892 2940 radamantus
920 2903 1000 2938 GH
1005 2903 1055 2938 M
1088 2902 1327 2937 radamantes
1353 2900 1394 2935 F
1416 2902 1428 2946 ΙΙ
1461 2905 1501 2935 11
1532 2898 1630 2947 su‘nt]
1657 2901 1806 2936 fuerunt
1831 2900 1864 2936 G
1888 2902 1901 2947 ΙΙ
1931 2905 1973 2936 13
1999 2901 2042 2937 ut

335 2951 491 2988 dicimus
518 2952 597 2986 ΒΗ
629 2954 671 2987 ut
696 2963 806 2997 supra
832 2950 991 2985 diximus
1020 2950 1065 2984 M
1083 2950 1096 2993 ΙΙ
1117 2953 1159 2983 16
1187 2949 1225 2984 et
1250 2959 1315 2983 om.
1338 2947 1371 2982 G
1389 2949 1401 2993 ΙΙ
1422 2951 1466 2983 18
1493 2949 1542 2983 ad
1567 2959 1653 2984 vers.
1676 2952 1744 2984 437
1772 2947 1921 2984 Seruius
1947 2947 2041 2984 dicit

334 2999 433 3045 quod
458 2999 631 3034 homerus
656 3001 784 3035 narrat
802 2997 990 3043 quomodo
1009 2996 1127 3031 ulixes
1154 2996 1199 3030 ad
1226 2995 1409 3030 infernum
1438 2996 1670 3030 descenderit
1696 2997 1733 3031 et
1757 2994 1961 3030 introducit
1986 2993 2039 3030 ibi

335 3046 508 3082 achillem
537 3057 617 3080 cum
646 3058 688 3081 eo
714 3046 930 3092 loquentem
950 3045 988 3079 et
1007 3043 1192 3079 dicentem
1213 3042 1313 3087 quod
1332 3042 1465 3076 melius
1492 3042 1609 3078 uellet
1633 3042 1732 3087 apud
1758 3053 1911 3088 superos
1935 3053 2038 3077 men-

334 3094 458 3130 dicare
484 3104 595 3138 quam
621 3095 720 3137 apud
747 3093 884 3129 inferos
909 3102 1064 3138 regnare
1090 3091 1132 3125 i‘n
1149 3101 1263 3136 mary.
1288 3089 1320 3123 T
1336 3090 1348 3133 ΙΙ
1368 3102 1478 3124 Fanni:
1499 3090 1535 3124 A
1561 3091 1641 3135 (vua
1665 3099 1765 3135 supr.
1785 3099 1873 3124 vers,
1895 3090 1980 3125 add.
2001 3092 2038 3134 a)

334 3143 344 3189 l}
373 3145 415 3176 19
442 3152 480 3176 se
504 3139 683 3176 libentius
708 3141 839 3186 31120
863 3138 1063 3185 imperare]
1090 3137 1244 3172 Homeri
1267 3147 1389 3171 versus
1418 3137 1482 3172 Od.
1509 3136 1561 3171 XI
1580 3139 1764 3172 489—491
1795 3137 1878 3172 add.
1901 3135 2037 3171 Fabri-

335 3190 413 3224 cius
439 3190 452 3234 ΙΙ
488 3191 530 3223 21
559 3198 713 3232 superus
741 3198 784 3222 ear·
809 3187 974 3232 superius
1004 3186 1051 3220 M
1075 3186 1088 3230 ΙΙ
1125 3188 1169 3219 23
1196 3196 1284 3219 mm
1311 3195 1466 3218 ORSTANT
1496 3183 1649 3218 RHM:
1676 3195 1739 3218 ms
1766 3195 1895 3218 ons'rA'r
1922 3182 2040 3218 FAS

334 3247 393 3271 ess
421 3247 552 3270 onsmr
580 3233 611 3269 G
626 3236 639 3279 ΙΙ
658 3246 841 3274 TRISTIQVE
867 3246 976 3269 PALVS
1004 3233 1044 3268 F
1058 3234 1071 3278 ΙΙ
1090 3236 1134 3268 23
1160 3231 1294 3267 tristiti
1321 3229 1443 3275 01124
1470 3234 1556 3266 sunt
1582 3230 1613 3265 Ο
1627 3231 1640 3276 ΙΙ
1665 3233 1709 3266 25
1737 3229 1825 3274 quia
1850 3242 1915 3267 om.
1945 3230 1994 3265 M
