2092 3614
523 308 674 346 COMM.
701 309 754 345 IN
779 309 921 346 VERG.
949 310 1061 346 AEN.
1091 310 1178 346 VIII
1203 315 1403 348 648—652.
1723 313 1809 356 293

212 418 309 460 649.
359 430 507 461 ILLVM
533 416 743 461 Coclitem
775 419 936 462 scilicet.
987 421 1031 462 et
1061 419 1190 462 modo
1217 418 1400 463 ‘Coeles'
1431 422 1477 463 in
1507 422 1590 465 hoc
1621 423 1809 478 homine,

93 489 143 530 de
171 504 254 545 quo
280 489 404 541 dicit,
434 490 659 552 proprium
686 492 752 533 est
775 505 952 546 nomen,
983 491 1030 533 in
1055 491 1154 533 aliis
1181 492 1512 547 appellativum,
1537 509 1640 536 nam
1665 495 1808 538 luscos

93 560 302 603 ‘coclites'
331 560 532 603 dixerunt
558 561 744 617 antiqui:
771 562 881 604 unde
903 565 947 604 et
966 561 1180 619 Cyclopas
1208 563 1419 606 ‘coelites'
1446 565 1632 620 legimus
1659 566 1809 621 dictos,

92 632 205 687 quod
250 628 382 674 unum
428 622 598 675 oculum
642 632 846 675 habuisse
892 634 1190 689 perhibentur:
1233 636 1355 689 quasi
1397 637 1743 691 στρογγυλῶπας
1782 652 1810 679 a

89 704 353 747 rotunditate.
1171 761 1173 763 Ι

210 775 310 818 651.
360 787 542 819 vmcms
573 788 780 819 INNARET
814 788 1018 821 ononmA
1057 789 1223 821 RVPTIS
1263 779 1385 834 atqui
1423 778 1595 821 obsides
1631 794 1719 822 non
1759 780 1808 821 li-

59 890 67 896 ,
91 848 266 902 gantur3
300 846 373 888 sed
404 847 550 889 vincla
582 862 661 902 pro
694 848 899 891 custodiis
927 849 1209 905 accipiamus,
1240 853 1317 892 aut
1339 853 1441 892 certe
1458 863 1539 904 pro
1562 850 1808 903 foederibus:

91 920 166 959 aut
198 920 313 960 certe
346 917 509 974 ‘ruptis
540 919 694 962 vinclis
726 919 906 975 pontis',
941 920 982 962 id
1016 923 1083 962 est
1113 923 1250 976 ponte
1280 922 1485 964 resoluto.

211 989 309 1040 652.
359 995 409 1032 IN
447 1002 607 1033 svmmo
648 1002 819 1034 ovsros
859 1003 1095 1034 TARPEIAE
1132 1004 1339 1035 mnmvs
1376 1004 1510 1036 AR01s
1551 993 1596 1035 in
1637 1009 1808 1048 summa

89 1060 217 1116 clipei
244 1064 388 1117 parte3
419 1076 520 1104 nani
537 1065 682 1116 postea
706 1063 769 1104 ait
790 1062 936 1118 <675>
963 1062 1025 1106 ‘in
1049 1064 1181 1106 medio
1206 1064 1354 1107 classes
1378 1063 1577 1107 aeratas'.
1622 1067 1665 1106 et
1691 1065 1806 1107 bona

90 1133 257 1175 ratione
297 1134 436 1176 utitur
474 1134 521 1176 in
552 1134 721 1189 pictura
754 1137 858 1190 apta
889 1134 1117 1190 unicuique
1149 1135 1212 1177 rei
1244 1135 1340 1178 loca
1371 1135 1647 1178 distribuens.
1709 1136 1806 1179 ideo

1834 1075 1877 1107 10

89 1204 203 1246 enim
236 1205 280 1246 in
314 1220 481 1247 summa
513 1205 641 1260 clipei
671 1208 794 1260 parte
827 1205 932 1248 dicit
963 1206 1129 1248 factum
1155 1221 1249 1249 esse
1275 1205 1559 1262 Capitolium,
1592 1207 1692 1263 quia
1723 1207 1806 1250 hoc
1830 1210 1835 1219 “’

89 1290 230 1318 arcem
275 1276 394 1318 urbis
440 1291 533 1318 esse
579 1276 858 1319 manifestum
904 1280 980 1320 est.
1041 1277 1139 1320 haec
1178 1277 1364 1320 historia
1404 1281 1541 1320 autern
1580 1279 1680 1321 talis
1721 1281 1803 1321 est:

88 1335 261 1389 Brenno
295 1346 399 1389 duce
434 1346 623 1389 Senones
656 1347 771 1390 Galli
803 1350 1013 1391 venerunt
1046 1348 1098 1391 ad
1130 1349 1282 1391 urbem
1314 1352 1358 1392 et
1389 1349 1503 1392 circa
1534 1349 1699 1392 Alliam
1730 1350 1805 1393 flu-

89 1418 207 1460 vium
240 1421 533 1461 occurrentem
566 1419 649 1461 sibi
683 1419 934 1462 deleverunt
965 1421 1196 1463 exercitum
1224 1436 1397 1464 omnem
1429 1422 1579 1478 populi
1606 1421 1804 1465 Romani.

89 1490 259 1546 aliaque
305 1490 372 1532 die
417 1505 512 1532 eum
563 1491 725 1533 vellent
768 1491 939 1548 ingredi
962 1513 968 1517 ·
989 1492 1231 1548 civitatem,
1280 1493 1419 1548 primo
1464 1493 1657 1536 cunctati
1702 1496 1805 1536 sunt

88 1561 292 1604 timentes
325 1561 524 1617 insidias,
558 1562 659 1618 quia
690 1564 735 1604 et
765 1564 964 1618 patentes
995 1566 1144 1618 portas
1178 1567 1222 1606 et
1248 1564 1413 1607 nullum
1446 1564 1492 1606 in
1524 1565 1659 1607 muris
1692 1565 1805 1607 vide-

86 1633 204 1676 bant.
233 1636 408 1697 ·postea
439 1634 651 1689 paulatim
682 1634 869 1690 ingressi
901 1637 1054 1677 cuncta
1085 1637 1315 1678 vastarunt
1347 1638 1446 1678 octo
1478 1636 1662 1692 integris
1689 1651 1806 1678 men-

90 1705 230 1760 sibus,
257 1706 363 1747 adeo
390 1707 438 1747 ut
463 1719 572 1761 quae
598 1699 825 1748 incendere
851 1719 939 1747 non
966 1708 1182 1761 poterant,
1209 1706 1391 1748 militari
1415 1721 1546 1750 manu
1572 1707 1805 1763 diruerent,

89 1776 183 1818 solo
216 1778 466 1818 remanente
493 1774 728 1832 Capitolio,
760 1777 814 1818 ad
846 1776 959 1832 quod
992 1791 1089 1819 eum
1120 1777 1381 1820 utensilibus
1413 1778 1570 1834 reliqui
1599 1778 1804 1835 confuge-

90 1850 189 1890 rant
215 1847 370 1890 ·cives:
412 1847 485 1903 qui
527 1850 675 1890 tamen
713 1863 739 1890 a
778 1847 915 1890 Gallis
960 1848 1272 1891 obsidebantur
1315 1849 1449 1892 etiam
1491 1850 1533 1892 id
1576 1852 1804 1905 penetrare

88 1918 379 1974 cupientibus,
412 1933 519 1973 quos
552 1919 626 1961 alii
659 1933 737 1974 per
763 1919 938 1962 dumeta
963 1922 1008 1962 et
1033 1935 1137 1962 saxa
1164 1935 1333 1977 aspera,
1366 1921 1442 1963 alii
1472 1936 1549 1976 per
1580 1922 1803 1966 cuniculos

88 1990 236 2033 dieunt
279 1992 459 2033 conatos
505 1990 744 2033 ascendere.
808 1995 911 2033 tunc
947 1990 1154 2047 Manlius,
1199 1994 1345 2034 custos
1383 1990 1610 2048 Capitolii,
1652 1992 1802 2036 Gallos

88 2062 272 2105 detrusit
304 2077 354 2104 ex
387 2076 502 2117 arce,
535 2062 739 2118 clangore
771 2062 935 2105 anseris
969 2063 1200 2118 excitatus,
1239 2077 1367 2118 quem
1399 2063 1594 2118 privatus
1626 2065 1801 2120 quidam

89 2133 202 2176 dono
228 2133 384 2176 Iunoni
418 2133 612 2176 dederat:
642 2148 828 2189 namque
861 2134 1095 2177 secundum
1121 2134 1311 2176 Plinium
1343 2134 1514 2176 nullum
1547 2135 1708 2178 animal
1738 2136 1801 2178 ita

85 2205 261 2248 odorem
294 2205 483 2248 hominis
517 2205 659 2248 sentit.
720 2219 804 2260 qua
835 2219 964 2249 causa
986 2209 1131 2260 postea
1163 2221 1206 2249 eo
1237 2207 1303 2249 die
1333 2221 1411 2260 quo
1441 2206 1514 2249 hoc
1541 2207 1701 2260 factum
1731 2212 1799 2260 est,

84 2258 208 2318 canes
239 2276 310 2330 qui
347 2279 442 2318 tunc
479 2276 721 2319 dormientes
757 2290 842 2319 non
871 2280 1098 2329 senserant,
1136 2278 1247 2319 cruci
1283 2278 1599 2334 suffiyebantur,
1636 2292 1800 2322 anseres

82 2361 187 2406 auro
232 2350 271 2389 et
303 2361 499 2401 purpura
535 2348 723 2390 exornati
760 2348 806 2390 in
844 2348 992 2391 lecticis
1023 2348 1301 2404 gestabantur.
1362 2363 1462 2392 sane
1501 2349 1567 2392 hic
1603 2350 1798 2394 Manlius

177 2492 198 2523 2
225 2500 311 2524 nam
337 2488 460 2525 luscos
486 2517 493 2524 .
517 2517 525 2525 .
547 2516 554 2524 .
580 2489 840 2535 perhibentur]
866 2500 978 2526 exscr.
1006 2489 1092 2526 Isid.
1120 2501 1171 2525 or.
1191 2489 1226 2524 X
1247 2495 1325 2527 163.
1353 2491 1398 2527 cf.
1424 2490 1543 2527 Varro
1569 2491 1603 2526 d.
1631 2492 1654 2527 1.
1682 2492 1707 2528 l.
1727 2479 1797 2528 VII

85 2539 128 2571 71
154 2537 167 2581 ΙΙ
196 2540 240 2571 25
267 2535 412 2571 nullum
440 2564 448 2572 .
469 2563 477 2571 .
499 2565 507 2572 .
534 2536 664 2584 sentit]
692 2548 807 2573 exser.
833 2537 921 2573 Isid.
947 2548 998 2573 or.
1010 2536 1093 2613 ‘XII
1121 2541 1152 2582 7,
1181 2541 1223 2573 72

181 2673 195 2701 1
231 2667 404 2703 coclitem
436 2667 533 2702 RF:
567 2668 747 2703 eoeletem
773 2667 846 2703 AS
887 2667 928 2702 id
960 2669 1018 2703 est
1049 2668 1233 2704 cocletem
1257 2668 1291 2703 L
1337 2678 1562 2713 porsennam
1589 2670 1639 2705 M
1673 2670 1711 2705 id
1738 2672 1796 2706 est

82 2726 303 2760 porsennam
330 2715 351 2749 l.
372 2715 385 2759 ΙΙ
404 2715 516 2750 coelis
536 2714 576 2749 F
591 2716 604 2760 ΙΙ
622 2715 661 2750 111
685 2716 756 2750 1100
782 2716 864 2751 1000
891 2716 937 2750 de
963 2726 1006 2751 00
1033 2715 1126 2751 dicit
1145 2716 1185 2751 F
1201 2717 1213 2763 ΙΙ
1232 2719 1253 2751 2
1279 2716 1381 2751 lucos
1406 2727 1451 2752 ex
1474 2716 1579 2752 loeus
1599 2717 1640 2752 F
1655 2719 1668 2763 ΙΙ
1687 2722 1707 2753 3
1734 2730 1792 2754 00-

81 2761 236 2798 litas.F
265 2763 277 2808 ΙΙ
314 2761 465 2797 coclites
493 2762 718 2798 Masvicius:
753 2762 908 2798 coclitas
933 2763 1006 2798 AS
1015 2764 1063 2798 M
1069 2762 1127 2798 Fl
1163 2763 1301 2799 coeliae
1326 2763 1405 2798 RL
1435 2765 1447 2808 ΙΙ
1484 2767 1507 2798 4
1531 2765 1792 2812 perhibentur]

82 2810 238 2845 Plautus
267 2810 305 2844 in
331 2808 544 2845 curculione
570 2812 614 2854 (v.
642 2814 716 2853 393,
738 2810 816 2855 Fl.)
846 2810 907 2845 ‘de
934 2810 1118 2846 Coclitum
1150 2811 1326 2857 prosapia
1349 2811 1388 2846 te
1415 2822 1494 2847 esse
1521 2812 1682 2848 arbitror
1707 2825 1793 2848 nam

82 2857 109 2892 ii
134 2860 221 2892 sunt
246 2857 412 2892 unoculi’
441 2858 526 2893 add.
548 2857 587 2891 D
605 2858 618 2902 ΙΙ
637 2857 830 2903 strangylo
856 2869 947 2902 ops-s
974 2857 1016 2893 F
1050 2857 1233 2905 strangilo
1260 2869 1351 2904 opas
1378 2858 1412 2893 G
1431 2860 1443 2905 ΙΙ
1462 2862 1483 2894 5
1509 2860 1698 2895 runditate
1724 2861 1758 2896 G
1782 2861 1794 2907 ΙΙ

83 2908 102 2940 ’1
128 2903 334 2950 accipimus
359 2904 400 2939 F
433 2906 446 2949 ΙΙ
484 2907 505 2939 8
530 2903 570 2938 id
596 2905 655 2939 est
679 2905 795 2940 etiam
820 2907 934 2950 ponte
962 2905 1034 2941 AS
1075 2906 1114 2941 id
1139 2906 1197 2942 est
1220 2906 1298 2941 iam
1322 2906 1434 2951 ponte
1461 2906 1499 2941 R
1508 2908 1558 2941 M
1591 2908 1604 2952 ΙΙ
1642 2912 1684 2943 12
1713 2918 1792 2944 esse

80 2952 222 2987 factum
248 2952 288 2986 F
308 2954 321 2996 [l
354 2956 398 2987 14
423 2954 462 2987 et
486 2963 552 2988 om.
582 2951 622 2986 F
638 2953 650 2999 ΙΙ
675 2952 786 2987 aliam
814 2952 850 2987 R
888 2953 1005 2988 allum
1029 2952 1064 2988 L
1090 2953 1237 2997 (allium
1262 2954 1288 2999 l)
1326 2953 1443 2988 alium
1470 2953 1512 2989 F
1531 2956 1544 2999 ΙΙ
1573 2959 1616 2990 15
1644 2967 1791 2990 omnem

80 2999 301 3035 deleberunt
326 2999 530 3035 exereitum
551 2999 591 3034 F
606 3001 619 3045 ΙΙ
640 3003 681 3035 17
708 2999 861 3035 insidias
885 3000 1061 3037 timentes
1082 3001 1122 3036 F
1138 3002 1149 3047 ΙΙ
1171 3005 1214 3037 18
1233 3000 1427 3037 uastantes
1447 3001 1482 3036 L
1507 3002 1717 3047 (uastarunt
1735 3004 1761 3047 l)
1781 3003 1790 3047 fl!

84 3050 126 3081 19
154 3047 264 3093 quase]
294 3058 338 3082 ea
363 3058 458 3093 quae
486 3048 539 3082 M.
558 3048 570 3093 ΙΙ
599 3050 802 3092 potuerant
826 3047 863 3082 R
880 3049 893 3093 ΙΙ
923 3048 1092 3084 delerent
1116 3049 1153 3084 R
1191 3049 1386 3086 diruerunt
1409 3048 1495 3088 LF
1528 3050 1718 3085 diruerant
1743 3051 1756 3085 l
1788 3050 1790 3095 1

82 3098 127 3131 20
155 3093 417 3140 confugierunt
444 3094 484 3129 F
508 3096 520 3141 ΙΙ
556 3099 600 3133 21
628 3094 667 3130 id
692 3107 736 3130 ea:
762 3095 810 3130 ad
835 3095 870 3130 L
900 3096 913 3141 ΙΙ
949 3099 994 3131 22
1014 3097 1124 3142 prius
1150 3095 1215 3131 alii
1240 3107 1306 3131 om.
1333 3097 1408 3134 AS
1434 3097 1446 3143 ΙΙ
1482 3101 1527 3132 23
1554 3097 1728 3132 manilius

80 3138 229 3176 mallius
254 3142 346 3176 LM
354 3141 423 3178 Fa
447 3144 536 3187 {1⁹24
563 3142 607 3177 de
634 3152 719 3177 arce
744 3143 817 3178 AS
840 3143 853 3188 ΙΙ
883 3142 1068 3190 privatus]
1096 3144 1270 3189 princeps
1293 3155 1470 3189 superscr.
1497 3155 1515 3180 s
1538 3146 1551 3190 ΙΙ
1581 3149 1626 3180 26
1652 3143 1790 3179 sentire
1811 3164 1816 3168 ν

81 3187 217 3222 dicitur
243 3188 283 3223 F
308 3190 321 3235 11
358 3189 488 3236 sentit]
521 3190 621 3234 quod
647 3185 793 3225 oui‘dius
818 3189 859 3225 in
883 3191 1129 3237 metamorph.
1157 3190 1208 3237 (II
1233 3192 1316 3237 538)
1341 3190 1556 3237 intelligens
1583 3191 1679 3226 dixit
1706 3191 1789 3226 ‘nec

83 3233 286 3270 seruaturis
310 3235 419 3281 uigili
445 3236 631 3281 Capitolia
663 3249 753 3274 uoce
787 3237 955 3274 crederet
984 3237 1192 3274 anseribus'
1221 3239 1306 3275 add.
1333 3239 1372 3274 D
1408 3242 1421 3286 Η
1457 3242 1502 3275 28
1529 3248 1690 3284 purpora
1716 3238 1756 3272 F
1778 3237 1791 3285 Η

82 3281 243 3317 Manlius
269 3283 422 3318 Daniel:
449 3283 622 3319 manibus
649 3284 690 3319 F

1833 1431 1876 1464 15

1830 1789 1876 1820 20

1828 2145 1871 2177 25
