2092 3614
347 274 434 316 256
1118 278 1277 313 SERVII

347 397 534 438 amore,
561 386 604 425 et
629 382 794 426 Statius
819 385 895 427 ubi
918 379 1104 428 Martem
1128 386 1276 429 Venus
1303 386 1566 441 adloquitur,
1590 389 1639 428 ut
1665 390 1716 429 at
1746 402 1846 430 non
1878 389 2050 431 eadem

346 453 604 496 Vulcania
633 455 784 497 nobis
816 456 1085 512 obsequia,
1119 460 1168 498 et
1199 457 1329 499 laesi
1361 457 1524 500 servit
1554 459 1725 500 tamen
1756 459 1833 501 ira
1864 460 2050 503 mariti.

346 540 447 567 nam
479 525 594 580 quod
626 526 732 568 dicit
755 526 953 569 Donatus
985 528 1179 583 potuisse
1210 528 1303 570 fieri
1329 531 1378 570 ut
1409 543 1504 570 cum
1527 528 1719 572 Anchisa
1750 532 2053 573 concumberet

347 596 510 650 Venus,
551 599 649 639 ante
682 612 811 652 quam
844 597 1040 642 Vulcano
1071 600 1272 656 nuberet,
1310 614 1399 642 non
1428 600 1638 655 procedit:
1680 604 1851 644 constat
1882 603 1995 644 enim
2026 618 2053 645 a

300 677 321 708 5
346 668 560 723 principio
599 668 812 711 Venerem
856 685 1033 713 uxorem
1076 671 1209 713 fuisse
1250 670 1447 714 Vulcani.
1508 686 1607 714 sane
1650 671 1878 715 edivinum'
1921 677 2052 716 θεῖον

348 739 532 782 debemus
563 741 749 794 accipere.

467 812 566 853 374.
616 829 704 854 DVM
730 829 853 854 ero
884 830 1067 856 meon-01
1095 813 1223 855 ‘dum'
1250 828 1328 868 pro
1361 813 1501 868 ‘quam
1525 813 1626 858 diu’.
1674 829 1772 858 sane
1801 816 1898 859 haee
1922 818 2054 860 oratio

347 882 547 925 rhetorica
582 884 723 925 suasio
759 888 827 926 est.
890 899 990 927 nam
1020 887 1278 940 principium
1315 901 1342 928 a
1372 888 1611 929 verecundia
1651 889 1846 942 sumpsit;
1889 890 2054 931 dicendo

348 955 454 996 enim
486 968 714 1008 numquam
743 968 785 996 se
815 955 1024 997 molestam
1060 960 1183 998 antea
1217 957 1361 1012 fuisse,
1400 958 1572 999 ostendit
1600 971 1642 999 se
1671 959 1878 1012 inpetrare
1907 960 2054 1015 debere,

280 1035 323 1066 10
342 1027 586 1078 praesertim
618 1039 668 1067 ex
697 1039 741 1067 eo
771 1027 878 1079 quod
906 1040 990 1068 non
1027 1028 1211 1069 timuerit
1232 1031 1376 1081 petere.
1422 1027 1552 1070 ‘nunc
1582 1028 1695 1071 Iovis
1724 1030 1893 1083 imperio
1924 1031 2055 1072 Ruta-

351 1096 485 1138 lorum
515 1098 695 1139 constitit
724 1098 825 1152 oris,
863 1111 954 1151 erqo
984 1098 1123 1140 eadem
1159 1100 1328 1152 sumilex
1365 1098 1526 1141 venio':
1563 1099 1659 1141 haee
1688 1114 1771 1143 non
1802 1105 1964 1143 tantum
1992 1116 2055 1144 ro-

345 1169 493 1221 yandi,
536 1170 607 1210 sed
646 1169 771 1210 etiam
810 1169 1047 1222 mpetrandi
1085 1170 1170 1211 vim
1209 1170 1365 1213 habent.
1426 1184 1536 1213 verso
1578 1174 1713 1214 tamen
1749 1172 1913 1215 ordine:
1955 1187 2055 1215 nam

347 1240 482 1291 primo
513 1254 635 1281 arma
658 1241 779 1294 petit,
810 1240 953 1282 deinde
983 1242 1155 1283 adiuvat
1183 1242 1363 1295 exemplo
1394 1243 1560 1284 dicendo
1593 1241 1650 1285 ‘te
1679 1244 1772 1297 filia
1798 1243 1944 1286 Nerei'
1975 1247 2056 1299 eta,

349 1312 491 1353 deinde
521 1325 691 1353 eausam
721 1310 876 1365 ‘aspice
905 1314 977 1365 qui
1007 1316 1148 1355 coeant
1167 1313 1359 1367 populi’;
1397 1315 1534 1368 ipsum
1565 1316 1672 1357 enim
1705 1314 1886 1369 ‘populi'
1917 1315 2054 1357 multi-

280 1392 322 1423 15
350 1383 532 1424 tudinem
562 1383 784 1437 siqnificat,
822 1386 860 1424 et
888 1385 1009 1436 quasi
1038 1398 1122 1426 non
1155 1386 1364 1440 inpuynet,
1404 1386 1474 1427 sed
1502 1386 1750 1441 inpugnetur
1779 1386 1959 1442 Aeneas,
1995 1387 2056 1428 ita

338 1453 491 1506 pathos
519 1454 616 1506 feeit
641 1455 777 1496 dicens
807 1453 869 1495 ein
893 1468 956 1496 me
979 1456 1258 1510 excidiumque
1282 1455 1509 1498 meorum':
1540 1471 1641 1498 nam
1666 1459 1774 1511 quod
1796 1472 1824 1499 a
1848 1458 2056 1511 principio

346 1539 468 1567 arma
491 1526 598 1579 petit
626 1525 722 1567 haec
746 1526 854 1567 ratio
880 1529 954 1581 est,
984 1528 1093 1579 quod
1115 1541 1201 1569 rem
1226 1541 1296 1569 nee
1320 1542 1517 1581 maynam
1542 1542 1612 1569 nee
1636 1529 1847 1583 difficilem
1874 1529 2055 1571 Vulcano

337 1597 508 1649 petebat.
570 1598 658 1639 ideo
689 1599 727 1638 et
755 1597 896 1638 statim
919 1598 1081 1650 posuit;
1116 1612 1216 1639 nam
1245 1599 1317 1657 ubi
1347 1600 1484 1641 maius
1514 1600 1675 1653 aliquid
1703 1603 1775 1655 est,
1807 1604 1901 1642 ante
1931 1613 2056 1642 eausa

322 1671 323 1674 ’
346 1668 517 1710 dicenda
548 1672 622 1724 est,
652 1672 700 1710 ut
723 1659 998 1721 fflaembllitis
1029 1670 1203 1724 animis,
1234 1674 1331 1712 tunc
1361 1671 1470 1724 quod
1490 1671 1647 1724 petitur
1677 1674 1927 1725 suyyeratur.

276 1748 322 1779 20
466 1740 566 1781 375.
614 1751 792 1781 DEBITA
830 1739 1026 1781 fataliter
1057 1740 1110 1781 ad
1142 1741 1319 1783 exitium
1351 1742 1580 1784 destinata.
1702 1758 1954 1789 OASVRASQVE
1983 1759 2056 1785 [ΝΙ-

346 1827 454 1853 mess
478 1828 587 1854 Jeme
595 1828 639 1854 vs
662 1828 783 1854 ARoEs
812 1824 938 1852 eausa
969 1825 1042 1852 our
1071 1825 1156 1853 non
1178 1813 1356 1865 petierit.

466 1883 566 1924 376.
613 1893 800 1924 MISERIS
839 1881 959 1936 atqui
996 1882 1227 1924 honestum
1266 1885 1332 1925 est
1370 1884 1538 1925 miseris
1578 1884 1820 1940 subvenire3
1863 1885 1936 1926 sed
1973 1884 2056 1927 hoc

347 1954 470 1995 dicit:
504 1968 578 1995 cur
608 1957 650 1996 te
683 1953 913 2008 fatigarem
945 1968 1023 2007 pro
1055 1954 1301 1996 hominibus
1333 1954 1413 1997 fati
1446 1955 1702 1998 necessitate
1734 1955 1966 2010 perituris?

347 2042 454 2067 Anam
487 2043 585 2068 RoaA
594 2041 634 2067 Vl
661 2028 804 2079 aryute
833 2024 898 2065 hic
928 2025 975 2065 in
999 2026 1208 2080 principio
1235 2040 1356 2068 arma
1380 2028 1585 2082 nominat,
1615 2031 1663 2069 ut
1685 2028 1772 2069 iam
1797 2027 2054 2082 intelleqatwr

275 2104 321 2135 25
347 2097 449 2149 quid
469 2097 656 2150 petitura
685 2096 750 2138 sit.

466 2168 565 2210 377.
609 2184 723 2209 ARTIS
752 2184 912 2215 OPISQVE
940 2184 1043 2211 TVAE
1065 2169 1144 2210 duo
1169 2169 1324 2211 duobus
1347 2170 1490 2221 reddit,
1512 2168 1757 2226 (auxilium)
1778 2169 1909 2225 (θρίξ,
1935 2183 2056 2212 arma

348 2237 554 2294 (‘artis'):
586 2242 662 2280 aut
690 2242 791 2281 certe
821 2239 928 2281 idem
958 2240 1066 2281 valet
1096 2239 1217 2294 ‘opis'
1246 2242 1354 2294 quod
1383 2240 1547 2291 ‘artis';
1582 2240 1676 2282 hino
1707 2241 1878 2295 opifices.

446 2370 463 2401 1
492 2367 649 2413 Statius]
677 2366 791 2403 Theb.
813 2368 864 2403 III
884 2371 954 2403 275
972 2370 985 2413 ΙΙ
1005 2373 1025 2403 3
1051 2380 1138 2404 nam
1163 2370 1262 2414 quod
1283 2369 1374 2405 dicit
1393 2370 1559 2406 Donatus
1581 2382 1611 2407 e.
1633 2382 1669 2415 q.
1690 2370 1735 2416 s.]
1763 2369 1807 2405 cf.
1829 2369 1934 2405 Luct.
1955 2368 2052 2404 Plac.

348 2414 397 2450 ad.
422 2414 516 2450 Stat.
545 2414 661 2450 Theb.
688 2415 759 2450 VII
785 2420 829 2450 62
888 2440 890 2442 »
1774 2428 1781 2435 ·

445 2538 463 2567 1
491 2533 547 2579 at]
574 2533 622 2568 ad
641 2534 686 2568 H
692 2535 741 2568 M
746 2534 787 2568 F
801 2536 813 2580 ΙΙ
832 2538 852 2569 2
879 2534 977 2569 serui
998 2535 1043 2569 H
1057 2536 1068 2582 ΙΙ
1088 2539 1109 2570 5
1131 2547 1218 2571 esau
1239 2535 1280 2570 F
1312 2534 1354 2571 τὸ
1375 2538 1488 2572 θεῖον
1507 2536 1655 2571 Daniel.
1687 2536 1771 2579 fort.
1793 2534 1892 2575 θεᾶς
1910 2536 1922 2582 11
1943 2539 1962 2570 7
1988 2545 2054 2580 pro

351 2581 478 2625 ‘quam
505 2580 583 2615 diu’
612 2592 688 2626 eqo:
719 2593 786 2626 pro
811 2593 924 2627 quam
945 2582 986 2616 F
1018 2584 1220 2628 postquam
1239 2584 1378 2623 Daniel
1395 2585 1408 2631 ss
1426 2584 1475 2619 ad
1499 2595 1532 2618 v.
1553 2588 1623 2619 37⁴4
1647 2584 1689 2618 in
1713 2594 1827 2628 mary.
1853 2582 1947 2618 haec
1973 2592 2056 2618 ora-

348 2628 403 2662 tio
428 2627 616 2664 rhetorica
641 2630 696 2663 est
722 2630 843 2664 suasio
870 2630 909 2664 et
932 2629 1158 2675 principium
1178 2642 1201 2666 a
1221 2631 1447 2667 uerecundia
1471 2631 1630 2666 sumitur
1656 2631 1744 2676 quia
1769 2630 1926 2665 dicendo
1951 2641 2056 2664 num-

351 2687 462 2720 quam
487 2687 524 2711 se
549 2675 746 2711 molestam
779 2676 893 2711 fuisse
920 2679 1032 2712 antea
1057 2678 1221 2713 ostendit
1246 2690 1284 2714 se
1309 2679 1510 2724 impetrare
1537 2678 1671 2714 debere
1696 2676 1917 2724 praesertim
1942 2688 1988 2712 ex
2012 2687 2055 2711 eo

349 2723 449 2767 quod
475 2734 549 2758 non
573 2721 744 2758 timuerit
766 2724 894 2767 petere
922 2723 955 2757 Τ
971 2724 984 2769 ΙΙ
1012 2729 1032 2759 8
1058 2725 1203 2761 rhetica
1228 2725 1268 2760 F
1284 2728 1295 2773 ΙΙ
1323 2726 1454 2761 sumsit
1480 2725 1520 2760 F
1536 2727 1547 2772 ΙΙ
1576 2730 1596 2760 9
1623 2736 1662 2760 se
1687 2736 1753 2760 om.
1781 2724 1822 2759 F
1843 2726 1854 2771 ΙΙ
1887 2728 1931 2759 10
1955 2722 2056 2769 quod

349 2781 424 2805 non
447 2770 617 2805 timuerit
642 2771 784 2814 petere]
810 2771 894 2813 fort.
917 2772 1017 2815 quod
1044 2783 1117 2807 non
1144 2773 1272 2809 debita
1291 2775 1346 2809 vel
1366 2773 1466 2819 quod
1486 2775 1615 2808 contra
1633 2772 1714 2808 fata
1738 2772 1906 2807 timuerit
1929 2772 2056 2817 petere

349 2819 404 2852 vel
422 2817 522 2863 quod
541 2816 704 2852 noluerit
722 2816 840 2852 vetita
858 2818 995 2862 petere.
1024 2819 1069 2862 cf.
1090 2820 1196 2855 schol.
1218 2820 1457 2856 Floriacense
1482 2822 1531 2856 ad
1549 2832 1579 2856 v.
1602 2824 1670 2855 375
1689 2822 1701 2866 ΙΙ
1731 2824 1772 2854 11
1794 2818 1969 2865 rogandis
1989 2817 2030 2853 F
2044 2817 2056 2864 Η

354 2868 395 2900 12
415 2866 499 2909 fort.
521 2864 730 2910 imperandi
745 2868 898 2909 propter
919 2865 1105 2909 ‘imperio’
1127 2868 1139 2910 ΙΙ
1157 2868 1242 2910 fort.
1268 2868 1417 2904 inverso
1442 2871 1569 2904 tamen
1588 2868 1706 2903 utitur
1726 2867 1855 2902 ordine
1873 2867 1886 2912 ΙΙ
1906 2869 1950 2901 14
1969 2866 2054 2909 fort.

351 2911 486 2947 deinde
513 2923 663 2947 causam
689 2911 794 2947 addit
818 2913 831 2957 ΙΙ
862 2913 1010 2956 coeant]
1036 2913 1138 2957 afiqd
1163 2914 1203 2947 F
1224 2916 1236 2961 ΙΙ
1269 2919 1311 2950 15
1339 2916 1574 2961 significabat
1600 2914 1640 2949 F
1660 2916 1673 2960 ΙΙ
1703 2915 1874 2960 inpugne
1893 2914 1957 2949 sed
1983 2912 2024 2947 F
2044 2912 2048 2959 ί

353 2963 396 2994 19
423 2959 579 2994 dicendo
606 2959 646 2993 F
673 2961 685 3004 ΙΙ
723 2962 768 2993 20
793 2960 898 2994 schol.
926 2960 976 2994 ad
1000 2972 1128 2994 numm
1155 2971 1220 2996 om.
1248 2963 1288 2996 F
1313 2964 1324 3009 ΙΙ
1361 2975 1604 3002 CASSVRASQVE
1631 2962 1671 2996 F
1705 2972 1953 3000 coNszAsovs.
1979 2960 2014 2995 Cr*
2045 2960 2050 3007 Ι

351 3010 398 3041 24
423 3007 473 3042 ad
497 3020 565 3042 NON
589 3018 685 3041 ARMA
709 3019 741 3043 n.
768 3007 810 3041 in
834 3017 950 3051 mary.
975 3008 1107 3051 argute
1138 3009 1247 3052 ponit
1281 3021 1384 3044 arma
1414 3010 1454 3044 in
1485 3009 1669 3055 principio
1696 3010 1734 3044 et
1758 3008 1851 3043 haec
1875 3006 1972 3042 ratio
1998 3010 2056 3043 est

352 3054 452 3099 quod
483 3065 588 3089 arma
619 3056 726 3099 petat
756 3053 795 3088 in
826 3052 1009 3099 principio
1042 3054 1140 3098 quod
1172 3066 1250 3090 rem
1281 3068 1350 3092 nee
1379 3067 1557 3101 magnam
1587 3067 1655 3090 nec
1679 3054 1870 3090 difficilem
1895 3054 2056 3089 unlcano

350 3103 466 3147 petat.
515 3113 602 3137 nam
634 3101 699 3136 ubi
730 3103 850 3141 maius
876 3103 933 3136 est
958 3100 1101 3149 aliquid
1126 3103 1211 3137 ante
1239 3114 1351 3138 causa
1376 3103 1535 3138 dicenda
1559 3105 1616 3138 est
1640 3104 1683 3137 ut
1706 3100 1951 3147 praemollitis
1977 3101 2054 3136 ani-

350 3148 422 3185 mis
446 3150 536 3185 tunc
561 3149 600 3184 id
626 3149 726 3193 quod
751 3149 893 3194 petitur
917 3159 1159 3194 suggeramus
1183 3149 1216 3183 T
1229 3151 1242 3197 ΙΙ
1259 3150 1410 3185 nomina
1429 3149 1470 3183 F
1485 3151 1496 3195 ΙΙ
1515 3149 1714 3195 intellegat
1735 3148 1769 3184 G
1787 3150 1800 3195 ΙΙ
1818 3152 1863 3183 26
1889 3150 1938 3184 ad
1957 3160 2054 3184 An'ns

351 3209 383 3234 0.
408 3210 439 3234 r.
465 3208 567 3242 supr.
593 3198 681 3232 vers.
711 3196 783 3231 duo
810 3196 954 3232 duobus
979 3196 1113 3231 reddit.
1163 3198 1282 3233 artem
1311 3197 1513 3233 referamus
1540 3197 1587 3231 ad
1612 3207 1717 3232 arma
1743 3207 1853 3241 opem
1878 3196 1926 3232 ad
1952 3196 2054 3231 auxi-

351 3244 443 3279 lium
473 3244 507 3279 Τ
525 3245 539 3290 ΙΙ
569 3247 614 3280 27
641 3244 741 3279 idem
760 3244 917 3279 Daniel:
943 3244 982 3279 id
1001 3250 1048 3283 ÷
1068 3244 1127 3289 (=
1147 3244 1188 3279 id
1207 3245 1270 3290 est)
1297 3244 1337 3279 F
1352 3246 1364 3291 ΙΙ
1395 3243 1518 3291 opines
1544 3243 1592 3287 F,
1617 3255 1707 3280 corr.
1729 3244 1867 3279 Daniel
