2092 3614
528 277 680 315 COMM.
707 278 761 314 IN
786 277 929 314 VERG.
955 276 1067 312 AEN.
1093 277 1127 312 Χ
1153 281 1355 314 445—467.
1711 276 1799 318 439

206 388 306 431 454.
357 399 565 431 SPEOVLA
599 399 693 431 cvm
726 400 860 430 VlDl'r
893 400 953 429 AB
984 399 1109 429 ALTA
1145 387 1226 429 hoc
1259 387 1312 429 ad
1344 402 1493 429 currus
1526 387 1800 429 altitudinem

88 461 275 516 spectat,
305 460 372 501 leo
405 459 460 501 ad
492 459 627 501 Turni
660 459 913 501 violentiam
946 460 1076 513 atque
1108 458 1339 500 feritatem.
1402 462 1445 501 et
1477 462 1544 501 est
1576 458 1700 502 ordo:
1732 461 1798 500 ut·

88 546 170 587 que
201 532 269 574 leo
302 530 497 585 advolat,
528 531 629 572 talis
663 533 729 573 est
761 530 897 573 Turni
928 530 1073 586 imago
1106 530 1330 572 venientis.

203 602 303 645 457.
354 612 630 645 CONTIGVVM
662 603 893 657 postquam
925 601 1034 643 vidit
1059 615 1157 642 eum
1182 600 1351 643 venisse
1378 600 1493 642 intra
1520 602 1682 644 iactum
1708 602 1798 657 teli,

86 674 249 716 scilicet
279 677 327 716 ut
357 676 509 730 posset
539 673 672 715 feriri.
1823 683 1843 714 5

203 746 303 788 458.
351 757 428 787 IRE
468 756 608 788 PRIOR
646 756 826 787 PALLAS
870 744 1075 787 subaudis
1114 743 1306 786 ‘voluit'.
1363 744 1440 786 alii
1472 743 1572 786 ‘ire’
1607 758 1684 798 pro
1722 745 1797 787 ‘it’

85 819 237 872 lementi,
268 820 317 859 ut
344 817 401 860 sit
423 817 658 871 infinitivus
681 830 761 870 pro
787 817 1020 859 indicativo.
1113 833 1154 858 ss
1176 833 1252 863 QVA
1283 816 1321 858 si
1350 830 1428 869 quo
1459 817 1588 858 modo.
1680 829 1797 860 FORs

83 889 270 932 fortuna.
308 892 346 931 et
370 889 523 931 dictum
543 891 602 931 est
625 889 803 943 propter
828 887 936 930 illud
958 887 1105 943 <284>
1133 887 1377 930 audentes
1403 886 1616 930 fortuna
1642 889 1795 931 iuvat.

160 978 300 1004 AVSVM
325 974 427 1003 num
450 974 532 1015 pro
565 958 854 1002 ‘audentem’?

201 1034 300 1075 460.
350 1050 424 1076 PER
455 1049 594 1075 PATRIS
623 1048 840 1075 HOSPITJVM
867 1032 975 1074 deest
1004 1030 1138 1073 ‘mest
1825 1043 1867 1072 10

202 1105 300 1147 461.
352 1116 411 1146 ΤΕ
442 1115 622 1147 PRECOR
652 1114 828 1145 ALCIDE
868 1117 999 1157 supra
1036 1104 1187 1145 contra
1224 1102 1473 1145 inferiorem
1510 1102 1682 1145 hostem
1719 1104 1795 1145 flu-

83 1176 211 1218 minis
254 1176 505 1231 imploravit
549 1175 772 1218 auxilium:
816 1189 928 1217 nune
974 1177 1127 1217 contra
1170 1174 1340 1217 hostem
1382 1174 1795 1230 maiorem-„Liribus

82 1248 207 1291 deum
239 1248 414 1291 invocat
445 1247 604 1290 virtute
635 1248 942 1303 praestantem.

200 1320 299 1362 462.
350 1308 533 1362 CERNAT
562 1330 785 1362 SEMINEOI
818 1318 871 1360 ad
900 1318 1010 1360 illud
1038 1317 1152 1373 quod
1178 1317 1240 1359 ait
1265 1317 1436 1360 Turnus
1463 1317 1678 1373 eeuperem
1703 1319 1795 1373 ipse

79 1387 234 1447 parens
267 1393 484 1447 spectator
517 1390 702 1433 adesset'
734 1390 806 1433 1110
838 1390 957 1441 (110113Υ
976 1389 1246 1445 ‘ipsesuum
1278 1391 1427 1432 cernat
1458 1389 1710 1432 interitum'.
1823 1399 1866 1430 15

198 1464 298 1506 463.
348 1474 685 1513 vm'rossEMQvn
718 1473 901 1504 FERANT
933 1473 1191 1505 ΜΟΒΙΕΝΤῙΑ
1218 1472 1398 1503 LVMINA
1423 1473 1564 1503 'rvnm
1595 1460 1794 1503 Donatus

79 1535 183 1577 dicit
208 1533 530 1590 ‘meminerint'7
562 1534 636 1576 sed
667 1533 820 1576 melius
847 1536 913 1576 est
938 1531 1228 1588 esustinea11t'‚
1260 1533 1386 1588 quasi
1417 1532 1586 1589 pondus
1619 1528 1663 1575 et
1692 1548 1795 1588 poe-

78 1622 199 1649 nam:
231 1621 310 1649 nec
342 1607 455 1649 enim
486 1604 733 1648 meminisse
766 1607 951 1660 possunt
983 1604 1108 1647 oculi.

197 1678 298 1722 465.
347 1689 675 1728 LACRIMASQVE
720 1688 957 1719 EFFVNDIT
1005 1687 1178 1719 1NANEs
1229 1675 1300 1718 1110
1350 1675 1541 1718 ostendit
1591 1678 1793 1719 eventum

79 1751 284 1793 futurum.
1819 1758 1865 1789 20

197 1823 297 1865 467.
349 1833 466 1865 STAT
500 1833 587 1864 SVA
620 1833 792 1872 CVIQVE
824 1832 932 1864 DIES
972 1819 1100 1863 sectis
1134 1819 1494 1874 philosophorum
1525 1822 1682 1874 poetae
1713 1835 1792 1875 pro

80 1894 290 1950 qualitate
321 1893 594 1949 negotiorum
626 1907 796 1948 semper
826 1895 1022 1947 utuntur,
1053 1905 1132 1933 11θο
1159 1905 1204 1932 se
1230 1906 1433 1946 umquam
1461 1890 1515 1934 ad
1541 1906 1673 1933 unam
1700 1891 1792 1933 alli-

80 1967 186 2021 gant
217 1965 304 2007 nisi
335 1979 521 2021 quorum
552 1964 634 2007 hoc
666 1964 939 2020 propositum
972 1965 1056 2019 est,
1087 1964 1136 2004 ut
1167 1961 1272 2005 fecit
1302 1961 1549 2018 Lucretius,
1582 1963 1656 2018 qui
1687 1962 1792 2018 Epi-

79 2052 228 2080 eureos
260 2039 432 2080 tantum
465 2038 635 2079 secutus
668 2038 743 2078 est.
801 2035 961 2078 scimus
994 2037 1140 2078 autem
1172 2034 1285 2076 inter
1317 2047 1362 2075 se
1394 2036 1534 2076 sectas
1568 2048 1660 2076 esse
1692 2048 1792 2077 0011-

79 2108 256 2150 trarias:
296 2107 409 2151 unde
441 2108 492 2150 fit
521 2110 570 2150 ut
600 2108 645 2150 in
677 2122 762 2150 11110
794 2109 924 2163 poeta
956 2107 1102 2162 aliqua
1135 2105 1352 2149 contraria
1382 2106 1673 2161 inveniamus,
1704 2121 1792 2149 non
1817 2115 1863 2147 25

79 2194 129 2221 ex
161 2179 298 2234 ipsius
331 2179 457 2231 vitio,
497 2179 570 2221 sed
609 2194 660 2221 ex
697 2179 907 2221 varietate
940 2180 1167 2221 sectarum.
1228 2177 1335 2219 illud
1364 2191 1551 2232 namque
1584 2178 1696 2233 quod
1730 2178 1793 2220 ait

78 2251 124 2293 in
161 2253 316 2307 quarto
357 2250 503 2306 <697>
544 2238 628 2293 sed
668 2251 855 2292 misera
893 2252 1011 2292 ante
1050 2250 1199 2301 diem,
1238 2248 1552 2305 Epicureorum
1594 2252 1678 2304 est,
1719 2249 1792 2305 qui

79 2323 250 2366 casibus
290 2324 445 2365 cuncta
483 2322 740 2364 concedunt:
785 2337 897 2364 nunc
936 2320 1051 2377 quod
1089 2320 1194 2363 dicit
1232 2318 1343 2362 ‘stat
1375 2334 1453 2362 sua
1485 2320 1634 2376 cuique
1667 2320 1792 2376 dies',

81 2395 316 2437 stoicorum
353 2396 437 2445 est,
478 2394 551 2449 qui
589 2394 738 2436 dicunt
769 2394 960 2436 fatorum
991 2394 1158 2435 statuta
1190 2391 1366 2435 servari.
1423 2406 1524 2434 sane
1557 2391 1791 2446 prudenter

79 2466 182 2508 fecit
225 2468 272 2507 ut
314 2464 474 2507 fluxam
519 2468 561 2507 et
603 2479 761 2521 vagam
805 2464 1054 2520 opinionem
1091 2463 1404 2520 Epicureorum
1449 2463 1572 2506 daret
1612 2463 1790 2518 homini,
1808 2461 1862 2505 >30

79 2538 125 2580 id
154 2540 213 2579 est
241 2536 337 2592 sibi,
373 2561 421 2566 —
460 2551 562 2579 nam
594 2537 699 2579 illud
731 2552 782 2579 ex
812 2550 1000 2591 persona
1030 2537 1185 2592 poetae
1216 2536 1378 2578 dictum
1415 2559 1463 2565 —
1500 2535 1611 2578 hanc
1644 2538 1789 2578 autem

80 2607 269 2650 validam
308 2606 430 2649 daret
459 2607 572 2651 Iovi:
609 2623 712 2650 nam
750 2608 877 2651 stoici
909 2610 953 2649 et
983 2607 1142 2651 nimiae
1179 2606 1354 2650 virtutis
1394 2609 1495 2649 sunt
1526 2609 1570 2649 et
1602 2607 1788 2650 cultores

175 2776 219 2808 21
246 2771 357 2808 sectis
382 2758 691 2818 philosophorum
716 2783 747 2809 e.
775 2784 810 2817 q.
837 2773 883 2820 8.]
912 2783 1028 2809 exscr.
1054 2773 1241 2818 mythogr.
1266 2772 1320 2807 III
1346 2776 1380 2815 9,
1406 2775 1427 2807 9

174 2932 196 2963 3
221 2928 364 2986 imago]
390 2938 527 2985 magno
554 2927 590 2963 R
609 2929 620 2974 ΙΙ
639 2926 839 2974 venientis]
867 2927 1048 2962 Homerus
1074 2926 1295 2973 (Iz.11123)
1322 2923 1371 2966 ὥς
1396 2939 1434 2961 τε
1462 2924 1557 2961 λέων
1585 2924 1701 2972 ἐχάρη
1727 2940 1788 2971 με-

80 2974 179 3022 γάλῳ
207 2973 270 3011 ἐπὶ
296 2974 437 3022 σώματι
463 2973 602 3019 κύρσας
628 2976 712 3010 add.
741 2974 941 3010 Fabricius
972 2975 983 3021 ΙΙ
1019 2979 1042 3009 4
1067 2975 1162 3010 vidit
1187 2975 1286 3020 eum]
1314 2974 1424 3009 uidus
1451 2973 1491 3008 F
1518 2975 1530 3019 ΙΙ
1561 2975 1687 3009 actum
1715 2974 1756 3008 F
1778 2976 1788 3019 Ι]

80 3026 101 3058 5
128 3023 246 3069 possit
270 3023 359 3058 HF
374 3024 387 3069 ΙΙ
405 3027 426 3058 6
452 3023 587 3069 voluit]
615 3023 737 3058 voluit
761 3022 815 3057 ire
840 3022 978 3058 Daniel
996 3023 1009 3068 ΙΙ
1027 3022 1093 3058 alii
1118 3021 1172 3057 ire
1199 3023 1352 3057 Daniel:
1380 3021 1482 3057 abire
1504 3021 1545 3056 F
1559 3022 1571 3067 ΙΙ
1592 3026 1611 3057 7
1638 3021 1784 3067 legunt]

81 3081 131 3106 cm
155 3070 381 3117 intellegunt
400 3075 417 3107 ⁴?
435 3072 448 3117 1]
467 3082 533 3116 pro
560 3082 626 3107 om.
642 3070 676 3106 G
693 3071 706 3115 ΙΙ
726 3070 774 3105 ad
794 3081 899 3110 mou
916 3080 944 3105 s.
964 3080 996 3116 u.
1023 3069 1055 3105 81
1080 3081 1153 3115 quo
1181 3069 1291 3105 modo
1316 3069 1349 3103 T
1362 3070 1374 3114 ΙΙ
1394 3067 1426 3104 81
1451 3069 1599 3114 quando
1619 3069 1759 3104 Daniel
1777 3069 1788 3114 1]

81 3122 101 3152 9
129 3118 178 3153 ad
201 3130 318 3154 Avsvm
342 3129 370 3155 3.
390 3130 422 3154 v.
449 3118 645 3154 audentem
677 3118 709 3152 T
726 3118 738 3163 ΙΙ
760 3121 802 3152 11
828 3116 1020 3152 fluminis.
1071 3119 1230 3153 .contra
1255 3127 1320 3152 om.
1341 3116 1429 3151 LH
1450 3117 1550 3162 (add.
1572 3117 1597 3161 l)
1618 3117 1629 3162 ΙΙ
1651 3119 1694 3150 14
1720 3116 1783 3161 ad]

81 3167 212 3200 contra
230 3165 266 3200 R
283 3166 296 3211 ΙΙ
318 3169 360 3201 15
388 3167 458 3201 hoo
479 3166 529 3201 M
545 3168 556 3212 ΙΙ
577 3170 620 3201 19
647 3165 838 3211 eventum]
865 3159 1004 3200 exitum
1022 3164 1059 3199 R
1090 3164 1295 3200 euandrum
1315 3164 1360 3198 H
1385 3165 1539 3199 uentum
1558 3163 1598 3197 F
1614 3165 1625 3208 ΙΙ
1645 3167 1689 3197 23
1715 3163 1786 3198 hoc

81 3223 147 3248 om.
174 3212 303 3247 RLH
323 3214 421 3257 (add.
449 3214 476 3258 l)
495 3215 507 3258 Ι]
530 3212 635 3258 fecit]
663 3213 759 3248 siout
783 3212 819 3247 R
844 3213 857 3256 ΙΙ
888 3216 934 3247 24
959 3211 1183 3296 contrarias}
1211 3211 1333 3247 uarias
1360 3212 1400 3246 F
1421 3212 1433 3258 Ι]
1461 3215 1506 3246 29
1533 3211 1591 3246 est
1616 3221 1682 3245 om.
1708 3210 1786 3245 RL

81 3260 180 3304 (add.
207 3260 234 3306 l)
254 3261 266 3306 ΙΙ
285 3263 327 3295 31
354 3260 512 3308 dictum]
538 3260 578 3296 in
603 3261 737 3307 quarto
763 3260 849 3296 add.
874 3260 940 3304 M,
965 3261 1024 3295 est
1047 3260 1132 3296 add.
1183 3259 1194 3274 ¹
