2092 3614
229 1008 270 1039 10

229 1365 270 1397 15

226 1724 272 1756 20

294 244 380 286 334
1066 246 1121 281 SE
1129 245 1227 281 RVH

413 355 511 397 263.
561 366 657 397 DVO
683 366 846 397 MAGNA
871 367 1091 397 TALENTA
1123 356 1231 397 bene
1265 354 1430 397 addidit
1461 354 1665 411 eiiiagna',
1696 371 1797 397 nam
1830 355 1997 398 varium

295 426 408 481 apud
447 426 638 469 diversas
678 428 828 482 gentes
866 427 1033 482 pondus
1073 429 1137 469 est
1173 426 1346 469 talenti:
1383 426 1494 468 unde
1533 427 1742 468 talentum
1780 429 1926 483 potest
1956 430 2000 470 et

294 498 424 541 breve
456 497 617 553 aliquid
650 500 694 540 et
725 512 933 554 magnum
966 498 1221 554 significare.
1269 512 1371 540 nam
1405 499 1452 539 ut
1484 513 1613 554 supra
1646 497 1714 553 <V
1749 499 1860 553 112>
1893 499 1998 541 dixi-

295 585 407 625 mus,
453 569 684 612 seeundum
722 569 923 612 Plautum
967 569 1182 611 talentum
1225 569 1505 625 septuaginta
1548 569 1755 612 librarum
1799 572 1881 612 est:
1926 570 1999 625 qui

297 656 394 683 eum
432 640 610 683 dixisset
648 641 794 683 deberi
831 643 1003 683 eentum
1041 640 1326 696 quadraginta
1364 639 1518 695 libras,
1554 640 1683 696 paulo
1723 643 1822 696 post
1851 641 2001 683 intulit

296 712 379 755 duo
411 712 596 769 talenta,
627 728 704 768 per
733 713 875 755 iocum
908 712 1052 754 dicens
1084 712 1336 754 debentur
1374 712 1576 755 talenta
1612 714 1707 767 tot,
1748 714 1871 767 quot
1907 725 1999 767 ego

295 787 346 826 et
387 786 442 827 tu
488 800 670 827 sumus.
732 785 839 827 item
877 784 1092 827 Homerus
1129 784 1342 826 talentum
1381 784 1510 827 breve
1550 783 1753 840 quiddam
1803 782 2002 838 ostendit,

296 856 455 912 quippe
488 856 601 912 quod
633 856 800 911 aceepit
830 856 988 911 vietus,
1020 870 1116 899 eum
1148 856 1302 899 victori
1334 856 1447 899 levia
1479 855 1580 897 data
1611 856 1700 897 sint
1731 869 1918 896 munera.

414 928 513 971 264.
564 945 735 972 emmam
767 945 975 976 ANTIQVVM
1002 927 1074 970 hoe
1111 931 1169 970 est
1205 929 1374 982 antiquo
1413 941 1527 983 opere
1559 928 1735 980 factum,
1772 929 1820 968 ut
1847 926 1885 969 ei
1907 940 2000 981 pre-

297 1000 400 1042 tium
430 1002 582 1042 creseat
610 1013 660 1042 eoe
692 1003 875 1053 tempore.

415 1070 514 1114 265.
564 1088 711 1113 GAPERE
733 1087 901 1113 ITALJAM
927 1071 1114 1113 obtinere.

415 1143 513 1185 266.
564 1152 736 1185 DICERE
777 1153 961 1185 SORTEM
1006 1143 1206 1184 statuere.
1269 1142 1343 1184 alii
1387 1142 1559 1197 proprie
1600 1141 1795 1184 ‘ducere'
1841 1142 2004 1198 legunt,

295 1213 410 1269 quod
443 1216 510 1256 est
541 1214 742 1269 sortium,
779 1216 828 1255 ut
860 1213 952 1269 <VI
983 1214 1069 1269 22>
1110 1216 1217 1257 stat
1254 1213 1421 1256 ductis
1461 1214 1690 1255 sortibus
1728 1228 1864 1255 urna.
1917 1214 2004 1256 alii

297 1285 476 1329 edeicere'
511 1286 650 1341 leyunt
676 1286 898 1329 seeundum
928 1286 1036 1329 illud
1064 1285 1133 1340 <V
1151 1286 1267 1341 490>
1298 1286 1625 1339 deiectamque
1655 1299 1797 1327 aerea
1827 1288 2004 1327 sortem

295 1359 485 1413 aceepit
509 1358 674 1414 9alea,
704 1359 751 1400 id
778 1361 837 1401 est
865 1359 1008 1401 sortiri
1032 1358 1246 1413 praedam.

415 1429 515 1472 267.
574 1446 718 1472 VIDISTI
741 1446 814 1478 oro
841 1447 946 1473 rvfflv
955 1447 996 1473 rs
1019 1448 1067 1479 EQ
1075 1447 1119 1473 νο
1149 1431 1293 1473 melior
1317 1429 1568 1472 oeconomia:
1601 1428 1755 1471 Nisum
1778 1428 1912 1471 noluit
1939 1428 2002 1470 in-

295 1502 437 1544 ducere
457 1502 737 1555 postulantem
762 1515 908 1556 equum
936 1502 1071 1544 Turni
1094 1503 1277 1556 praemii
1303 1502 1403 1553 loeo,
1433 1501 1504 1543 secl
1531 1500 1736 1543 honestius
1764 1500 1868 1553 facit
1896 1500 2004 1543 ultro

296 1572 458 1629 offerri,
495 1586 587 1615 eum
624 1573 833 1616 Homerus
867 1573 1007 1626 feeerit
1035 1572 1238 1616 Dolonem
1269 1572 1446 1616 Achillis
1486 1586 1632 1615 currus
1668 1571 1834 1626 inprobe
1864 1575 2003 1628 postu-

298 1645 462 1688 lantem.
509 1631 512 1636 ¹

417 1716 517 1759 268.
566 1733 690 1760 IPSVM
714 1734 779 1759 ιιι
789 1733 840 1760 VM
869 1730 1016 1771 equum
1047 1716 1212 1771 scilieet,
1244 1716 1311 1759 cui
1335 1730 1385 1759 ex
1407 1716 1653 1771 pronomine
1683 1715 1844 1758 addidit
1873 1714 2004 1770 diyni-

298 1791 433 1831 tatem.

418 1860 517 1902 269.
566 1870 792 1902 EXCIPIAM
818 1871 956 1903 SORTI
988 1863 1106 1903 extra
1129 1863 1275 1903 sortem
1300 1873 1509 1915 seponam,
1541 1862 1588 1901 ut
1618 1859 1691 1901 tibi
1715 1859 1810 1901 dari
1832 1859 2005 1914 possint,

299 1932 345 1974 <id
373 1935 432 1975 est
459 1934 631 1987 praeter
662 1934 823 1975 sortem
856 1932 980 1975 dabo.
1100 1949 1174 1975 IAM
1197 1949 1303 1975 NVNC
1330 1935 1404 1974 aut
1436 1930 1538 1974 eiam
1569 1944 1679 1973 nune
1709 1929 1946 1984 excipiam'.

418 2004 517 2046 270.
565 2021 671 2047 MATR
682 2021 734 2046 VM
761 2017 852 2046 eum
883 2005 982 2046 dicit
1013 2002 1242 2055 ‘niatrum'‚
1272 2017 1357 2046 non
1387 2003 1518 2046 solum
1549 2016 1690 2045 sexum
1721 2002 1907 2056 ostendit,
1937 2002 2008 2044 sed

229 2083 248 2113 2
299 2076 423 2118 etiam
445 2079 616 2130 propter
645 2077 828 2119 muneris
860 2077 1022 2118 laudem
1051 2075 1139 2118 vult
1169 2076 1372 2117 ostendere
1399 2075 1608 2128 feeundas.

419 2148 518 2190 271.
569 2164 830 2197 σΑΡΤΙνοερνΕ
859 2165 980 2190 DABIT
1006 2147 1332 2191 subaudiendum
1364 2145 1446 2189 ‘bis
1476 2144 1580 2188 sex'.

419 2220 518 2262 272.
567 2231 766 2262 INSVPER
796 2231 872 2262 ms
906 2233 1033 2274 super
1064 2219 1187 2261 haec:
1219 2221 1278 2261 est
1305 2219 1486 2273 fiyurata
1511 2217 1709 2269 elocutio,
1719 2230 1797 2270 per
1821 2216 2006 2258 dativum

300 2305 452 2334 casum.
544 2302 688 2333 CAMPI
714 2302 840 2342 QVOD
866 2303 958 2333 REX
983 2301 1139 2332 HABET
1166 2301 1266 2332 IPSE
1291 2300 1494 2331 LArmvs
1527 2303 1621 2331 mos
1652 2287 1796 2329 fuerat
1826 2289 1875 2329 ut
1901 2287 2004 2330 viris

399 2412 417 2443 1
451 2409 546 2444 bene
578 2408 725 2444 addidit
755 2419 893 2454 magna
918 2418 949 2443 e.
977 2420 1011 2452 q.
1039 2406 1083 2453 s]
1118 2406 1164 2441 cf.
1191 2406 1240 2441 ad
1266 2405 1355 2441 Aen.
1383 2405 1415 2440 V
1444 2408 1510 2439 112
1547 2406 1559 2449 ΙΙ
1603 2409 1623 2440 6
1650 2404 1847 2450 debentur]
1883 2404 2005 2439 Plaut.

300 2456 462 2491 Mostell.
490 2456 544 2491 III
572 2461 602 2500 1,
631 2459 699 2490 114
718 2457 730 2502 ΙΙ
762 2460 781 2491 7
809 2455 1008 2502 Homerus]
1033 2455 1076 2490 11.
1102 2453 1225 2488 XXIII
1251 2458 1318 2489 263
1340 2464 1416 2498 sqq.
1437 2454 1450 2499 ΙΙ
1479 2456 1522 2487 18
1548 2452 1748 2498 Homerus]
1774 2452 1816 2488 Il.
1842 2451 1876 2486 X
1901 2456 1966 2487 321
1995 2452 2006 2497 Η

301 2507 345 2538 22
373 2504 477 2539 extra
502 2505 640 2539 sortem
666 2503 858 2549 seponam]
895 2502 941 2538 ef.
968 2502 1063 2539 Non.
1090 2514 1126 2547 p.
1153 2505 1233 2547 293,
1260 2505 1280 2536 9
1306 2500 1355 2537 M.
1392 2502 1404 2546 ΙΙ
1441 2503 1486 2536 28
1511 2511 1592 2535 mos
1618 2499 1741 2535 fuerat
1767 2510 1797 2534 e.
1825 2511 1860 2545 q.
1887 2500 1933 2546 s.]
1961 2500 2005 2535 cf.

301 2551 416 2587 schol.
443 2551 517 2586 vet.
543 2550 582 2585 in
607 2552 731 2586 Iuven.
758 2550 792 2585 11
820 2554 886 2586 132

397 2662 418 2693 2
443 2657 596 2704 talenti]
621 2657 767 2693 talenta
793 2657 829 2692 R
865 2657 983 2693 talem
1009 2657 1049 2691 F
1065 2659 1077 2703 ΙΙ
1102 2658 1140 2693 et
1164 2657 1279 2693 breue
1304 2656 1343 2692 et
1367 2667 1543 2701 magnum
1570 2653 1713 2699 aliquid
1738 2653 1775 2689 R
1793 2655 1805 2700 ΙΙ
1829 2657 1852 2688 4
1876 2653 2008 2698 planta

301 2706 342 2742 F
357 2707 368 2753 ΙΙ
396 2709 416 2741 5
444 2705 589 2752 deberi]
615 2716 681 2740 om.
708 2703 798 2747 AS,
824 2704 958 2739 debere
984 2705 1019 2739 L
1038 2706 1050 2750 ΙΙ
1070 2717 1127 2740 cm
1151 2704 1186 2739 L
1203 2706 1216 2750 11
1235 2708 1255 2739 6
1281 2715 1348 2749 per
1373 2703 1472 2739 icum
1499 2702 1646 2738 odicens
1673 2700 1740 2748 Fss
1760 2701 1860 2746 quod
1876 2701 1974 2735 HF
1995 2701 2006 2747 Η

301 2754 388 2800 ego]
416 2755 454 2789 et
480 2764 550 2799 ego
576 2753 611 2788 L
641 2754 653 2798 ΙΙ
687 2756 705 2788 7
734 2751 913 2798 ostendit]
948 2753 1048 2797 apud
1080 2764 1191 2798 quem
1215 2753 1254 2786 in
1280 2762 1460 2797 equorum
1487 2761 1597 2785 eursu
1620 2747 1774 2785 tertium
1799 2748 2006 2794 praemium

301 2803 357 2837 est
387 2801 490 2836 lebes
523 2801 657 2846 quarto
690 2800 818 2835 autem
849 2799 923 2834 duo
954 2800 1100 2835 talenta
1131 2801 1311 2845 argentea
1342 2800 1383 2834 ut
1413 2809 1526 2833 aurea.
1557 2797 1606 2845 τῷ
1639 2794 1682 2832 δὲ
1716 2794 1877 2841 τετάρτῳ
1905 2795 2003 2840 θῆκε

301 2846 379 2884 δύω
406 2853 558 2893 χρυσοῖο
585 2847 751 2884 τάλαντα
783 2846 867 2883 add.
893 2846 933 2881 D
970 2848 981 2893 ΙΙ
1018 2851 1039 2882 8
1066 2849 1151 2882 sunt
1175 2847 1211 2882 L
1241 2848 1254 2893 ΙΙ
1291 2851 1311 2882 9
1338 2847 1387 2882 acl
1413 2858 1571 2880 CRATERA
1596 2856 1620 2879 A
1643 2855 1671 2879 s.
1696 2854 1728 2879 v.
1755 2842 1910 2887 antiquo
1937 2870 1944 2878 .
1967 2869 2003 2878 ..

301 2898 471 2941 tempore
503 2896 612 2941 quasi
641 2895 724 2940 ipsa
754 2894 944 2930 uetustate
974 2894 1185 2929 mirabilem
1213 2895 1247 2929 T
1281 2896 1293 2940 ΙΙ
1330 2894 1390 2929 hie
1417 2896 1473 2928 est
1497 2892 1539 2928 F
1571 2893 1582 2937 ΙΙ
1622 2896 1662 2926 11
1690 2891 1739 2926 ad
1763 2901 1894 2925 cunm:
1918 2900 1945 2925 s.
1972 2901 2005 2925 v.

302 2944 470 2989 optinere
494 2944 526 2978 T
544 2945 555 2990 ΙΙ
576 2947 618 2978 12
646 2955 772 2978 DICERE
796 2941 837 2977 F
870 2954 1007 2978 nvcmm
1033 2941 1205 2977 Serviani
1230 2942 1317 2977 libri
1335 2942 1346 2988 ΙΙ
1365 2940 1431 2977 alii
1458 2939 1622 2975 ‘ducere’
1650 2938 1796 2983 legunt,
1823 2937 1923 2981 quod
1949 2938 2007 2973 est

303 2990 452 3037 proprie
479 2990 633 3026 sortium
657 2990 899 3026 Burmannus
917 2989 929 3035 ΙΙ
959 2992 1002 3023 14
1029 2988 1150 3024 deiere
1176 2989 1217 3024 F
1233 2990 1243 3036 ΙΙ
1273 2993 1317 3024 15
1344 2987 1466 3024 s'ortili
1491 2987 1532 3022 F
1545 2988 1558 3032 ΙΙ
1587 2990 1630 3020 16
1656 2984 1808 3020 meliore
1833 2984 1972 3020 Daniel
2003 2991 2005 3013 i

303 3038 547 3074 oeconnomia
572 3038 606 3073 G
641 3039 670 3083 ΙΙ,
693 3042 736 3073 18
769 3036 893 3074 offerri
917 3036 1072 3072 Daniel:
1105 3036 1201 3072 effiri
1226 3036 1267 3071 F
1300 3037 1312 3083 ΙΙ
1349 3035 1514 3071 dilonem
1539 3033 1579 3069 F
1618 3031 1801 3067 Didonem
1827 3032 1966 3068 Daniel
2005 3032 2007 3077 Ι

303 3091 348 3122 23
374 3097 440 3132 per
465 3086 499 3120 L
524 3086 690 3133 (praeter
716 3086 741 3130 2)
769 3086 782 3130 11
811 3086 966 3130 fortasse
989 3083 1029 3118 id
1055 3084 1112 3119 est
1135 3084 1211 3119 iam
1235 3095 1333 3119 nune
1359 3081 1540 3127 excipiam
1565 3081 1619 3116 vel
1643 3090 1707 3114 IAM
1731 3093 1763 3114 N.
1790 3092 1860 3115 ’ΝΑ
1879 3093 1915 3124 ⁴1».
1942 3081 2008 3115 aut

307 3134 345 3170 ‘i.
372 3146 406 3170 n.
434 3133 480 3169 e.'
509 3134 716 3169 dubitatum
741 3144 812 3168 esse
836 3133 979 3168 videtur
1002 3130 1078 3166 iam
1103 3142 1201 3166 nunc
1227 3135 1351 3167 utrum
1376 3130 1424 3165 ad
1450 3127 1632 3173 excipiam
1658 3138 1709 3162 an
1734 3127 1782 3162 ad
1807 3127 1874 3162 tua
1899 3138 2004 3172 prae-

305 3180 383 3216 mia
406 3181 633 3225 referendum
659 3184 744 3216 esset
763 3181 774 3226 ΙΙ
794 3184 839 3214 24
863 3180 970 3215 schol.
992 3178 1041 3215 ad
1064 3190 1209 3215 MATRVM
1234 3190 1252 3214 e
1276 3176 1480 3214 Turonensi
1499 3176 1612 3212 edidit
1631 3174 1780 3211 Daniel.
1813 3178 1864 3210 est
1888 3177 2006 3211 autem

310 3228 447 3265 Tiberii
470 3228 615 3265 Donati
644 3229 656 3273 ΙΙ
687 3231 731 3263 27
757 3228 916 3273 figurate
940 3226 1080 3263 locutio
1106 3225 1146 3261 F
