2092 3614
498 250 649 288 COMM,
674 249 728 287 IN
752 249 897 287 VERG.
922 248 1034 286 AEN.
1061 250 1131 285 VII
1158 251 1358 285 718—738.
1688 247 1772 290 189

63 361 272 417 appellati
304 361 568 417 sunt‚·quod
599 361 690 403 illic
722 359 898 416 plurimi
931 359 1201 402 abundavere
1234 360 1469 413 serpentes.
1576 368 1774 400 ACLIDES

62 444 184 481 ILLIS
211 444 330 475 TELA
363 432 520 475 aclides
553 434 654 474 sunt
685 432 773 474 tela
805 431 1018 487 quaedam
1052 429 1249 485 antiqua,
1282 429 1389 470 adeo
1421 431 1471 470 ut
1501 443 1775 484 nequaquam

64 506 455 547 commemorentur
495 504 540 546 in
582 503 708 546 bello.
769 503 930 558 legitur
969 503 1115 543 tamen
1157 500 1271 556 quod
1312 500 1399 542 sint
1440 500 1586 542 clavae
1627 500 1775 542 cubito

64 575 194 617 semis
237 575 397 630 factae,
444 575 733 618 eminentibus
774 575 876 617 hinc
918 576 961 616 et
1000 573 1102 615 hinc
1145 571 1432 614 acuminibus:
1478 585 1586 626 quae
1627 572 1690 613 ita
1730 572 1776 613 in

63 645 237 688 hostem
268 645 485 688 iaciuntur
511 646 719 701 religatae
751 646 845 688 loro
871 646 938 687 vel
964 644 1071 700 lino,
1102 646 1151 686 ut
1181 643 1370 698 peractis
1396 642 1648 684 vulneribus
1679 657 1774 697 pos-

66 717 155 758 sint
186 716 336 760 redire.
386 719 568 772 putatur
592 720 739 759 tamen
766 730 858 758 esse
886 716 962 758 teli
995 729 1150 772 genus,
1182 713 1296 770 quod
1327 713 1504 770 fiagello
1536 713 1579 755 in
1610 714 1775 755 inmen-

66 803 160 830 sum
192 788 275 831 iaci
306 789 463 843 potest.

186 860 283 902 732.
331 870 509 902 LAEVAS
552 870 734 901 CAETRA
777 870 922 901 Tnel'r
966 849 1103 900 caetra
1146 860 1205 899 est
1247 858 1415 899 scutum
1460 856 1647 911 loreum,
1691 871 1775 912 quo

65 932 246 972 utuntur
284 929 380 972 Afri
425 932 468 973 et
505 929 704 986 Hispani.
824 941 1025 973 FALCATI
1071 939 1311 971 conmmvs
1355 938 1498 970 ENSEs
1542 927 1777 970 adfectavit

66 1002 342 1044 varietatem:
381 1016 483 1044 nam
516 1016 780 1057 consequens
812 1001 955 1043 fuerat
986 1002 1034 1041 ut
1066 999 1229 1041 diceret
1260 998 1446 1040 ‘dextras
1479 1001 1653 1041 armant
1684 999 1772 1054 gla-

67 1072 126 1114 dii
158 1072 337 1115 falcati'.
397 1072 583 1115 falcatus
616 1075 760 1115 autem
792 1072 906 1115 ensis
939 1073 1006 1114 est
1036 1070 1189 1126 harpe,
1227 1084 1313 1125 qua
1343 1085 1446 1112 usus
1479 1072 1545 1112 est
1575 1069 1776 1112 Perseus:

66 1143 264 1186 Lucanus
309 1144 372 1186 ait
417 1143 507 1199 <IX
539 1145 654 1199 663>
699 1144 898 1199 harpen
948 1142 1169 1185 alterius
1221 1142 1438 1184 monstri
1481 1142 1581 1184 iam
1625 1142 1776 1185 caede

68 1215 351 1257 rubentem.

188 1287 286 1329 734.
336 1298 516 1330 OEBALE
543 1286 731 1329 Oebalus
764 1285 880 1328 filius
907 1288 974 1328 est
998 1284 1171 1327 Telonis
1206 1286 1248 1326 et
1274 1284 1491 1340 nymphae
1518 1283 1778 1327 Sebethidis.

66 1358 172 1400 haec
210 1359 352 1400 autem
392 1360 458 1400 est
494 1358 615 1400 iuxta
647 1357 889 1412 Neapolim.
953 1357 1027 1399 sed
1058 1355 1163 1398 Telo
1203 1355 1274 1398 diu
1314 1356 1514 1412 regnavit
1553 1356 1665 1411 apud
1699 1355 1778 1398 Ca-

67 1443 214 1485 preaS‚
243 1428 426 1471 insulam
462 1431 612 1471 eontra
637 1428 865 1483 Neapolim
895 1428 1036 1470 sitam.
1085 1426 1201 1468 filius
1234 1441 1335 1469 vero
1369 1427 1477 1483 eius,
1508 1427 1662 1483 patriis
1691 1442 1778 1469 non

68 1502 295 1542 contentus
334 1500 547 1555 imperiis,
583 1499 759 1542 transiit
797 1499 851 1541 ad
884 1496 1167 1554 Campaniam
1205 1500 1249 1539 et
1287 1498 1436 1540 multis
1474 1498 1646 1553 populis
1679 1499 1778 1540 sub-

71 1571 231 1627 iugatis
264 1586 389 1614 suum
421 1571 620 1614 dilatavit
651 1570 891 1626 imperium.

187 1642 283 1685 735.
334 1654 588 1685 Tnnnssovm
628 1653 835 1684 CAPREAS
875 1652 970 1684 cvm
1008 1651 1168 1683 REGNA
1211 1651 1432 1682 TENERET
1475 1655 1571 1683 cum
1612 1643 1780 1683 teneret

69 1713 276 1769 Capreas,
313 1727 447 1769 regna
485 1712 738 1755 Teleboum:
774 1727 875 1755 nam
914 1712 1128 1755 Teleboae
1166 1710 1428 1768 Caprearum
1473 1714 1574 1754 sunt
1616 1712 1778 1768 populi,

70 1799 178 1840 quos
217 1784 323 1826 Telo
363 1799 439 1827 suo
481 1784 662 1840 regebat
701 1784 894 1839 imperio.
955 1784 1126 1838 qnidam
1162 1784 1305 1826 dicant
1334 1783 1515 1838 Capreas
1551 1798 1578 1825 a
1601 1783 1779 1838 Capreo,

68 1857 141 1910 qni
170 1856 217 1898 in
248 1856 334 1899 illis
363 1856 595 1910 reqionibus
618 1858 764 1909 potens
791 1855 892 1910 finit,
922 1856 1171 1898 nominatas.

190 1927 286 1970 738.
332 1938 579 1970 SARRASTIS
606 1937 815 1969 POPVLOS
847 1927 995 1982 populi
1016 1925 1278 1982 Campaniae
1305 1929 1406 1968 sunt
1432 1941 1457 1968 a
1478 1925 1613 1969 Sarno
1634 1926 1780 1969 fluvio.

71 1997 212 2041 Conon
243 2000 289 2041 in
320 2013 362 2041 eo
395 1999 515 2054 libro,
547 2012 664 2053 quem
695 1999 743 2040 cle
772 1997 906 2040 Italia
935 1999 1118 2054 scripsit,
1147 1999 1344 2052 quosdam
1374 1997 1568 2052 Pelasyos
1598 1998 1780 2051 aliosque

70 2083 119 2112 ex
138 2069 411 2123 Peloponneso
437 2083 636 2112 convenas
661 2070 719 2112 acl
741 2083 832 2112 enm
858 2069 989 2111 locum
1013 2068 1167 2111 Italiae
1190 2069 1343 2111 venisse
1373 2069 1489 2120 dicit,
1520 2069 1588 2111 cni
1616 2069 1779 2111 nnllam

165 2202 186 2234 2
213 2198 353 2234 aclides
379 2208 410 2234 e.
437 2211 472 2243 q.
500 2198 545 2245 s.]
573 2199 618 2235 cf.
645 2199 741 2234 Non.
768 2210 802 2244 p.
831 2200 911 2241 554,
931 2200 954 2232 4
979 2198 1019 2232 et
1042 2197 1128 2232 Isid.
1156 2208 1207 2232 or.
1227 2196 1350 2232 XVIII
1371 2200 1402 2240 7,
1424 2201 1443 2232 7
1464 2197 1516 2243 118
1542 2208 1676 2231 cAmRA
1702 2208 1779 2232 scu-

72 2247 154 2281 tum
180 2274 189 2282 .
211 2274 218 2281 .
241 2273 248 2281 .
275 2246 447 2292 Hispani]
475 2258 588 2282 exscr.
615 2246 702 2283 lsid.
730 2256 780 2280 or.
806 2245 929 2280 XVIII
958 2248 1013 2289 12,
1040 2248 1071 2280 5.
1098 2244 1143 2280 cf.
1170 2245 1265 2281 Non.
1292 2257 1328 2290 p.
1355 2247 1436 2289 555,
1463 2249 1483 2280 6
1508 2245 1520 2291 ΙΙ
1548 2248 1592 2279 14
1618 2243 1779 2279 Oebalus

101 2321 110 2329 .
133 2322 140 2330 .
166 2293 382 2340 imperium]
409 2304 523 2329 exscr.
549 2294 736 2340 mythogr.
762 2293 797 2329 II
823 2297 890 2330 187

169 2417 186 2447 1
214 2411 367 2458 plurimi
392 2422 458 2447 om.
484 2411 521 2447 R
539 2413 551 2459 11
577 2412 811 2447 abundarent
836 2411 877 2447 F
892 2412 904 2458 ΙΙ
929 2411 1137 2457 serpentes]
1162 2422 1251 2447 nam
1275 2421 1408 2457 graece
1435 2407 1523 2454 ὄφις
1549 2422 1698 2456 serpens
1725 2410 1779 2445 di-

73 2459 171 2495 citur
196 2460 279 2495 add.
301 2459 339 2494 D
358 2460 370 2506 ΙΙ
388 2471 535 2495 Acmnns
561 2460 665 2504 libri,
691 2460 766 2495 nisi
790 2460 886 2505 qnod
910 2471 1032 2494 Acmm
1059 2458 1099 2494 F
1115 2460 1126 2505 ΙΙ
1145 2462 1166 2493 2
1192 2469 1428 2504 nequaquam
1453 2457 1506 2493 L:
1532 2458 1780 2503 nequicquam

73 2507 114 2542 H
151 2518 219 2542 nec
242 2518 400 2551 usquam
423 2508 555 2552 reliqui
572 2509 585 2553 ΙΙ
603 2512 623 2543 3
651 2507 1029 2543 commemorarentur
1055 2506 1125 2542 SR
1134 2507 1200 2542 Ml
1219 2507 1230 2553 ΙΙ
1250 2506 1372 2542 subito
1398 2506 1443 2540 H
1458 2507 1470 2552 ΙΙ
1489 2510 1511 2540 4
1537 2517 1633 2541 sems
1658 2506 1779 2541 factae

71 2554 107 2589 L
143 2554 264 2590 saeuis
294 2553 389 2589 {acie
414 2554 460 2589 H
498 2555 605 2590 sertis
635 2555 758 2590 factae
787 2555 835 2589 M
871 2556 909 2589 et
940 2553 1052 2589 semis
1086 2553 1208 2589 factae
1241 2553 1444 2589 Fabricius
1479 2555 1490 2600 ΙΙ
1527 2552 1778 2599 acuminibus]

72 2601 295 2647 quibusdam
320 2602 405 2637 add.
433 2601 567 2637 SRFl
585 2604 597 2647 ΙΙ
615 2601 655 2637 in
680 2603 761 2637 oste
787 2601 816 2637 S
831 2603 844 2648 ΙΙ
873 2605 894 2636 5
919 2600 1044 2636 uelino
1070 2600 1109 2636 F
1125 2602 1137 2647 ΙΙ
1167 2605 1188 2637 6
1213 2600 1350 2647 redire]
1377 2601 1425 2636 ad
1452 2600 1622 2636 dominos
1648 2600 1779 2645 (domi-

72 2661 161 2684 num
181 2649 234 2694 F)
260 2649 398 2683 reuerti
417 2648 488 2684 SR
496 2649 537 2684 F
561 2650 609 2685 ad
634 2649 802 2685 dominos
827 2647 947 2684 redire
967 2649 980 2683 l
998 2649 1010 2695 ΙΙ
1029 2649 1208 2693 putantur
1227 2648 1256 2684 S
1273 2649 1285 2695 ss
1303 2648 1386 2694 teli]
1414 2647 1483 2683 leti
1502 2649 1551 2683 M
1577 2648 1683 2693 (loeti
1700 2648 1749 2691 m)
1769 2648 1780 2693 Η

72 2696 264 2741 flagellum
290 2696 389 2731 HM
429 2708 495 2741 per
518 2696 709 2742 flagellum
735 2697 774 2731 D
804 2698 816 2741 ΙΙ
847 2696 896 2732 ad
927 2695 1067 2731 aclides
1091 2696 1134 2731 in
1158 2707 1271 2741 mary.
1299 2696 1370 2731 hoc
1395 2707 1511 2740 genus
1537 2696 1605 2731 teli
1630 2694 1780 2741 flagello

75 2746 228 2788 aptatur
253 2744 295 2778 ut
319 2742 392 2778 iaci
416 2744 538 2788 possit
562 2746 600 2779 et
625 2743 812 2779 destinata
843 2744 1037 2788 percutere
1065 2743 1099 2777 T
1133 2744 1145 2789 ΙΙ
1183 2748 1203 2779 8
1229 2756 1363 2778 nem-:TA
1389 2743 1433 2778 H
1440 2784 1446 2789 ,
1465 2744 1477 2789 ΙΙ
1514 2747 1534 2778 9
1568 2743 1676 2788 spani
1701 2742 1742 2777 F
1770 2742 1782 2788 ΙΙ

74 2790 280 2826 adfectavit
299 2818 306 2825 .
329 2818 336 2825 .
359 2818 366 2825 .
387 2789 519 2826 falcati
544 2801 610 2826 om.
630 2791 664 2825 L
691 2791 789 2836 (add.
812 2791 837 2834 l)
857 2791 869 2836 n
890 2794 934 2825 10
960 2791 1002 2825 ut
1026 2789 1183 2844 diceret]
1211 2801 1278 2826 om.
1299 2790 1352 2834 H,
1379 2789 1502 2825 dicere
1524 2791 1573 2825 M
1589 2791 1601 2836 11
1623 2794 1662 2825 11
1691 2801 1780 2835 arpe

73 2837 114 2872 F
147 2849 261 2884 arpen
287 2838 419 2883 reliqui
448 2839 460 2884 ΙΙ
497 2849 571 2883 qua
595 2838 728 2873 SLH:
755 2849 827 2882 quo
854 2837 996 2873 RMF
1023 2839 1036 2884 ΙΙ
1074 2842 1116 2873 12
1143 2839 1196 2873 ait
1221 2849 1287 2873 om.
1315 2837 1436 2873 SRF
1463 2839 1475 2883 ΙΙ
1511 2849 1626 2883 arpen
1652 2838 1739 2873 libri
1769 2838 1781 2883 Η

0 2895 9 2930 g
78 2888 121 2919 14
147 2885 243 2920 filius
268 2896 334 2921 om.
363 2885 404 2920 H
421 2886 433 2931 ss
462 2885 658 2920 sebetridis
684 2885 860 2930 nimphae
885 2884 922 2919 R
947 2885 959 2931 ΙΙ
990 2885 1241 2933 sebethi-issdis
1267 2884 1297 2921 S
1331 2884 1527 2920 sebetridis
1553 2885 1638 2920 LH
1676 2884 1780 2919 sebe-

74 2931 209 2967 thridis
237 2932 358 2979 MFn
389 2936 431 2967 15
458 2932 528 2968 hoc
554 2932 582 2968 S
600 2933 612 2979 ΙΙ
636 2932 739 2968 telon
764 2931 900 2967 SRFl
918 2933 930 2979 11
955 2932 1055 2978 apud
1080 2943 1146 2968 om.
1172 2933 1257 2967 LH
1280 2933 1379 2977 (add.
1406 2933 1462 2977 lh)
1487 2934 1499 2979 ss
1530 2936 1573 2967 16
1600 2932 1687 2967 v'ero
1714 2942 1779 2966 om.

77 2980 125 3014 M
142 2981 154 3026 ΙΙ
172 2979 290 3025 patris
315 2991 390 3015 non
417 2981 612 3015 contentus
637 2979 794 3024 imperio
815 2979 886 3014 SR
904 2980 916 3026 ss
937 2983 979 3015 17
999 2980 1134 3015 transit
1155 2980 1202 3014 M
1219 2981 1231 3026 ΙΙ
1250 2979 1456 3025 subiugatis
1474 2990 1541 3014 om.
1556 2980 1590 3014 L
1610 2980 1708 3025 (add.
1724 2980 1751 3023 l)
1771 2981 1781 3020 Ἰ

79 3030 121 3061 19
146 3039 349 3062 rsnnnonvu
376 3027 463 3062 LH
478 3028 489 3073 ΙΙ
517 3031 563 3062 20
589 3038 763 3072 capraeas
783 3026 819 3062 R
837 3027 850 3072 ΙΙ
868 3027 1078 3062 teleboeum
1100 3027 1186 3061 LH
1201 3028 1212 3072 ΙΙ
1231 3026 1402 3061 teleboac
1428 3027 1525 3062 SM:
1553 3027 1719 3062 teleboes
1746 3026 1781 3059 Ji

76 3073 221 3110 teleboe
249 3074 336 3109 LH
367 3075 508 3110 teleboi
532 3075 573 3109 F
588 3076 600 3120 ΙΙ
631 3079 673 3110 21
701 3074 805 3109 telon
830 3074 966 3109 151er
984 3075 996 3120 ΙΙ
1021 3074 1173 3119 quidam
1200 3102 1208 3110 .
1230 3101 1239 3109 .
1260 3102 1268 3109 .
1294 3073 1504 3109 nominatas
1529 3085 1547 3109 e
1575 3073 1782 3109 Turonensi

77 3120 191 3161 edidit
215 3121 354 3157 Daniel
377 3123 389 3168 ΙΙ
420 3126 464 3156 23
492 3134 700 3157 sAnnAsrms
726 3122 844 3168 libriu
874 3121 936 3156 hic
960 3121 1091 3167 populi
1117 3124 1204 3156 sunt
1229 3120 1447 3166 campaniae
1473 3120 1513 3156 F
1529 3122 1540 3167 ΙΙ
1572 3131 1673 3155 sarto
1699 3118 1786 3153 LH

80 3167 203 3210 (sarno
229 3169 255 3212 l)
287 3180 397 3204 surno
424 3168 464 3204 F
497 3170 508 3215 ΙΙ
545 3173 591 3204 24
623 3168 749 3204 Conon
782 3197 789 3206 .
819 3196 827 3204 .
854 3197 861 3204 .
896 3168 1147 3204 condiderunt·
1175 3179 1192 3203 e
1221 3165 1253 3202 T
1252 3169 1427 3204 tironensi
1457 3169 1572 3204 edidit
1596 3167 1734 3201 Daniel
1770 3166 1781 3211 Η

79 3217 124 3247 25
150 3214 394 3260 peloponesso
423 3217 455 3250 T

1801 652 1822 683 27!

1805 1010 1848 1041 10

1806 1366 1848 1398 15

1804 1723 1850 1754 20
