2092 3614
538 267 688 304 COMM.
715 268 768 303 IN
792 266 936 303 VERG.
963 267 1075 303 AEN.
1101 267 1154 302 XI
1179 270 1380 303 ess-672.
1729 264 1817 306 555

105 378 265 421 activo:
296 393 397 421 nam
431 377 649 420 ‘nutritor'
681 392 760 433 pro
793 375 941 419 ‘nutri'
973 377 1129 432 posuit.
1191 376 1291 419 inde
1324 377 1389 418 est
1421 390 1443 418 e
1476 376 1627 418 contra
1658 373 1731 430 <II
1761 374 1816 429 8>

104 465 202 492 nox
234 450 406 492 umida
437 450 583 492 caelo
615 448 944 505 praecipitat.

226 522 324 565 661.
375 533 675 564 HIPPOLYTEN
706 521 812 563 haec
838 521 1107 562 Amazonum
1139 519 1222 561 fuit
1251 520 1415 576 regina,
1447 520 1515 561 cui
1546 519 1685 561 vietae
1711 518 1818 560 Her-

108 593 223 635 cules
264 593 457 635 balteum
496 591 686 635 sustulit.
746 591 870 634 huius
905 591 998 645 filia
1026 591 1113 644 fuit
1142 591 1345 645 Antiopa,
1382 604 1507 645 quarn
1542 589 1720 632 Theseus
1750 604 1817 632 ra-

100 665 207 718 puit,
237 665 346 708 uude
363 664 629 719 Hippolytus.
719 673 899 704 MARTIA
931 664 1006 704 aut
1037 661 1260 717 bellicosa,
1287 655 1367 704 'aut
1386 662 1539 703 Martis
1565 661 1667 703 filia.
1716 675 1820 715 quae

107 736 159 778 ab
190 735 351 778 Achille
382 736 514 778 occisa
544 748 592 776 ac
622 736 787 776 mortua
817 734 1016 776 adamata
1046 736 1125 776 est:
1163 736 1210 775 ut
1239 747 1322 776 riou
1352 734 1461 776 nulli
1490 746 1580 775 vero
1612 733 1819 784 adscruut,

107 821 198 850 cum
229 807 389 849 Achille
419 806 642 861 concubuit,
673 808 711 847 et
739 819 790 847 ex
819 819 862 847 eo
894 804 1114 860 Caystrum
1143 806 1280 860 filium
1311 806 1447 857 edidit,
1478 818 1528 847 ex
1557 818 1635 858 quo
1665 804 1821 857 flumen

107 879 267 934 Lydiae
296 878 359 920 ita
388 877 632 931 appellatur.
736 894 891 919 REFERT
919 879 1056 919 autem
1086 880 1162 919 aut
1191 877 1336 919 addita
1366 879 1425 919 est
1446 876 1701 930 praepositio
1734 874 1820 930 ‘rc’‚

107 951 154 993 id
181 953 241 993 est
270 948 394 1003 (ἵεντ’,
423 952 499 991 aut
527 951 689 990 mutata
712 962 793 1002 pro
814 947 994 1001 ·‘iufert'.

229 1021 328 1063 662.
385 1035 589 1063 VLVLANTE
621 1036 810 1063 TVMVLTV
843 1020 1052 1063 ululatum
1081 1023 1227 1063 veteres
1258 1021 1382 1063 etiarn
1412 1032 1562 1071 vocem,
1599 1032 1703 1073 quac
1733 1019 1820 1061 red-

109 1093 223 1136 ditur
251 1093 373 1134 iuitio
399 1092 560 1146 proelii,
591 1091 787 1146 dicebaut,
818 1105 944 1145 quam
970 1092 1121 1135 Graeci
1152 1089 1374 1146 ὀλολυγήν
1405 1091 1613 1133 vocabant.

230 1166 329 1208 664.
380 1176 509 1216 QVEM
541 1175 666 1206 'runo
699 1175 883 1206 PRIMVM
915 1175 1067 1207 Dmcls
1100 1163 1380 1207 Homericum
1418 1165 1484 1205 est
1517 1161 1823 1217 interrogatio-

110 1251 208 1279 nem
243 1236 297 1278 ad
328 1237 469 1291 ipsum
502 1235 674 1288 referre,
707 1235 780 1291 qui
812 1236 1083 1291 describitur,
1118 1250 1214 1278 cum
1246 1249 1401 1289 semper
1432 1235 1490 1277 sic
1515 1249 1663 1277 musae
1691 1233 1825 1275 inter-

111 1308 256 1364 rogari
288 1308 608 1363 consueverint,
647 1309 696 1349 ut
728 1306 817 1360 <IX
850 1307 966 1362 523>
998 1321 1107 1362 vos,
1147 1322 1171 1349 0
1205 1305 1463 1362 Calliope,
1501 1320 1699 1361 precor,
1738 1305 1824 1347 ad-

112 1379 310 1435 spirate
356 1379 575 1421 canenti.
708 1389 886 1420 ASPERA
928 1389 1073 1421 VIRGO
1119 1377 1345 1433 epitheton
1388 1378 1442 1420 ad
1488 1376 1678 1420 officium
1723 1376 1825 1419 belli

113 1451 364 1507 respiciens,
397 1450 504 1492 alias
536 1450 771 1506 incongrue
802 1449 1014 1506 virginem
1047 1456 1244 1504 asperam
1276 1449 1470 1493 dicimus,

233 1523 331 1564 666.
380 1534 572 1565 EVNEVM
613 1521 714 1577 quia
745 1520 902 1563 Latina
935 1524 1001 1563 est
1032 1521 1281 1576 declinatio,
1319 1521 1415 1563 ideo
1449 1520 1532 1562 ene'
1566 1519 1726 1575 accipit
1759 1534 1826 1562 ac-

114 1595 302 1636 centum:
333 1608 432 1635 nam
467 1592 630 1635 Statius
664 1592 764 1649 quia
798 1605 951 1647 graece
983 1592 1228 1645 declinavit,
1260 1606 1462 1648 graecum
1496 1594 1722 1634 accentum
1754 1606 1828 1646 po-

114 1666 202 1707 suit
233 1666 378 1708 dicens
406 1665 610 1707 Euneos
643 1667 761 1707 ante
789 1667 838 1706 et
863 1678 993 1706 nunc
1020 1667 1138 1707 ante
1166 1663 1334 1706 Thoas
1362 1666 1406 1706 et
1432 1664 1646 1706 Euneon
1673 1663 1830 1706 audit.

234 1737 332 1779 667.
382 1748 540 1779 LONGA
555 1747 723 1778 ABIETE
742 1735 870 1778 hasta
893 1735 1088 1778 abietali:
1108 1751 1211 1778 nam
1226 1736 1423 1779 arborem
1437 1750 1516 1792 pro
1531 1735 1659 1777 hasta
1672 1734 1831 1790 posuit.

236 1808 334 1850 671.
385 1819 591 1851 SVFFVSO
633 1821 805 1850 casuro:
843 1822 945 1849 nam
977 1806 1160 1849 ‘suffusi’
1194 1807 1294 1863 equi
1326 1807 1527 1850 dicuntur
1559 1821 1666 1862 quos
1699 1807 1830 1861 vulgo

116 1880 447 1935 incespitatores
480 1882 649 1923 vocant.
694 1878 770 1921 alii
802 1877 1020 1921 ‘suffosso'
1054 1879 1219 1935 legunt,
1251 1878 1295 1921 id
1327 1882 1393 1922 est
1424 1878 1648 1935 praecipiti
1677 1880 1720 1920 et
1744 1878 1831 1920 iam

118 1952 299 1995 cadenti.

237 2024 334 2066 672.
383 2035 485 2066 DVM
517 2034 652 2066 SVBIT
687 2023 865 2078 scilicet,
897 2022 997 2065 dum
1031 2037 1076 2065 se
1109 2023 1162 2065 ad
1196 2021 1556 2065 sustentationem
1582 2021 1746 2064 ruentis
1771 2021 1832 2063 in-

216 2168 260 2201 18
287 2163 445 2211 Statius]
473 2164 586 2200 Theb.
616 2164 667 2200 VI
692 2168 761 2200 433
788 2165 826 2200 et
850 2168 922 2200 464

219 2302 235 2332 1
264 2296 406 2342 posuit]
434 2294 486 2330 sic
512 2295 611 2340 apud
639 2294 855 2331 Ciceronem
880 2294 919 2329 in
947 2294 1078 2330 officiis
1106 2295 1135 2335 (Ι
1161 2297 1218 2337 25,
1246 2296 1305 2341 88)
1339 2294 1472 2339 ‘neque
1498 2294 1547 2329 ad
1574 2292 1651 2330 eius
1678 2293 1742 2339 qui
1767 2306 1833 2339 pu-

121 2345 221 2381 nitur
253 2343 415 2389 aliquem
454 2345 521 2378 aut
544 2342 670 2378 uerbis
698 2342 862 2388 castigat
886 2343 950 2377 sed
977 2343 1024 2377 ad
1050 2341 1104 2377 rei
1129 2342 1302 2387 publicae
1327 2341 1530 2377 utilitatem
1557 2341 1700 2376 referri’
1729 2342 1834 2387 puni-

120 2395 181 2428 tur
206 2403 272 2437 pro
300 2390 409 2437 punit
433 2391 517 2426 add.
546 2390 747 2426 Fabricius
766 2391 777 2436 ΙΙ
802 2390 901 2426 unde
927 2390 1021 2425 ΕΜ
1039 2391 1050 2437 ΙΙ
1076 2401 1095 2424 e
1121 2401 1188 2425 om.
1214 2390 1288 2425 AS
1306 2391 1317 2436 ΙΙ
1349 2394 1369 2424 2
1395 2389 1541 2436 umida]
1567 2388 1702 2424 timida
1726 2388 1799 2424 AS

122 2439 363 2486 praecipitat]
391 2450 457 2484 pro
483 2438 753 2483 praecipitatur
773 2438 937 2474 activum
962 2449 1029 2483 pro
1050 2437 1196 2483 passivo
1222 2438 1309 2474 add.
1324 2437 1526 2473 Fabricius
1544 2438 1556 2481 ΙΙ
1575 2441 1596 2472 3
1622 2437 1747 2472 fuerat
1765 2437 1801 2471 R

123 2487 184 2522 cui
209 2499 275 2523 om.
303 2486 343 2521 F
369 2488 382 2532 ss
412 2485 514 2521 uicta
539 2485 580 2520 F
609 2487 621 2531 ΙΙ
653 2491 674 2521 4
701 2485 857 2531 suscipit
881 2485 922 2520 F
948 2486 961 2531 ΙΙ
992 2484 1102 2520 huius
1131 2513 1138 2520 .
1161 2513 1168 2521 .
1190 2513 1198 2520 .
1224 2485 1415 2530 yppolitus
1442 2486 1522 2530 (sic)
1547 2485 1628 2520 hab.
1660 2484 1693 2518 T
1721 2485 1734 2529 ΙΙ
1763 2483 1849 2519 fuit·

122 2546 186 2571 om.
210 2534 250 2569 F
265 2535 277 2581 ΙΙ
309 2534 500 2579 anthyopa
529 2533 561 2567 Τ
578 2534 590 2580 ΙΙ
621 2537 642 2568 5
667 2532 850 2579 ippolitur
875 2533 915 2568 F
930 2533 942 2578 ΙΙ
973 2544 1000 2568 s.
1028 2545 1060 2568 v.
1089 2536 1156 2568 662
1183 2533 1275 2568 haec
1303 2534 1350 2568 ab
1376 2532 1512 2568 achille
1538 2531 1662 2567 occisa
1689 2559 1696 2567 .
1718 2561 1725 2568 .
1747 2561 1754 2568 .
1781 2533 1836 2567 ita

124 2583 182 2618 est
206 2582 436 2627 appellatum
467 2581 500 2616 Τ
514 2582 526 2627 11
555 2586 578 2616 6
606 2583 647 2616 ut
672 2592 760 2616 uero
785 2592 860 2616 non
885 2580 980 2616 nulli
1006 2581 1176 2615 asserunt
1204 2581 1237 2615 T
1259 2582 1272 2625 ΙΙ
1305 2584 1325 2616 7
1352 2580 1514 2615 achillea
1539 2580 1579 2614 F
1595 2582 1607 2625 ΙΙ
1640 2581 1678 2615 et
1703 2579 1835 2614 exinde

123 2630 241 2665 filium
268 2630 456 2674 caystrum
481 2628 632 2664 nomine
656 2629 688 2663 T
704 2629 717 2674 ΙΙ
736 2631 757 2663 8
785 2627 890 2674 lydia
916 2630 954 2663 et
978 2628 1033 2663 ita
1054 2627 1094 2663 F
1108 2629 1121 2673 ss
1140 2629 1196 2675 re]
1222 2627 1277 2663 rei
1297 2628 1336 2662 F
1352 2630 1364 2673 ΙΙ
1384 2632 1429 2662 10
1449 2628 1499 2663 ad
1517 2638 1548 2662 v.
1571 2631 1639 2663 662
1659 2628 1702 2662 iu
1720 2638 1834 2673 mary.

123 2677 238 2712 refert
270 2677 336 2711 aut
367 2676 479 2711 uacat
504 2687 542 2711 re
575 2677 640 2710 aut
670 2676 784 2711 infert
810 2675 999 2721 significat
1023 2679 1055 2710 et
1079 2675 1264 2711 ululatum
1299 2677 1443 2711 ueteres
1476 2674 1653 2710 dicebant
1679 2677 1704 2718 (ἶ
1728 2674 1836 2709 initio

124 2724 216 2759 belli
241 2723 409 2759 redditur
438 2723 499 2767 ΤΙΙ
529 2722 673 2758 ululare
701 2723 768 2769 Fu
798 2723 933 2758 reddat
957 2723 990 2759 G·
1009 2725 1021 2768 ΙΙ
1054 2727 1095 2757 11
1122 2723 1215 2758 uitio
1243 2723 1310 2769 Fss
1341 2735 1450 2767 quem
1480 2722 1514 2757 G
1532 2723 1544 2767 ΙΙ
1576 2734 1738 2757 οΛοΑτΗΝ
1764 2721 1804 2756 F
1826 2722 1837 2767 ss

127 2776 170 2806 12
196 2784 317 2806 11111011·
343 2771 417 2805 AS
444 2772 456 2815 ΙΙ
495 2774 538 2805 13
565 2770 804 2817 describitur]
833 2771 899 2816 (Il.
927 2770 1011 2805 XVI
1038 2772 1120 2816 692)
1148 2769 1247 2806 ἔνθα
1272 2773 1357 2805 τίνα
1382 2770 1529 2814 πρῶτον
1556 2798 1563 2806 .
1587 2797 1594 2804 .
1615 2797 1622 2804 .
1651 2767 1837 2804 κάλεσσαν

126 2820 209 2855 add.
242 2818 471 2863 Fabricius„
492 2817 541 2852 sit
568 2817 608 2852 F
624 2819 635 2863 ΙΙ
660 2817 890 2863 interrogare
916 2818 989 2853 AS
1006 2819 1019 2863 ΙΙ
1051 2821 1094 2853 17
1120 2830 1288 2853 svmmvm
1314 2818 1352 2852 1⁴*
1369 2819 1381 2864 Η
1404 2817 1466 2863 ne]
1494 2828 1562 2852 nec
1588 2817 1634 2851 H
1664 2827 1738 2851 non
1765 2817 1805 2851 F
1827 2817 1837 2863 {l

127 2871 170 2902 19
205 2878 349 2901 euneon
382 2865 464 2900 adit
495 2867 582 2900 ante
613 2866 698 2900 thos
724 2864 796 2899 AS
840 2876 958 2900 eunea
990 2865 1164 2901 audiente
1196 2866 1304 2901 thoas
1330 2865 1366 2900 R
1411 2876 1581 2900 euneuna
1614 2864 1721 2899 audit
1752 2866 1839 2899 ante

126 2914 211 2949 thas
238 2914 283 2948 Η
317 2924 460 2948 euneon
486 2912 592 2947 audit
618 2914 704 2948 ante
730 2912 840 2948 thoas
867 2913 916 2947 M
956 2924 1095 2948 euneon
1120 2913 1227 2948 audit
1250 2913 1364 2948 anthe
1390 2913 1498 2947 thoas
1524 2912 1572 2947 F.
1609 2913 1700 2947 duos
1726 2912 1841 2947 Statii

125 2972 249 2996 versus
280 2961 331 2995 VI
357 2965 426 2995 433
453 2963 485 2994 et
510 2963 580 2995 464
616 2972 640 2995 a
671 2959 797 2995 Servio
835 2960 1004 2995 laudatos
1044 2971 1115 2996 esse
1150 2961 1245 2996 vidit
1276 2960 1323 2996 F.
1350 2960 1550 2995 Schoellius
1586 2961 1630 2995 de
1666 2971 1738 2995 acc.
1767 2960 1787 2994 l.
1817 2961 1838 2995 l.

122 3021 160 3053 p.
188 3013 257 3043 210
294 3009 306 3055 ΙΙ
345 3012 389 3043 20
415 3008 525 3042 hasta
551 3035 558 3043 .
582 3035 589 3043 .
612 3036 618 3043 .
646 3007 833 3053 arborem]
869 3007 982 3052 longa
1014 3007 1123 3043 hasta
1154 3008 1269 3053 longa
1294 3007 1415 3042 abiete
1442 3007 1612 3042 arborem
1639 3006 1738 3042 enim
1764 3007 1804 3040 F
1830 3007 1841 3052 Η

128 3056 281 3091 abetata
306 3055 341 3090 A
369 3056 476 3100 (corr.
503 3056 539 3098 a)
578 3054 754 3090 abiectali
779 3055 819 3089 H
845 3055 857 3101 fl
890 3058 933 3089 21
961 3066 1111 3090 sowoso
1137 3055 1173 3090 R
1212 3066 1366 3091 svssosA
1392 3055 1437 3089 H
1451 3056 1463 3101 ss
1494 3054 1624 3090 suffusi
1649 3054 1770 3089 ASH
1778 3054 1826 3088 M
1832 3068 1840 3088 z

128 3103 254 3138 suffosi
279 3102 364 3138 RF
392 3104 404 3148 ΙΙ
441 3106 486 3137 22
514 3102 796 3147 incespitatores
821 3101 927 3137 RM:
962 3103 1204 3148 incespitores
1230 3102 1304 3137 AS
1340 3101 1682 3146 intercespitateres
1709 3101 1754 3135 H
1786 3101 1840 3135 in-

129 3150 356 3195 cepitatores
382 3150 423 3185 F
458 3150 702 3195 cespitatores
728 3149 929 3184 Fabricius
947 3151 960 3195 ΙΙ
993 3150 1145 3186 suffosso
1171 3150 1224 3185 F:
1254 3149 1347 3184 suffo
1372 3149 1409 3184 R
1447 3149 1585 3185 suffuso
1611 3149 1753 3193 reliqui.
1793 3149 1839 3192 cf.

137 3198 314 3244 Wayrieri
338 3201 371 3233 et
395 3197 587 3233 Ribbeckii
612 3198 735 3232 adnot.
762 3197 841 3232 crit.
861 3198 873 3242 ΙΙ
905 3195 982 3232 iam
1007 3208 1073 3233 om.
1101 3197 1168 3244 Fu
1201 3201 1246 3232 24
1272 3197 1359 3232 dum
1387 3208 1426 3232 se
1452 3196 1596 3232 scilicet
1621 3195 1694 3231 AS
1710 3196 1722 3242 ΙΙ
1752 3195 1840 3230 dum

129 3256 168 3281 se
194 3256 259 3281 om.
280 3245 368 3280 HF
392 3246 406 3291 ss
436 3244 596 3281 inclinat
620 3255 686 3280 om.
706 3243 796 3279 HF

1850 1026 1892 1057 10

1854 1385 1897 1416 15

1857 1742 1902 1774 20
