2092 3614
230 1004 273 1035 10

236 1364 276 1394 15

236 1721 280 1753 20

238 2078 283 2111 25

241 2438 286 2469 30

293 242 379 285 602
1062 241 1225 278 SERVII

292 353 378 394 tari
417 352 595 394 dicimus
636 351 757 394 deos:
797 351 1021 394 Terentius
1061 354 1112 394 at
1143 366 1235 408 ego
1266 351 1384 394 hinc
1416 352 1534 395 deos
1568 352 1762 395 domum
1795 354 1991 396 saluta-

294 426 398 465 tum
430 437 650 479 pergam.

414 495 510 537 258.
561 507 928 546 EXPEDIVNTQVE
954 507 1108 538 MANVS
1142 495 1343 538 dimicare
1377 510 1420 537 se
1454 496 1560 538 velle
1593 497 1857 552 significant:
1888 497 1994 539 haec

296 567 409 608 enim
455 570 520 608 est
557 567 784 609 consensio
822 567 1043 609 militaris:
1088 567 1285 610 Lucanus
1324 567 1373 623 <1
1406 567 1522 623 387>
1562 569 1828 625 elatasque
1873 569 1994 624 alte,

297 653 644 693 quaecumque
676 638 734 680 ad
765 638 902 680 bella
937 641 1162 694 vocaret,
1193 638 1476 694 promisere
1508 654 1695 682 manus.

416 710 513 752 259.
564 721 692 760 QVOD
713 721 860 752 SAEPE
881 722 1038 752 PETIVI
1066 710 1187 765 quasi
1213 710 1521 765 inpetrativum
1548 712 1629 754 hoc
1655 712 1881 767 augurium
1902 713 1998 755 vult

297 781 444 824 videri.
534 792 721 824 ACCIPIO
754 793 1063 833 AGNOSCOQVE
1089 794 1208 825 DEOS
1241 783 1368 824 modo
1402 781 1525 837 quasi
1558 783 1607 824 de
1638 783 1829 826 oblativo
1862 783 1996 839 loqui-

297 855 385 895 tur:
422 867 524 895 nam
562 853 607 894 in
646 853 852 895 oblativis
891 854 1082 909 auguriis
1120 854 1164 895 in
1197 855 1411 908 potestate
1445 853 1626 896 videntis
1659 857 1741 909 est,
1779 857 1920 897 utrum
1955 855 1997 897 id

301 925 353 966 ad
387 940 431 966 se
463 925 678 979 pertinere
711 924 824 979 velit,
857 939 912 966 an
945 925 1104 966 refutet
1136 928 1178 966 et
1210 925 1490 967 abominetur.
1542 939 1644 981 ergo
1676 941 1787 968 nunc
1819 926 1922 969 dicit
1953 941 1997 968 se

300 996 526 1052 augurium
563 996 750 1038 libenter
788 996 991 1051 amplecti
1023 998 1066 1038 et
1099 1010 1331 1052 agnoscere
1363 996 1476 1039 circa
1509 1012 1553 1039 se
1585 997 1776 1040 favorem
1811 997 1998 1041 deorum.

419 1068 516 1110 261.
568 1079 686 1118 QVOS
718 1079 947 1110 INPROBVS
979 1079 1170 1110 ADVENA
1205 1069 1515 1122 interpretatur
1546 1069 1789 1125 augurium:
1828 1072 1870 1112 et
1901 1084 1997 1112 con-

299 1140 444 1182 firmat
475 1139 516 1182 id
551 1139 605 1180 ad
636 1153 838 1194 praesens
870 1139 1093 1195 negotium
1124 1140 1352 1196 pertinere.

420 1211 518 1253 262.
568 1221 742 1252 LITORA
767 1222 947 1253 VESTRA
977 1211 1090 1253 bona
1116 1211 1306 1253 iteratio:
1338 1225 1437 1253 nam
1464 1226 1594 1267 supra
1620 1212 1681 1253 ait
1707 1211 1851 1267 <248>
1878 1213 2001 1255 lito-

301 1297 413 1325 reas
446 1282 686 1338 agitabat
717 1297 845 1325 aves,
1501 1280 1503 1282 ’

422 1354 520 1397 263.
570 1365 618 1396 VI
649 1365 863 1396 POPVLAT
891 1354 1083 1409 antique:
1114 1369 1214 1396 nam
1242 1356 1405 1396 veteres
1433 1356 1475 1395 et
1501 1353 1692 1410 ‘populo'
1720 1358 1763 1398 et
1788 1355 2001 1411 ‘populor’

305 1426 524 1480 (licebant,
561 1440 676 1467 nunc
714 1427 886 1467 tantum
926 1424 1139 1480 ‘populor'
1173 1425 1370 1481 dicimus3
1409 1425 1513 1468 illud
1545 1427 1716 1481 penitus
1751 1427 1800 1469 de
1833 1442 1912 1470 usu
1944 1442 2006 1469 re-

305 1497 446 1539 cessit.
568 1508 864 1548 PENITVSQVE
899 1508 1150 1540 PROFVNDO
1184 1508 1305 1539 VELA
1338 1509 1481 1539 DABIT
1520 1500 1568 1539 ut
1607 1513 1736 1553 supra
1773 1499 1825 1540 de
1863 1499 2007 1554 aquila

307 1568 451 1624 (256)
483 1568 796 1624 penitusque
828 1569 879 1611 in
910 1569 1089 1612 nubila
1119 1568 1268 1625 fugit.

426 1641 524 1683 264.
574 1652 790 1683 DENSETE
825 1651 1060 1684 CATERVAS
1101 1640 1226 1682 sicuti
1258 1639 1377 1695 cycni
1411 1638 1555 1694 <253>
1589 1639 1891 1696 hostemque
1923 1656 2011 1697 per

307 1727 456 1754 auras
488 1712 629 1754 facta
660 1712 791 1754 nube
823 1714 1069 1767 premunt.

386 1820 389 1823 Α
426 1784 525 1826 266.
575 1795 635 1825 ET
667 1795 908 1827 ADVERsos
942 1796 1101 1826 TELVM
1134 1794 1393 1826 CONTORSIT
1426 1795 1475 1825 m
1507 1794 1683 1826 nos'rns
1714 1783 1797 1826 hoc
1828 1785 1922 1827 loco
1955 1785 2010 1827 ab

308 1856 487 1898 Homeri
520 1855 772 1899 oeconomia
803 1856 996 1898 recessit:
1034 1855 1107 1897 ille
1139 1855 1251 1897 enim
1284 1854 1451 1897 inducit
1482 1854 1722 1897 Minervam
1753 1853 2011 1910 persuaden-

308 1932 396 1970 tem
428 1927 639 1983 Pandaro,
671 1930 719 1970 ut
751 1928 865 1970 iacto
897 1928 941 1968 in
972 1927 1215 1969 Menelaum
1247 1926 1335 1968 telo
1369 1926 1551 1981 dissipet
1581 1926 1771 1983 foedera3
1809 1927 1879 1969 hic
1912 1942 2010 1970 vero

310 2000 414 2041 dicit
457 1999 600 2054 ipsum
640 2013 845 2055 augurem
883 1999 1016 2041 telum
1057 2001 1211 2054 sponte
1245 1998 1427 2040 [torsisse
1467 2001 1510 2039 et
1547 1998 1752 2045 occidisse
1789 2014 1920 2041 unum
1960 1999 2011 2041 de

310 2085 463 2114 novem
494 2071 715 2113 fratribus.
761 2070 871 2126 quod
906 2070 1095 2126 pertinet
1126 2070 1178 2111 ad
1211 2070 1525 2112 oeconomiam:
1557 2084 1730 2112 necesse
1763 2071 1876 2113 enim
1909 2074 2012 2127 erat,

310 2146 359 2185 ut
383 2143 553 2197 fratres,
578 2143 713 2185 dolore
738 2157 789 2184 ex
816 2142 940 2184 unius
967 2144 1106 2184 morte
1133 2141 1351 2195 commoti,
1376 2141 1536 2182 bellum
1563 2144 1795 2184 moverent.
1838 2142 1873 2184 si
1900 2142 2012 2184 enim

315 2214 410 2256 vilis
443 2214 597 2270 aliquis
630 2214 838 2269 interiret,
870 2214 1043 2268 poterat
1063 2212 1159 2261 ,eius
1188 2226 1302 2253 mors
1330 2211 1384 2253 ob
1412 2211 1596 2253 foederis
1622 2212 1873 2267 religionem
1900 2212 2011 2255 forte

311 2286 539 2328 contemni.

432 2358 530 2399 267.
582 2368 785 2400 SONITVM
823 2368 916 2399 DAT
960 2356 1002 2398 id
1048 2358 1114 2398 est
1148 2354 1264 2397 facit.
1387 2366 1535 2397 CERTA
1579 2354 1857 2397 inevitabilis:
1902 2355 2012 2397 unde

313 2428 508 2471 ‘incerta'
541 2430 607 2470 est
637 2428 808 2470 infirma
840 2431 883 2470 et
913 2427 1118 2470 vitabilis,

409 2549 427 2580 1
457 2544 666 2590 Terentius]
695 2544 842 2580 Phorm.
868 2544 902 2578 II
930 2548 960 2588 1,
986 2547 1031 2578 81

410 2656 428 2687 1
455 2651 558 2699 hinc]
586 2650 700 2687 immo
725 2650 761 2686 R
789 2652 800 2697 11
831 2650 998 2696 domum]
1026 2650 1155 2686 domus
1181 2650 1221 2684 H
1259 2650 1369 2684 domo
1395 2649 1451 2693 M,
1476 2661 1542 2685 om.
1564 2650 1611 2685 F.
1650 2661 1720 2696 ego
1747 2650 1834 2686 deos
1860 2653 2014 2696 penates

312 2701 401 2736 hinc
427 2700 630 2735 salutatum
655 2699 806 2734 domum
831 2698 1003 2734 deuertar
1023 2698 1212 2733 Terentius
1231 2699 1243 2743 11
1262 2702 1282 2733 2
1309 2698 1479 2744 pergam]
1507 2698 1545 2733 et
1569 2698 1720 2743 plautus
1746 2698 1784 2733 in
1804 2699 2014 2735 curculione

315 2749 380 2794 (III
407 2752 438 2790 1,
466 2750 524 2792 19)
553 2748 651 2792 ‘quis
678 2748 735 2783 est
760 2745 825 2791 qui
850 2747 979 2792 operto
1006 2746 1128 2791 capite
1154 2746 1295 2781 salutat
1320 2745 1587 2791 aesculapium'
1616 2746 1699 2781 add.
1726 2746 1765 2780 D
1783 2748 1795 2791 11
1826 2751 1846 2781 3
1874 2746 2012 2792 signifi-

314 2798 375 2832 cat
394 2795 493 2831 HM
506 2796 518 2842 11
537 2799 557 2831 5
584 2794 631 2830 ad
657 2793 799 2830 bellum
824 2794 869 2829 H
901 2794 1025 2829 abella
1047 2794 1094 2828 M
1111 2796 1123 2838 11
1142 2796 1321 2828 uocarent
1339 2793 1380 2828 F
1395 2794 1406 2839 11
1425 2793 1647 2838 promiscere
1668 2793 1740 2828 AS
1776 2793 1959 2829 admisere
1977 2794 2014 2829 R

315 2843 498 2880 admisere
525 2844 562 2879 et
581 2842 626 2877 H
640 2843 652 2889 11
671 2843 720 2878 ad
744 2853 1011 2882 EXPEDIVNTQVE
1029 2853 1064 2875 M.
1092 2853 1118 2877 s.
1139 2853 1171 2876 v.
1198 2840 1391 2886 proferunt
1415 2838 1457 2875 iit
1482 2839 1676 2876 consensio
1701 2840 1874 2875 militaris
1901 2841 2015 2876 habet

319 2892 351 2926 T
379 2891 392 2938 11
423 2895 443 2926 6
468 2890 685 2936 inpetritum
714 2889 758 2925 H
790 2889 1020 2934 inpetratum
1046 2888 1086 2923 F
1113 2890 1125 2934 11
1157 2893 1175 2923 7
1204 2889 1368 2924 ablatiuo
1396 2889 1439 2923 H
1466 2889 1477 2934 11
1508 2891 1529 2923 8
1556 2887 1731 2924 ablatiuis
1757 2888 1844 2922 HF
1870 2890 1882 2932 11
1920 2892 1940 2924 9
1967 2889 2015 2923 ad

315 2950 383 2975 om.
408 2938 482 2973 AS
508 2938 607 2984 (add.
634 2939 671 2983 a)
692 2939 703 2984 11
736 2941 779 2972 13
806 2938 902 2972 bona
928 2963 936 2971 .
958 2965 965 2972 .
987 2963 995 2971 .
1023 2947 1109 2971 aves
1134 2947 1198 2971 om.
1221 2936 1261 2970 F
1282 2937 1294 2982 11
1329 2939 1370 2971 15
1396 2937 1444 2971 ad
1469 2949 1506 2972 v1
1530 2948 1561 2971 P.
1586 2947 1613 2972 s.
1639 2946 1670 2971 v.
1699 2946 1764 2970 sua
1790 2935 1927 2971 uirtute
1953 2936 2013 2970 de—

315 2985 517 3031 praedatur
540 2983 572 3019 T
588 2986 600 3030 11
622 2990 663 3020 16
690 2984 837 3030 penitus
863 3013 871 3020 .
893 3012 900 3019 .
923 3011 931 3019 .
958 2983 1002 3018 de
1029 2983 1157 3028 aquila
1181 2995 1246 3019 om.
1263 2984 1303 3018 H
1322 2986 1333 3030 11
1354 2988 1396 3019 17
1424 2996 1639 3023 ΡΕΝῙΤνερνΕ
1665 3011 1671 3018 .
1695 3011 1701 3017 .
1723 3010 1730 3017 .
1758 2982 1878 3029 marr]
1906 2996 2014 3019 parm

317 3046 396 3069 1121AE
422 3045 541 3068 rchM
565 3032 602 3067 R
620 3034 632 3077 ΙΙ
653 3035 693 3067 ut
718 3043 783 3068 om.
803 3031 877 3067 AS
885 3030 926 3066 F
940 3031 952 3077 11
972 3042 1084 3076 supra
1109 3031 1154 3066 de
1180 3031 1321 3077 aquila]
1348 3031 1441 3067 illud
1466 3030 1502 3066 R
1520 3032 1533 3076 11
1562 3035 1604 3066 19
1631 3029 1728 3065 sicut
1751 3030 1849 3064 HM
1861 3032 1873 3075 11
1893 3031 2014 3077 cycni]

318 3081 442 3126 ignem
462 3081 547 3118 add.
561 3079 597 3115 R
616 3080 628 3125 11
647 3080 793 3115 hostem
809 3080 858 3115 M
873 3080 885 3126 11
904 3082 947 3114 21
968 3091 1147 3114 Anvnnsvs
1162 3079 1249 3114 HF
1277 3092 1435 3115 Anvsuso
1449 3078 1499 3113 M
1512 3079 1524 3124 11
1542 3089 1680 3113 nosram
1692 3071 1782 3112 HF
1797 3080 1808 3122 11
1827 3081 1872 3112 22
1898 3079 2014 3125 enim]

317 3131 443 3164 autem
469 3128 508 3164 F
541 3129 555 3174 11
591 3130 636 3163 23
667 3126 833 3173 foedera]
860 3127 926 3172 (Il.
953 3125 1003 3161 IV
1029 3127 1088 3171 92)
1115 3123 1232 3171 ἀγχοῦ
1260 3124 1297 3161 δ’
1326 3125 1503 3172 ὓσταμένη
1530 3150 1538 3160 .
1559 3153 1568 3162 .
1589 3154 1597 3162 .
1620 3121 1842 3171 Ἀλεξάνδρῳ
1869 3126 2016 3172 βασιλῆι

319 3177 402 3212 add.
429 3176 468 3211 D
486 3177 499 3222 11
518 3179 563 3211 25
589 3175 637 3210 ad
662 3186 727 3212 om.
749 3175 794 3210 H
807 3176 819 3221 11
847 3178 892 3210 26
918 3173 1043 3209 fratris
1068 3173 1108 3208 F
1123 3175 1135 3218 11
1155 3174 1339 3209 committi
1366 3174 1404 3208 F
1419 3175 1432 3219 11
1451 3178 1496 3209 29
1521 3172 1560 3207 id
1586 3173 1643 3207 est
1667 3183 1732 3207 om.
1753 3171 1793 3206 F
1809 3173 1820 3218 11
1839 3172 1946 3219 facit]
1975 3175 2016 3208 ut

254 3235 257 3238 ·
320 3236 431 3269 supra
456 3223 487 3270 (Ι
508 3223 566 3268 79)
595 3223 651 3257 ‘tu
678 3223 743 3257 das
770 3221 889 3268 epulis
915 3220 1133 3257 accumbere
1159 3222 1302 3256 diuum’
1332 3222 1370 3256 ct
1394 3221 1542 3266 plautus
1567 3219 1605 3255 in
1630 3218 1814 3255 aulularia
1841 3219 1907 3265 (1V
1926 3226 1957 3265 5,
1981 3221 2014 3266 1)
