2092 3614
270 231 357 274 634
1042 232 1206 270 SERVII

270 341 502 384 exsolvere.
563 342 642 384 alii
672 342 795 384 veteri
824 355 936 384 more
965 343 1119 385 dictum
1149 342 1377 396 accipiunt:
1416 341 1585 386 ‘verum'
1617 343 1728 386 enim
1757 345 1865 397 quod
1893 358 1973 387 rec-

270 415 357 454 tum
393 415 431 454 et
466 412 616 454 bonum
654 416 768 467 esset,
807 414 1091 467 appellabant:
1133 413 1345 456 Terentius
1375 414 1586 456 idne-est
1615 428 1779 456 verum
1808 415 1975 457 modo?

269 484 321 525 iel
355 486 424 526 est
445 485 713 537 pessimum
739 498 907 539 yenus,
946 488 984 527 et
1012 486 1107 527 item
1137 486 1263 539 quod
1290 486 1334 527 si
1363 488 1475 527 astu
1506 499 1603 527 rem
1635 486 1892 540 tractavit,
1922 487 1976 528 di

269 558 479 597 vestram
514 556 689 609 fidem!
737 559 971 609 quantam
1008 559 1052 598 et
1086 570 1228 610 quam
1264 570 1428 598 veram
1465 557 1655 599 laudem
1687 557 1823 610 capit
1850 556 1975 599 Par·

223 635 244 667 5
268 628 428 669 meno!
477 626 704 670 Sallustius
740 628 785 669 in
814 628 955 682 primo
992 641 1045 670 ea
1074 628 1271 683 paucis,
1308 628 1484 682 quibus
1511 629 1704 682 peritia
1741 631 1786 670 et
1812 642 1977 671 verum

273 698 524 752 inyenium
560 701 646 750 est,
691 698 1038 755 abnuentibus,
1082 700 1188 742 idem
1226 700 1347 756 †per
1376 702 1646 753 pennatam
1677 699 1856 753 paucis
1884 713 1977 753 pro
2007 736 2010 738 ,

261 772 434 822 pectus
464 783 582 811 vera
612 772 682 812 est
711 771 1035 812 aestimanda.

389 840 487 882 695.
536 857 767 884 oronaim-Rs
796 858 921 884 mimo
957 842 1174 893 decertare,
1212 843 1431 884 dimicare:
1469 842 1589 884 aliter
1627 841 1859 885 ‘decernere'
1898 845 1979 885 sta-

270 916 391 967 tuere,
422 915 469 954 ut
498 912 704 954 decernere
734 916 922 955 senatum
952 913 1136 955 elicimus.

200 993 244 1024 10
391 983 487 1025 701.
538 994 753 1034 QVARTVS
791 996 951 1027 ATHON
998 984 1104 1026 haec
1151 986 1218 1026 est
1254 999 1356 1026 vera
1394 985 1538 1028 lectio:
1584 1001 1685 1028 nam
1725 986 1762 1028 si
1801 984 1981 1028 ‘Athos'

269 1055 447 1110 legeris,
486 1053 566 1096 ‘os'
604 1055 745 1096 brevis
778 1058 843 1097 est
875 1059 918 1098 et
950 1069 1098 1097 versus
1131 1070 1219 1098 non
1252 1058 1352 1098 Stat.
1404 1056 1585 1099 ‘Athon’
1618 1059 1762 1099 autem
1796 1057 1880 1099 dici
1913 1071 1978 1099 ac-

270 1126 488 1168 cusativus
510 1125 690 1168 indicat:
715 1141 816 1169 nam
837 1126 965 1169 ‘hunc
986 1126 1176 1169 Athona'
1199 1127 1317 1182 facit,
1338 1127 1450 1170 sicut
1470 1127 1690 1183 ‘Aponon'
1717 1126 1979 1183 ‘Apollona'.

271 1197 384 1252 quod
420 1200 563 1239 autem
588 1196 838 1240 Herodotus
872 1197 1000 1240 ‘hunc
1027 1197 1191 1240 Athon’
1225 1201 1268 1240 et
1300 1197 1429 1241 ‘hunc
1455 1198 1629 1254 Apollo'
1663 1199 1778 1254 dicit,
1810 1199 1981 1241 Atticae

270 1268 572 1320 declinationis
618 1272 695 1311 est.
756 1269 898 1312 Athon
941 1273 1077 1312 autem
1119 1283 1236 1312 mons
1279 1273 1336 1312 est
1374 1271 1566 1313 adiacens
1606 1270 1829 1326 Thraciae,
1871 1271 1981 1312 circa

202 1349 243 1380 15
270 1340 475 1382 Lemnum
512 1341 714 1396 insulam,
752 1341 799 1384 in
827 1342 1122 1396 promunturio
1156 1341 1436 1384 Macedoniae.
1558 1359 1639 1384 AVT
1669 1358 1848 1389 QVAivrvs
1878 1358 1984 1384 snm

269 1411 439 1454 Siciliae
469 1425 587 1455 mons
617 1426 746 1467 supra
779 1412 1026 1466 Drepanum
1057 1413 1262 1467 oppidum.

391 1484 487 1526 702.
538 1495 700 1526 NIVALI
739 1495 939 1541 vnn‘rrcn
980 1495 1032 1527 SE
1075 1496 1352 1528 ATTOLLENS
1384 1496 1538 1527 PATER
1570 1494 1864 1527 APPENNINVS
1896 1483 1982 1538 Ap-

270 1555 483 1611 penninus
516 1570 640 1597 mons
673 1555 845 1598 Italiae:
877 1556 928 1598 cle
958 1555 1040 1598 hoc
1066 1555 1263 1598 Lucanus
1298 1555 1506 1611 <11397>
1538 1556 1788 1611 nulloque
1821 1570 1847 1597 a
1871 1569 1981 1597 ver-

270 1626 371 1669 tice
404 1627 561 1669 tellus
594 1627 755 1669 altius
787 1627 1039 1669 intumuit
1070 1627 1384 1683 propiorque
1416 1628 1639 1672 accessit
1671 1627 1904 1682 Olympo.

200 1707 245 1738 20
393 1698 488 1740 704.
540 1710 688 1742 TROES
720 1711 778 1741 ET
812 1710 963 1742 OMNES
997 1712 1150 1754 graece
1183 1698 1432 1754 declinavit,
1475 1699 1586 1741 unde
1618 1698 1760 1741 brevis
1794 1700 1861 1740 est
1892 1697 1982 1752 ‘es',

271 1769 333 1811 sic
366 1784 496 1824 supra
529 1769 621 1825 <XI
653 1770 769 1825 620>
802 1770 960 1812 Troes
993 1772 1168 1827 agunt.

392 1841 489 1883 707.
540 1853 765 1892 ARMAQVE
799 1854 1076 1886 DEPOSVERE
1115 1842 1182 1884 vel
1221 1842 1475 1897 spectaturi,
1513 1841 1580 1884 vel
1618 1841 1738 1893 fessi,
1776 1841 1837 1884 vel
1867 1842 1982 1896 iussi,

272 1925 320 1953 ne
350 1912 443 1965 quis
466 1913 602 1965 possit
631 1913 779 1955 iterum
808 1913 951 1966 foedus
982 1914 1157 1956 turbare.

393 1983 489 2026 709.
539 1995 682 2026 INTER
715 1996 767 2027 SE
802 1996 962 2028 COISSE
994 1995 1131 2027 VIROS
1158 1991 1219 2026 ΕΤ
1248 1995 1462 2026 OERNERE
1487 1996 1641 2027 FERRO
1677 1999 1773 2026 vera
1805 1986 1848 2026 et
1874 1983 1983 2026 anti-

202 2064 248 2096 25
275 2069 359 2109 qua
396 2054 503 2097 haec
536 2058 602 2098 est
632 2055 780 2098 lectio:
818 2071 922 2098 nam
953 2055 1142 2098 Ennium
1177 2058 1350 2098 secutus
1383 2058 1449 2098 est
1481 2056 1551 2111 qui
1585 2055 1649 2098 ait
1680 2055 1774 2098 olli
1805 2069 1979 2097 cerne-

367 2188 387 2219 2
415 2183 626 2231 Terentius]
652 2183 765 2221 Andr.
793 2184 845 2220 IV
873 2189 904 2229 1,
925 2188 957 2220 5.
993 2184 1037 2220 cf.
1064 2185 1159 2220 Don.
1186 2185 1234 2220 ad
1258 2185 1294 2220 h.
1321 2197 1355 2220 v.
1393 2186 1406 2232 ΙΙ
1443 2188 1464 2219 3
1491 2185 1529 2219 et
1552 2183 1657 2230 item]
1686 2184 1778 2219 Eun.
1804 2183 1838 2219 V
1864 2188 1898 2228 4,
1924 2188 1944 2219 2

272 2236 293 2267 5
321 2231 522 2267 Sallustius
548 2231 586 2266 in
612 2231 751 2280 primo]
782 2236 848 2268 111
870 2233 925 2274 D.‚
955 2235 1020 2267 102
1041 2232 1102 2268 Kr.
1124 2233 1135 2278 ΙΙ
1165 2236 1185 2267 6
1211 2231 1328 2280 idem]
1355 2232 1443 2268 hist.
1462 2230 1534 2268 inc.
1556 2234 1577 2267 5
1596 2231 1653 2276 D.,
1678 2231 1764 2267 hist.
1786 2230 1802 2265 I
1821 2235 1865 2267 41
1887 2231 1950 2268 Kr.

275 2284 317 2315 13
342 2278 572 2326 Herodotus]
598 2279 716 2315 veluti
745 2280 810 2315 VII
837 2284 880 2316 21
908 2281 920 2326 ΙΙ
951 2283 996 2315 25
1022 2279 1199 2326 Ennium]
1226 2291 1309 2315 ann.
1335 2293 1370 2317 v.
1397 2283 1467 2315 544
1492 2279 1600 2314 Vahl.

370 2402 388 2433 1
415 2399 465 2434 ad
490 2410 615 2434 vmuvs
641 2412 674 2434 v.
701 2399 742 2434 in
767 2410 882 2445 marq.
909 2410 976 2444 pro
1001 2398 1135 2433 iustius
1162 2398 1327 2443 aequius.
1373 2398 1525 2443 quidam
1555 2397 1675 2434 ueteri
1705 2409 1807 2434 more
1839 2396 1980 2433 dietum

274 2445 466 2491 accipiunt
489 2457 516 2481 e.
538 2458 569 2492 q.
590 2456 618 2481 s.
642 2446 684 2488 T,
709 2447 843 2482 sedita
863 2450 905 2481 ut
924 2458 947 2481 a
967 2447 1116 2481 dextera
1137 2449 1245 2490 parte
1269 2446 1370 2481 haud
1393 2457 1516 2491 pauca
1540 2446 1767 2481 membranae
1788 2446 1982 2491 putredine

268 2494 448 2538 perierint
483 2494 496 2539 ΙΙ
534 2498 554 2528 3
587 2492 640 2528 dii
667 2492 708 2527 F
740 2494 752 2539 ΙΙ
789 2498 810 2529 6
838 2494 909 2539 est]
939 2494 1019 2528 erat
1045 2493 1137 2528 coni.
1164 2493 1383 2528 Dietschius.
1422 2497 1576 2528 ceterum
1600 2493 1643 2528 de
1668 2492 1841 2528 Sallustii
1865 2493 1982 2528 verbis

267 2541 394 2585 priore
419 2541 494 2576 loco
520 2541 684 2576 laudatis
707 2541 794 2575 haec
818 2541 923 2576 hodie
940 2541 982 2575 in
1005 2539 1210 2575 Turonensi
1232 2541 1301 2584 leyi
1319 2544 1478 2585 possunt
1503 2550 1548 2575 ea
1573 2539 1699 2585 paucis
1725 2539 1858 2585 quibus
1884 2540 1980 2585 peri-

272 2588 326 2623 tia
352 2590 390 2623 et
413 2600 459 2623 ue
485 2591 518 2624 et
543 2587 690 2623 entibus
709 2588 721 2633 ΙΙ
740 2599 806 2633 per
832 2615 840 2622 .
862 2615 869 2622 .
892 2614 900 2623 .
927 2586 1174 2633 aestimanda]
1201 2588 1285 2622 dedi
1308 2599 1400 2633 quac
1421 2587 1462 2622 F
1483 2588 1633 2623 exhibet.
1668 2597 1808 2633 perpen
1833 2590 1865 2622 et
1890 2598 1982 2622 uera.

273 2639 330 2671 est
360 2646 403 2670 ae
435 2636 477 2670 in
512 2636 718 2671 Turonensi
748 2639 892 2671 servata
922 2638 1017 2670 sunt.
1068 2634 1261 2680 Perpenna
1295 2636 1374 2670 tam
1405 2635 1536 2680 paucis
1568 2635 1775 2680 prospectis
1806 2646 1894 2670 vera
1924 2636 1982 2670 est

272 2683 507 2719 aestimanda
538 2683 743 2718 Masvicius
788 2693 910 2728 poena
938 2684 1018 2718 tam
1048 2683 1176 2728 paucis
1207 2682 1425 2729 proscriptis
1456 2693 1545 2718 vera
1580 2683 1648 2727 (vel
1679 2682 1846 2727 profecto
1877 2685 1980 2726 vera)

274 2733 331 2766 est
354 2731 589 2766 aestimanda
614 2730 818 2776 Waynerus
836 2733 905 2766 act.
924 2741 1044 2776 yymn.
1060 2730 1112 2764 IX
1124 2741 1164 2775 p.
1184 2733 1249 2765 195
1275 2741 1342 2775 pro
1362 2741 1484 2776 poena
1508 2732 1584 2765 tam
1604 2729 1734 2776 paucis
1759 2729 1977 2775 proscriptis

273 2777 440 2813 vindicta
464 2790 551 2814 vera
578 2779 636 2813 est
658 2777 905 2813 existimanda
923 2778 1134 2813 Dietschius
1169 2776 1386 2822 Perpennae
1413 2788 1502 2813 casu
1526 2777 1657 2823 paucis
1676 2778 1876 2823 perspecta
1896 2777 1979 2812 Ser-

272 2825 360 2860 torii
385 2824 502 2861 virtus
527 2837 615 2861 vera
641 2826 698 2861 est
722 2825 953 2861 aestimanda
978 2824 1178 2860 Schoellius
1195 2826 1207 2869 ΙΙ
1233 2828 1253 2859 9
1281 2827 1323 2860 ut
1341 2825 1495 2860 Daniel:
1521 2825 1583 2860 uel
1609 2825 1649 2859 F
1664 2825 1677 2869 ΙΙ
1703 2828 1746 2859 10
1771 2835 1884 2859 Amos
1905 2823 1947 2858 F
1977 2826 1980 2870 Ι

273 2872 380 2918 haec]
407 2872 478 2907 hoc
503 2873 576 2908 AS
594 2874 606 2920 ΙΙ
624 2871 760 2918 legeris
785 2873 893 2908 athos
918 2872 959 2907 F
973 2873 986 2917 ΙΙ
1019 2876 1061 2907 11
1087 2872 1155 2907 hos
1183 2872 1224 2907 F
1238 2874 1250 2917 ΙΙ
1281 2876 1323 2907 12
1348 2871 1536 2917 Apollona
1562 2901 1569 2907 .
1591 2901 1598 2908 .
1621 2899 1629 2907 .
1654 2871 1792 2917 Apollo
1817 2882 1884 2907 om.
1907 2871 1948 2906 F
1977 2871 1980 2917 Ι

275 2924 319 2955 13
345 2922 469 2955 autem
497 2931 562 2955 om.
589 2920 663 2956 AS
690 2921 702 2967 ΙΙ
738 2919 913 2956 erodotus
939 2919 1081 2954 RHM
1108 2922 1120 2964 ΙΙ
1159 2920 1273 2955 athon
1299 2920 1351 2954 R:
1377 2920 1515 2955 athoen
1541 2919 1639 2954 HM
1671 2919 1761 2955 atho
1786 2918 1860 2953 AS
1891 2919 1902 2964 ΙΙ
1935 2922 1979 2954 14

263 2967 402 3014 *Athon
427 2968 552 3002 autem
582 2996 588 3003 .
610 2994 617 3001 .
640 2996 647 3002 .
674 2968 835 3003 insulam
860 2967 974 3003 edidit
998 2966 1203 3012 Stephanus
1222 2969 1233 3013 ΙΙ
1259 2967 1398 3002 athona
1424 2967 1464 3002 F
1480 2968 1492 3013 ΙΙ
1518 2966 1613 3002 cirta.
1638 2966 1679 3001 F
1694 2968 1705 3012 ΙΙ
1737 2968 1779 3000 15
1804 2977 1979 3011 promun-

273 3014 370 3050 torio
396 3015 436 3049 F
452 3016 464 3061 ΙΙ
496 3028 577 3049 smx
604 3014 645 3050 F
666 3016 678 3061 ΙΙ
712 3019 754 3050 16
781 3015 979 3060 drepanem
1008 3014 1047 3049 F
1068 3016 1080 3060 ΙΙ
1114 3018 1156 3049 18
1185 3013 1332 3060 Italiae]
1360 3015 1417 3049 est
1441 3014 1571 3049 italiae
1597 3014 1633 3049 R
1669 3013 1799 3049 italiae
1825 3015 1882 3049 est
1907 3012 1948 3048 F
1969 3012 1980 3059 Η

274 3074 297 3097 a
321 3073 387 3098 om.
409 3062 449 3096 H
467 3063 479 3108 ΙΙ
501 3066 543 3097 19
568 3063 697 3109 tellus]
723 3063 825 3097 terra
843 3062 955 3098 tellus
976 3061 1017 3096 F
1031 3062 1043 3106 ΙΙ
1062 3061 1190 3108 altius]
1211 3061 1385 3097 salustius
1405 3061 1492 3096 RH
1519 3061 1631 3096 latius
1651 3061 1691 3095 F
1705 3062 1718 3107 ΙΙ
1736 3060 1978 3110 propiorque]

273 3109 443 3155 proprior
469 3111 502 3144 A
536 3109 702 3155 (propior
727 3113 763 3153 a)
801 3109 995 3155 propriora
1019 3109 1108 3144 RH
1139 3108 1383 3155 propriorque
1410 3108 1451 3144 F
1484 3110 1495 3154 ΙΙ
1532 3107 1698 3153 olimpho
1724 3108 1760 3142 R
1796 3110 1809 3152 ΙΙ
1844 3112 1890 3143 20
1922 3108 1976 3154 es]

275 3168 341 3193 om.
368 3157 427 3201 H,
453 3159 496 3193 ut
521 3168 559 3193 es
586 3156 627 3192 F
660 3159 672 3202 ΙΙ
709 3161 753 3192 22
780 3157 841 3193 vel
866 3187 874 3194 .
896 3185 904 3193 .
926 3184 934 3192 .
961 3156 1065 3203 fessi]
1094 3158 1156 3192 uel
1181 3158 1397 3202 spectantur
1421 3155 1598 3191 indefessi
1623 3155 1663 3190 F
1690 3156 1703 3200 ΙΙ
1734 3154 1871 3191 defessi
1897 3155 1947 3190 M
1969 3156 1978 3201 Η
2036 3158 2039 3160 “

277 3208 322 3241 24
348 3216 481 3239 conssn
501 3205 545 3239 H
565 3206 577 3251 n
609 3209 653 3240 25
681 3205 757 3242 obli
776 3205 816 3240 F
837 3206 850 3251 ΙΙ
881 3204 1081 3240 cernebant
1106 3203 1336 3250 magnabant
1361 3203 1505 3249 magnis
1524 3203 1561 3239 A
1586 3202 1830 3249 (magnabant
1853 3203 1920 3238 del.
1941 3203 1978 3247 a)
