2092 3614
261 644 282 676 5

242 1002 285 1034 10

247 1359 289 1391 15

247 1717 293 1749 20

250 2074 294 2105 25

306 240 393 283 410
416 277 420 282 .
1076 240 1239 278 SERVII

305 351 471 405 didisse,
503 363 595 392 cum
625 353 720 392 ante
749 350 952 404 reqionem
983 351 1150 393 eandem
1184 351 1385 393 Teutanes
1414 352 1601 406 quidam,
1628 365 1769 406 qraece
1800 351 2012 405 loquentes,

299 422 565 477 possederint.
625 421 704 463 alii
732 422 802 463 ubi
833 422 950 464 modo
983 421 1105 464 Pisae
1134 425 1248 474 sunt,
1279 422 1466 465 Phocida
1496 424 1690 476 oppidum
1721 423 1850 476 fuisse
1880 424 2012 478 aiunt,

306 494 414 547 quod
447 493 564 535 nobis
600 493 753 535 indicio
790 496 848 535 est
881 507 932 535 ex
967 493 1242 547 Peloponneso
1286 495 1485 549 oriqinem
1523 495 1569 537 id
1607 495 1801 548 oppidum
1844 494 2013 536 trahere.

308 565 384 607 alii
415 563 570 606 incolas
600 564 687 605 eius
718 564 859 617 oppidi
885 564 1036 606 Teutas
1064 564 1210 620 fuisse,
1241 568 1279 607 et
1307 566 1444 620 ipsum
1467 566 1661 620 oppidum
1689 566 1860 607 Teutam
1883 566 2013 608 nomi-

308 639 470 688 natum,
503 636 611 689 quod
634 638 774 688 postea
798 636 826 688 †
839 634 964 678 Pisas
982 636 1120 690 Lydia
1146 636 1290 690 linqua
1314 650 1392 679 sua
1415 637 1667 691 sinyularem
1690 640 1858 690 portum
1888 637 2015 691 siqni—

308 708 432 761 ftcare
468 707 684 757 dixerunt;
722 720 850 760 quare
885 706 980 748 huic
1009 706 1104 748 urbi
1134 721 1162 748 a
1183 711 1311 761 portu
1343 708 1436 750 lane
1465 722 1612 750 nomen
1643 708 1876 762 inpositum.
1939 708 2017 750 alii

309 779 360 821 ab
391 778 524 833 Epeo,
563 778 739 820 Troiani
775 778 868 832 equi
901 778 1166 835 fabricatore,
1204 781 1412 822 conditum
1450 781 1636 832 tradunt,
1677 780 1748 833 qui
1784 793 1875 821 cum
1918 780 2017 822 aliis

311 850 481 893 Graecis
511 850 558 891 in
587 849 693 891 hanc
723 850 926 903 reqionem
956 850 1125 892 reiectus
1155 854 1234 892 est:
1265 851 1335 893 ubi
1357 855 1578 905 postquam
1606 851 1813 899 Troianae
1837 852 2019 907 captivae

311 924 419 964 metu
449 922 731 975 dominarum,
769 921 826 963 ad
859 935 962 974 quas
981 922 1313 978 deducebantur,
1353 936 1476 965 naves
1513 923 1795 975 incenderunt,
1832 924 2019 978 despera-

312 995 419 1036 tione
455 993 609 1035 reditus
644 993 860 1047 remansit,
896 992 1112 1046 urbemque
1148 994 1330 1035 condidit
1359 998 1396 1036 et
1425 995 1477 1037 ab
1507 1009 1573 1046 ea,
1605 1009 1708 1048 quae
1739 998 1796 1037 est
1825 996 1871 1037 in
1902 995 2017 1038 Pelo-

305 1078 504 1119 ponneso,
535 1063 661 1105 Pisas
691 1065 1002 1118 coynominavit.

436 1136 531 1178 181.
582 1146 709 1186 EQVO
742 1147 909 1179 FIDENS
941 1137 987 1178 id
1015 1139 1074 1179 est
1110 1151 1237 1191 eques
1277 1136 1478 1191 optimus.
1507 1168 1509 1171 -
1539 1138 1710 1191 quidam
1741 1137 1909 1181 ‘Astur'
1941 1152 2021 1192 pro

315 1205 526 1249 ‘Astures’
563 1207 786 1262 accipiunt,
823 1208 938 1261 apud
971 1221 1071 1261 quos
1107 1209 1199 1261 equi
1229 1211 1267 1250 et
1296 1209 1446 1262 equites
1483 1210 1627 1263 optimi
1655 1210 1932 1264 perhibentur.

315 1290 716 1321 VERSICOLORIBVS
750 1290 888 1321 ARMIS
921 1279 1119 1334 depictis:
1152 1294 1227 1334 per
1259 1280 1373 1335 quod
1404 1280 1636 1323 bellicosus
1669 1281 1921 1324 ostenditur.

439 1351 534 1393 182.
585 1362 870 1393 TERCENTVM
895 1362 1117 1393 ADICIVNT
1145 1351 1351 1393 accedunt
1378 1354 1421 1393 et
1446 1352 1721 1394 consentiunt
1752 1352 1841 1394 eius
1873 1352 2023 1395 volun·

316 1422 416 1464 tati:
456 1421 567 1463 unde
600 1421 662 1463 ait
693 1420 836 1475 {mens
869 1422 1069 1464 omnibus
1101 1437 1187 1464 una
1219 1423 1458 1479 sequendi',
1490 1423 1535 1466 id
1567 1426 1633 1465 est
1665 1423 1881 1466 coniurati
1913 1426 2024 1467 sunt.

316 1494 477 1536 Probus
509 1491 730 1535 ‘adiciunt'
762 1493 954 1535 adiacent
981 1496 1020 1535 et
1047 1495 1168 1547 quasi
1198 1494 1317 1536 iuxta
1346 1498 1445 1537 sunt
1475 1495 1614 1556 tradit.

438 1565 535 1607 183.
585 1575 667 1614 QVI
693 1575 908 1606 CAERETE
936 1576 1067 1607 DOMO
1102 1579 1152 1606 ae
1183 1565 1219 1607 si
1252 1565 1412 1608 diceret
1444 1565 1533 1621 equi
1565 1568 1666 1608 sunt
1691 1566 1817 1608 domo
1846 1565 2024 1609 Cartha-

318 1635 446 1692 gine'.
496 1634 630 1678 Caere
663 1637 824 1691 autem,
855 1638 904 1677 ut
935 1638 979 1677 et
1011 1646 1142 1691 supra
1169 1636 1304 1691 <VIII
1324 1637 1439 1692 597>
1469 1637 1674 1693 diximus,
1707 1638 1837 1679 etiam
1863 1637 2025 1694 Agylla

318 1708 492 1762 dieitur,
524 1703 610 1749 ἀπὸ
636 1707 718 1748 τοῦ
749 1709 941 1762 χαίρειν,
971 1708 1080 1761 quod
1107 1708 1272 1750 verbum
1302 1709 1515 1751 salutandi
1540 1710 1682 1764 qratia
1712 1710 1825 1763 apud
1849 1708 2026 1752 Graecos

318 1779 401 1821 dici
430 1778 539 1821 solet.
593 1778 700 1820 hanc
729 1777 896 1833 Pelasqi
926 1779 1207 1835 condiderunt,
1238 1780 1311 1833 qui
1341 1794 1433 1822 cum
1463 1781 1576 1823 sitim
1600 1781 1721 1834 passi
1750 1794 1822 1823 nec
1851 1794 2025 1835 usquam

319 1864 473 1904 aquam
497 1851 762 1904 invenientes,
788 1864 886 1893 casu
911 1851 1088 1904 quodam
1110 1851 1264 1904 fontem
1289 1852 1552 1907 invenissent,
1577 1852 1624 1894 in
1649 1853 1782 1894 eodem
1809 1852 1890 1894 loco
1915 1853 2025 1906 oppi-

319 1923 419 1965 dum
461 1922 738 1964 condiderunt.
799 1936 878 1964 nee
922 1922 1116 1964 videatur
1160 1923 1444 1978 eontrarium,
1495 1923 1610 1978 quod
1653 1923 1715 1965 ait
1758 1922 1872 1977 <VII
1909 1923 2025 1977 652>

321 1993 462 2036 ducit
494 1993 744 2049 Agyllina
780 1993 1087 2049 nequiquam
1127 2008 1183 2035 ex
1220 1994 1343 2036 urbe
1383 1996 1604 2049 secutos,
1645 1995 1768 2050 quasi
1807 1997 1850 2037 et
1881 1994 2025 2037 Turno

322 2067 366 2107 et
392 2063 563 2107 Aeneae
588 2066 780 2119 praestet
805 2065 1028 2107 auxilium:
1060 2080 1161 2108 nam
1186 2065 1252 2107 illi
1273 2064 1462 2107 Lausum
1488 2065 1728 2121 fugientem
1756 2066 1890 2108 secuti
1916 2068 2026 2121 sunt,

321 2136 368 2178 hi
399 2151 501 2179 vero
535 2137 754 2179 communi
787 2136 884 2179 odio
917 2140 954 2178 et
983 2137 1150 2180 consilio
1182 2138 1304 2179 totius
1335 2138 1511 2179 civitatis
1542 2137 1589 2179 in
1615 2137 1873 2180 Mezentium
1906 2152 2028 2179 arma

322 2210 659 2250 commoverunt.
779 2218 989 2251 MINIONIS
1021 2208 1176 2251 fluvius
1208 2211 1274 2251 est
1305 2207 1441 2250 Minio
1476 2208 1663 2260 Tusciae,
1697 2209 1810 2251 ultra
1841 2207 2027 2251 Centum-

322 2278 453 2321 cellas.

422 2411 440 2442 1
473 2408 661 2443 Teutanes
693 2408 898 2443 Salmasius
928 2409 950 2444 l.
979 2409 1000 2444 l.
1045 2409 1123 2444 coll.
1158 2409 1258 2444 Plin.
1290 2411 1366 2444 nat.
1398 2409 1480 2444 hist.
1513 2408 1565 2443 III
1591 2412 1652 2444 50:
1691 2410 1862 2445 teutones
1900 2410 1987 2445 libri
2016 2409 2028 2457 Η

324 2459 345 2490 2
372 2455 548 2500 Ροεεθᾶεῖ
574 2456 607 2491 G
626 2456 637 2502 ΙΙ
656 2455 780 2491 focida
805 2455 845 2490 F
879 2456 1002 2491 focula
1030 2456 1063 2490 T
1079 2458 1092 2501 ΙΙ
1109 2456 1224 2491 fuisse
1249 2467 1314 2491 om.
1340 2455 1374 2490 T
1387 2456 1398 2502 ΙΙ
1427 2459 1447 2490 3
1476 2456 1536 2502 ex]
1563 2456 1601 2491 et
1625 2457 1766 2492 Daniel
1796 2469 1818 2493 a
1845 2456 2028 2493 Gommeli-

323 2513 394 2538 nus
413 2504 424 2548 ΙΙ
448 2503 694 2548 peloponesso
721 2504 808 2539 libri
825 2504 838 2548 11
869 2507 891 2538 4
916 2503 1057 2539 ineoles
1085 2503 1119 2537 T
1135 2504 1147 2548 ΙΙ
1178 2504 1365 2539 Teutanas
1391 2503 1594 2538 Salmasius
1620 2505 1642 2539 l.
1670 2505 1692 2539 l.
1711 2505 1724 2549 ΙΙ
1755 2506 1793 2540 et
1818 2532 1825 2540 .
1848 2532 1856 2540 .
1877 2532 1885 2539 .
1911 2505 2027 2540 nomi-

324 2551 471 2596 natum]
504 2562 549 2585 ex
579 2550 670 2595 ipsis
703 2550 830 2595 oppidi
861 2561 997 2586 nomen
1021 2551 1165 2585 tentam
1189 2550 1422 2586 nominatum
1450 2551 1483 2585 T
1511 2552 1523 2596 ΙΙ
1561 2555 1581 2586 5
1607 2551 1727 2597 pissas
1755 2551 1789 2586 G
1816 2553 1827 2598 ΙΙ
1863 2551 1965 2597 lydia
1990 2551 2031 2587 F

324 2597 428 2643 lydia
453 2597 545 2632 lidia
573 2598 606 2632 T
640 2597 736 2643 Lydi
760 2598 898 2632 Daniel
916 2599 928 2643 ss
947 2609 1014 2632 sua
1039 2608 1105 2632 om.
1136 2597 1170 2632 G
1188 2599 1200 2644 1}
1225 2597 1466 2643 singularem]
1494 2598 1676 2634 Lunarem
1704 2598 1895 2634 Cluverius
1919 2601 1940 2635 l.
1969 2600 1991 2635 l.
2017 2599 2030 2646 11

324 2645 474 2690 portum
500 2648 533 2680 et
557 2644 730 2680 dixerunt
754 2656 819 2680 om.
841 2644 882 2679 F
896 2646 908 2689 ΙΙ
929 2649 948 2679 6
974 2644 1074 2691 lane]
1100 2644 1211 2680 lunae
1237 2646 1376 2681 Daniel
1393 2646 1406 2691 ΙΙ
1426 2650 1444 2681 7
1472 2646 1555 2691 epio
1586 2647 1618 2680 T
1653 2647 1771 2692 epheo
1799 2647 1831 2682 G
1850 2648 1862 2692 ΙΙ
1881 2647 2028 2682 troiano

326 2703 421 2737 equo
445 2692 479 2727 Τ
492 2693 504 2739 ΙΙ
524 2692 713 2728 conditam
737 2692 770 2726 T
783 2694 796 2737 ΙΙ
815 2695 835 2726 9
857 2692 1087 2727 ducebantur
1109 2693 1142 2726 T
1158 2694 1170 2738 ΙΙ
1189 2691 1468 2737 desperationes
1488 2693 1529 2728 F
1544 2695 1556 2740 ΙΙ
1577 2698 1620 2729 10
1645 2694 1889 2739 peloponesso
1912 2695 2000 2730 libri
2026 2704 2029 2756 J

328 2744 370 2774 12
397 2752 521 2775 munus
546 2752 639 2780 EQVO
659 2739 826 2775 ASRH
840 2740 852 2783 ΙΙ
873 2742 916 2774 13
943 2741 981 2774 et
1007 2739 1131 2784 quiete
1158 2740 1303 2785 quietes
1324 2741 1372 2784 F,
1398 2752 1488 2776 corr.
1502 2741 1641 2776 Daniel
1660 2742 1671 2787 ΙΙ
1692 2745 1736 2776 14
1760 2752 1827 2786 per
1851 2752 1924 2786 que
1945 2742 1995 2776 M
2026 2768 2029 2787 x

328 2790 371 2822 15
398 2787 634 2823 consentiunt
659 2786 916 2831 (conseneiunt
942 2787 1004 2831 M)
1030 2787 1213 2822 accedunt
1238 2787 1317 2823 eius
1345 2788 1533 2824 uoluntati
1559 2789 1656 2833 quod
1683 2788 1877 2832 sequentia
1902 2786 2028 2833 expla-

325 2836 418 2869 nant
444 2834 493 2868 M
499 2834 548 2877 F,
573 2836 772 2878 sequuntur
796 2834 838 2868 in
864 2833 1100 2869 Floriacensi
1124 2835 1263 2870 Probus
1290 2865 1297 2872 .
1319 2863 1327 2871 .
1350 2864 1357 2871 .
1383 2835 1501 2871 tradit
1524 2847 1628 2871 mens
1655 2863 1662 2871 .
1685 2864 1691 2871 .
1715 2864 1722 2871 .
1749 2837 1834 2871 sunt
1857 2836 1869 2881 ΙΙ
1903 2839 1944 2870 16
1972 2847 2028 2871 se-

327 2881 526 2927 quentibus
551 2881 585 2915 L
611 2881 796 2925 (sequenti
821 2882 847 2925 l)
895 2882 1064 2926 sequenti
1089 2882 1178 2917 HF
1205 2884 1217 2929 ΙΙ
1253 2886 1296 2919 17
1321 2882 1463 2918 Probus
1491 2911 1497 2918 .
1520 2912 1527 2918 .
1549 2912 1557 2920 .
1583 2883 1715 2929 tradit]
1741 2883 1786 2926 cf.
1812 2882 2029 2918 Ribbeckius

321 2930 418 2975 prol.
439 2940 479 2973 p.
507 2931 586 2971 146,
611 2928 785 2974 Steupius
810 2929 853 2964 de
880 2928 1014 2964 Probis
1032 2941 1072 2975 p.
1102 2934 1167 2965 110
1187 2931 1199 2977 ΙΙ
1227 2934 1270 2966 19
1295 2930 1391 2965 dixit
1415 2930 1465 2965 M
1469 2930 1509 2965 F
1523 2932 1536 2976 ΙΙ
1561 2930 1674 2966 etiam
1700 2941 1766 2965 om.
1794 2930 1844 2964 M
1849 2929 1889 2964 F
1903 2931 1916 2975 ΙΙ
1935 2930 2029 2975 agil-

328 2977 406 3012 lina
429 2976 467 3011 R
502 2977 515 3023 ΙΙ
551 2979 596 3010 20
621 2976 672 3011 ad
695 2986 727 3011 v.
757 2978 822 3011 183
849 2977 891 3011 in
914 2987 1028 3020 marq.
1058 2976 1171 3012 Caere
1205 2978 1383 3023 oppidum
1414 2978 1571 3013 uocatur
1601 2989 1673 3012 auo
1701 2989 1770 3011 'ror
1793 2988 1934 3013 xa11>e1n
1961 3006 1967 3012 .
1991 3006 1997 3013 .
2019 3004 2027 3013 .

329 3023 577 3060 condiderunt
606 3023 640 3058 T
653 3024 664 3069 ΙΙ
684 3025 799 3068 apotu
825 3023 953 3059 cherin
978 3024 1024 3059 F.
1066 3028 1218 3060 ceterum
1242 3037 1351 3071 quam
1375 3026 1494 3070 inepte
1517 3026 1603 3060 haec
1628 3036 1706 3059 cum
1732 3024 1922 3060 Servianis
1947 3036 2029 3060 con-

328 3072 457 3108 iuncta
479 3072 555 3107 sint
579 3082 680 3106 nemo
704 3082 780 3106 non
804 3071 901 3107 videt
917 3072 930 3116 ΙΙ
950 3075 993 3106 21
1019 3071 1145 3116 pelagi
1171 3072 1204 3107 G
1223 3074 1235 3119 ΙΙ
1254 3073 1365 3108 situm
1384 3072 1424 3107 F
1439 3074 1451 3118 ΙΙ
1470 3076 1514 3107 22
1539 3071 1771 3107 inuenientes
1797 3083 1933 3117 aquam
1961 3072 1995 3107 T
2018 3071 2028 3119 Η

329 3118 580 3165 repperissent
607 3118 640 3152 T
656 3119 668 3164 ΙΙ
688 3121 734 3153 24
759 3120 906 3154 secutus
933 3118 973 3154 F
987 3120 1000 3164 ΙΙ
1028 3122 1072 3154 25
1099 3118 1263 3166 Aeneae]
1290 3120 1326 3155 ei
1349 3120 1384 3154 L
1420 3131 1465 3155 ea
1489 3119 1535 3154 H
1547 3120 1560 3164 ΙΙ
1578 3119 1771 3163 praestent
1795 3119 1831 3154 R
1849 3120 1862 3164 ΙΙ
1879 3130 1965 3154 nam
1991 3120 2030 3155 et

329 3166 388 3202 illi
411 3166 541 3201 RLH
565 3166 578 3211 11
609 3169 653 3201 26
687 3167 725 3201 et
755 3165 910 3201 oonsilio
942 3166 1062 3202 tocius
1088 3168 1166 3212 (sic)
1193 3166 1357 3203 ciuitatis
1382 3167 1462 3203 hab.
1491 3167 1540 3201 M
1567 3166 1580 3211 ΙΙ
1617 3170 1660 3201 27
1687 3167 1737 3201 ad
1761 3179 1918 3202 mmoms
1944 3171 1968 3202 ί.
1993 3178 2027 3201 Α.

329 3226 356 3249 s.
382 3226 414 3250 v.
441 3213 557 3250 minio
581 3213 716 3249 fluuius
741 3213 883 3250 tusciae
908 3214 1007 3249 ultra
1033 3214 1294 3250 centumcellas
1323 3215 1357 3249 T
