2124 3600
557 240 710 277 COMM.
735 240 787 276 IN
815 239 955 276 VERG.
983 238 1094 274 AEN.
1122 239 1173 274 VI
1202 243 1352 275 15—22.
1784 239 1810 280 9

222 352 287 394 18.
336 361 574 393 REDDITvs
612 362 687 393 ins
726 361 905 398 PRIMVM
943 361 1109 392 'snmus
1155 349 1278 404 quasi
1324 349 1374 390 de
1412 349 1553 391 alieno
1598 349 1811 391 elemento

99 424 148 466 in
171 437 305 466 suum.
366 421 575 464 Horatius
607 421 812 463 finibus
835 420 1028 463 Atticis
1059 420 1242 462 reddas
1275 419 1582 462 incolumem
1616 434 1811 475 precor.

221 495 286 537 19.
336 505 569 536 REMIGIVM
588 504 779 535 ALARVM
805 494 942 535 artem
968 486 1156 535 volandi.
1202 493 1245 533 et
1269 491 1427 533 iterum
1453 491 1605 534 miscet
1629 491 1809 534 dicendo

82 564 375 622 fremigium',
407 565 519 621 quod
552 567 619 607 est
650 564 783 607 navis,
832 563 1066 619 Aeschylus.
1188 574 1352 606 Posvrr
1385 562 1696 606 exaedificavit.

218 638 286 680 20.
337 648 498 679 LETVM
535 647 791 679 ANDROGEO
836 636 1068 679 secundum
1106 634 1300 677 Atticam
1344 633 1540 690 linguam
1585 634 1810 690 genetivus

100 708 336 765 singularis
367 707 558 751 Graecus
591 711 675 763 est,
706 722 798 750 cum
829 709 916 763 ipse
945 709 1048 751 alibi
1079 707 1150 763 <ΙΙ
1175 706 1290 761 392>
1324 706 1582 761 Androyei
1607 707 1812 761 yaleam.

98 781 269 835 quidam
294 783 429 823 tamen
452 779 517 822 hic
540 780 794 823 subaudiunt
818 779 1001 835 ‘posuitss
1027 781 1073 823 id
1096 783 1155 822 est
1169 779 1324 834 pinxit,
1348 781 1396 820 ut
1412 778 1620 821 Horatius
1645 778 1814 832 qualis

99 852 411 895 Parrhasius
444 852 675 907 prodidit
709 856 796 894 aut
831 852 1031 907 Scopas,
1068 852 1247 894 sollers
1286 864 1414 893 nunc
1449 850 1691 892 hominem
1725 864 1811 904 po-

81 917 211 967 'ner‘e
245 938 375 967 nunc
410 911 568 979 deum,
608 923 685 966 hic
721 937 860 976 sacco,
905 924 1114 977 liquidis
1150 924 1238 966 ille
1276 922 1534 965 coloribus.
1595 936 1694 965 sanc
1730 936 1814 964 non

99 995 208 1038 nulli
237 995 346 1038 lnmc
375 996 642 1051 Androyeum
672 1008 756 1037 non
790 996 859 1051 ita,
894 995 1235 1049 quemadmodum
1265 1007 1395 1048 supra
1425 994 1578 1037 dietum
1609 997 1676 1045 est,
1708 994 1812 1036 insi-

99 1067 181 1109 diis
218 1068 409 1122 occisum,
446 1068 518 1110 scd
546 1081 574 1109 a
603 1066 877 1110 Marathonio
909 1070 1046 1122 tauro,
1084 1067 1156 1120 qui
1185 1066 1381 1120 flammas
1410 1079 1566 1108 vomere
1595 1058 1812 1117 dicebatur,

49 1171 54 1177 .
100 1138 398 1194 conflayratum
431 1139 611 1181 tradunt.

219 1211 288 1253 21.
339 1221 633 1263 GECROPIDAE
664 1221 782 1253 lvssl
814 1209 1102 1252 Athenienses
1135 1225 1160 1251 a
1191 1224 1293 1265 rege
1326 1209 1527 1264 Cecrope.
1585 1208 1812 1266 ‘pendere’

102 1284 246 1324 autem
278 1282 456 1337 solvere,
489 1282 603 1337 quod
635 1284 684 1324 ut
716 1297 846 1337 supra
873 1282 1058 1337 <1136>
1090 1281 1288 1336 diximus,
1320 1282 1509 1323 tractum
1541 1284 1607 1323 est
1639 1296 1664 1323 a
1689 1295 1813 1336 pecu-

96 1352 239 1395 niaria
282 1353 570 1396 damnatione.
690 1364 901 1396 MISERVM
946 1352 1132 1395 dolentis
1174 1351 1438 1408 interiectio,
1458 1410 1460 1413 Α
1483 1367 1533 1394 ac
1574 1353 1612 1394 si
1649 1352 1813 1395 diceret

98 1423 274 1467 ‘nefas'.
335 1427 373 1467 et
406 1425 515 1479 quid
555 1428 614 1468 est
657 1423 893 1468 ‘miserum'
937 1424 1154 1467 subiunxit
1189 1424 1326 1466 dicens
1371 1422 1557 1479 ‘septena
1593 1424 1814 1478 quotannis

97 1510 268 1550 corpora
290 1495 521 1539 natorum’.
612 1513 783 1540 SEPTENA
815 1512 1035 1545 QvorANms
1066 1496 1237 1550 quidam
1263 1498 1412 1549 septem
1428 1510 1581 1550 pucros
1605 1499 1643 1538 et
1666 1499 1814 1550 septem

93 1569 254 1622 puellas
283 1570 414 1623 accipi
444 1569 602 1624 volunt,
636 1570 746 1623 quod
774 1572 812 1612 et
842 1568 969 1612 Plato
1000 1568 1101 1610 dicit
1129 1569 1176 1610 in
1204 1555 1430 1610 Phaedone
1463 1567 1548 1623 <1>
1581 1571 1618 1610 et
1647 1566 1814 1622 Sappho

98 1641 145 1682 in
194 1641 335 1695 lyricis
383 1643 421 1683 ct
462 1640 732 1695 Bacchylides
780 1642 828 1683 in
877 1632 1150 1695 dithyrambis
1175 1646 1178 1650 '
1200 1643 1238 1682 et
1278 1639 1506 1694 Euripides
1549 1640 1595 1682 in
1636 1638 1815 1681 Hercule

100 1712 127 1766 <
134 1711 296 1766 1326>‚
333 1726 433 1766 quos
472 1713 659 1755 liberavit
686 1726 820 1755 secum
853 1712 1048 1766 Theseus,
1083 1725 1259 1766 quorum
1295 1711 1392 1754 haec
1421 1711 1593 1754 nomina
1621 1711 1814 1764 feruntur

98 1786 125 1836 †
146 1784 409 1839 hippoforbas
436 1787 474 1826 et
497 1785 570 1827 libi
594 1785 698 1827 idest
721 1785 888 1827 arcadis
912 1783 1173 1826 antimachus
1197 1784 1375 1826 euandri
1405 1786 1606 1826 mnesteus
1629 1783 1815 1826 simiiani

97 1855 296 1910 phidocus
326 1856 533 1898 ramuntis
564 1857 767 1900 demolion
797 1857 946 1911 cydani
970 1857 1187 1910 puriesion
1212 1855 1306 1898 celei
1331 1855 1505 1909 puellae·
1525 1853 1622 1897 haec
1644 1854 1814 1909 peribca

63 1924 65 1926 ’
99 1927 267 1970 alcatim
287 1927 468 1980 medippe
487 1927 605 1981 pyrii
628 1928 778 1970 iesionc
802 1928 895 1970 celei
920 1926 1194 1970 andromache
1213 1927 1502 1970 eurimedontis
1519 1927 1813 1981 seupymcdusa

93 1999 282 2053 policeeni
312 2012 457 2053 europe
489 1998 655 2041 laodicit
684 1998 821 2041 milita
853 1998 1039 2041 triaconi.

220 2070 288 2112 22.
339 2080 553 2113 CORPORA
579 2082 804 2113 NATORVM
837 2070 944 2112 bene
970 2068 1196 2125 eeorpora',
1229 2083 1336 2125 quae
1362 2068 1565 2125 adempta
1590 2068 1681 2111 vita
1713 2083 1810 2111 con-

102 2140 397 2196 sumebantur,
438 2144 483 2183 ut
518 2155 638 2195 super
677 2142 889 2184 orbitatem
919 2140 1163 2195 parentibus
1199 2155 1250 2183 nc
1279 2141 1447 2195 sepelire
1476 2141 1638 2195 quidem
1669 2140 1814 2183 liberos

198 2286 218 2318 2
244 2282 436 2328 Horatius]
464 2292 575 2318 carm.
602 2283 618 2317 I
645 2287 678 2330 3,
705 2288 724 2318 6
760 2284 771 2328 ΙΙ
810 2286 828 2318 7
859 2281 1052 2328 Horatius]
1080 2293 1192 2318 carm.
1219 2282 1269 2317 IV
1297 2286 1329 2326 8,
1356 2286 1376 2317 6

65 2404 68 2406 v
105 2414 189 2450 OD.
230 2412 378 2449 Chalcis
404 2413 503 2449 enim
529 2412 662 2449 ciuitas
688 2415 745 2450 est
769 2414 931 2450 euboeae
958 2414 1043 2449 add.
1070 2413 1119 2450 D.
1157 2414 1258 2449 haud
1282 2414 1356 2450 scio
1382 2425 1433 2449 an
1459 2412 1663 2450 Oassellani
1687 2425 1812 2449 memo·

102 2463 162 2498 ria
180 2474 205 2497 a
224 2461 345 2497 Servii
362 2472 476 2496 manu
489 2462 648 2506 propius
666 2462 762 2497 absit
786 2473 895 2507 quam
913 2461 950 2496 R
957 2461 986 2496 S
992 2461 1038 2496 H
1043 2461 1093 2496 M
1108 2463 1120 2507 ΙΙ
1139 2465 1160 2496 2
1180 2461 1420 2497 incollumem
1440 2462 1475 2496 A
1507 2461 1716 2497 incolonem
1737 2462 1782 2496 H
1802 2462 1813 2501 Ιῗ

105 2514 126 2545 3
153 2511 192 2545 et
215 2508 352 2544 iterum
378 2535 385 2543 .
408 2536 415 2543 .
437 2536 445 2543 .
473 2510 528 2544 est
554 2508 659 2545 navis
685 2520 752 2544 om.
779 2509 911 2544 ΑΕΗ
925 2510 938 2554 ΙΙ
957 2510 995 2544 et
1019 2520 1085 2544 om.
1115 2509 1164 2544 M
1180 2510 1233 2555 114
1259 2509 1365 2544 nauis
1392 2511 1449 2545 est
1476 2510 1525 2544 M
1541 2509 1553 2554 ΙΙ
1572 2509 1743 2553 aescylus
1766 2509 1811 2544 F.

104 2558 150 2599 cf.
177 2557 237 2601 Ay
238 2567 388 2592 amemn
416 2559 460 2591 52
480 2557 492 2602 ΙΙ
517 2560 538 2591 5
563 2568 745 2592 Annssocm
772 2555 804 2590 0
818 2557 830 2602 ΙΙ
856 2560 875 2592 7
903 2555 1039 2602 qualis]
1068 2568 1160 2602 quas
1186 2558 1251 2592 aut
1276 2557 1431 2592 Horatii
1455 2557 1543 2592 libri
1566 2558 1579 2601 ΙΙ
1609 2561 1630 2592 8
1656 2556 1814 2601 protulit

104 2604 259 2640 Horatii
285 2603 372 2638 libri
401 2604 412 2649 11
444 2602 583 2649 Scopas
608 2603 669 2639 hic
696 2615 811 2639 s.axo
864 2604 1079 2639 .coloribus
1105 2604 1235 2640 sollers
1261 2633 1267 2639 .
1291 2604 1468 2640 ..deum
1493 2604 1700 2640 Horatiani
1726 2605 1814 2639 libri

104 2652 115 2699 ¹]
142 2656 185 2687 13
212 2650 457 2686 Athenienses
483 2662 550 2687 om.
570 2651 607 2686 R
636 2653 649 2697 ΙΙ
680 2631 871 2697 Cecrope]
891 2653 933 2686 ut
958 2651 1166 2687 romulidae
1191 2651 1231 2686 id
1257 2653 1314 2687 est
1337 2651 1482 2687 romani
1508 2663 1531 2687 a
1555 2651 1700 2687 romulo
1726 2653 1810 2687 add.

102 2679 143 2735 'D
160 2701 173 2745 ss
195 2703 237 2734 14
262 2698 466 2733 tractatum
491 2698 528 2734 R
546 2700 559 2744 ΙΙ
577 2698 624 2734 ab
649 2700 877 2744 peeunuaria
899 2699 943 2733 H
956 2700 969 2743 ΙΙ
990 2702 1033 2734 15
1059 2699 1326 2745 dampnatione
1351 2699 1387 2734 R
1406 2700 1419 2745 ΙΙ
1437 2700 1486 2734 ad
1511 2700 1685 2735 miserum
1710 2710 1809 2743 supr.

103 2757 191 2782 vers.
219 2746 371 2791 quidam
397 2745 615 2781 miserorum
640 2746 829 2792 accipiunt
857 2746 891 2781 T
907 2748 919 2792 ΙΙ
944 2746 1123 2793 dolentis]
1151 2746 1299 2782 solertis
1323 2747 1369 2782 H
1387 2748 1391 2791 1
1428 2751 1470 2782 16
1496 2747 1619 2793 nefas]
1646 2747 1688 2781 ut
1713 2746 1812 2790 (VIII

106 2796 189 2838 688)
215 2793 455 2838 sequiturque
474 2793 578 2829 nefas
598 2793 783 2840 Aegyptia
802 2794 961 2830 coniunx
987 2795 1072 2830 adol.
1087 2794 1288 2830 Fabricius
1307 2796 1319 2840 ΙΙ
1339 2794 1549 2839 quodannis
1568 2794 1609 2829 F
1624 2795 1636 2839 ΙΙ
1658 2798 1700 2829 18
1722 2794 1812 2829 saffo

106 2841 146 2876 F
160 2843 236 2886 1119
262 2840 491 2876 bacchilides
517 2840 557 2875 F
573 2842 584 2887 ΙΙ
610 2846 655 2876 20
679 2842 828 2877 theseos
855 2841 896 2876 F
910 2842 923 2887 ΙΙ
951 2845 996 2876 21
1022 2841 1265 2887 hippoforbas
1291 2854 1317 2877 e
1338 2854 1371 2888 q.
1390 2842 1435 2888 s.]
1464 2842 1548 2878 dedi
1572 2853 1665 2887 quae
1690 2841 1730 2876 F
1752 2853 1812 2876 ea·

105 2889 209 2925 hibet.
247 2889 334 2932 fort.
359 2887 648 2934 Hippophorbas
673 2889 787 2934 Alypi
810 2890 864 2924 vel
882 2888 1047 2934 Eurybii,
1074 2888 1158 2924 Idas
1179 2889 1345 2933 Arcadis,
1371 2889 1615 2924 Antimachus
1634 2888 1812 2932 Euandri,

106 2936 342 2971 Menestheus
370 2936 807 2981 Sunius‚A1nphid00us
833 2935 1100 2980 Rhamnusius,
1135 2936 1340 2972 Demoleon
1366 2936 1543 2982 Cydonis,
1579 2935 1812 2982 Porphyrion

108 2981 225 3019 Celei:
259 2983 406 3028 puellae
438 2964 531 3019 haee
556 2984 738 3019 Periboea
762 2983 955 3022 Alcathoi
987 2984 1202 3030 Melanippo
1228 2984 1379 3030 Pyrrhi,
1404 2983 1565 3019 Hesione
1593 2983 1710 3027 Celei,
1738 2985 1810 3017 An—

107 3030 305 3066 dromache
331 3030 637 3075 Eurymedontis,
661 3030 917 3084 Eurymedusa
941 3031 1137 3077 Polyxeni,
1163 3032 1312 3077 Europe
1337 3031 1504 3074 Laodici,
1530 3031 1659 3066 Melite
1686 3012 1809 3064 'l’rico-

107 3077 208 3123 rythi
239 3078 293 3114 vel
318 3077 511 3121 Tricoroni
535 3079 590 3114 vel
613 3077 812 3115 Triooloni.
864 3080 910 3119 cf'.
937 3079 1120 3125 Bequius
1142 3082 1235 3124 poet.
1262 3080 1328 3125 lyr.
1354 3090 1408 3124 yr.
1436 3080 1518 3115 edit
1545 3078 1598 3113 III
1616 3090 1657 3123 p.
1685 3081 1754 3112 920
1779 3079 1812 3110 et

111 3129 219 3169 1231,
253 3125 317 3170 qui
350 3126 486 3162 erravit
518 3137 599 3162 cum
631 3127 781 3162 nomina
812 3138 836 3162 a
866 3126 1076 3172 Veryiliano
1107 3127 1304 3162 scholiasta
1328 3123 1603 3162 commemorata
1628 3125 1746 3159 eadem
1771 3123 1812 3158 in

111 3170 252 3216 Clytiae
269 3172 427 3217 pictoris
451 3174 598 3209 vasculo
622 3174 802 3217 inscripta
827 3185 897 3210 esse
922 3174 1029 3210 dixit.
1069 3174 1113 3216 cf.
1135 3173 1237 3208 Iahn
1262 3173 1465 3210 Beschreib.
1492 3175 1525 3208 d.
1555 3170 1809 3207 Vasensamml.

114 3218 257 3264 Koeniy
281 3218 466 3265 Ludwiys.
505 3220 609 3256 Einl.
629 3233 669 3266 p.
692 3221 790 3256 CLV
809 3222 822 3266 ΙΙ
847 3225 892 3256 25
919 3232 991 3256 non
1017 3220 1258 3256 sumebantur
1282 3221 1318 3256 A
1344 3222 1450 3266 (corr.
1479 3222 1523 3265 a>

1837 643 1858 674 5

1840 1001 1881 1032 10

1842 1360 1883 1391 15

1839 1719 1884 1750 20

1839 2077 1883 2108 25
