2124 3600
253 1036 296 1068 10

252 1392 294 1424 15

249 1749 295 1780 20

251 2104 296 2137 25

321 278 378 319 26
1093 261 1252 311 'snnvn

443 386 536 428 119.
588 397 630 432 SI
654 396 822 427 POTVIT
848 396 1001 427 MANES
1033 385 1187 427 nititur
1213 384 1420 438 exemplis
1448 398 1556 439 quae
1581 384 1787 428 inferiora
1819 388 1922 427 sunt
1951 401 2029 441 per

322 457 707 512 comparationem,
747 458 796 498 ut
825 457 919 512 ipse
952 456 1147 499 videatur
1178 455 1333 498 iustius
1365 455 1476 497 velle
1508 455 1780 499 descendere:
1818 471 1919 499 nam
1952 456 2029 499 Or-

321 528 457 584 pheus
489 542 688 572 revocare
719 530 786 570 est
818 530 997 570 conatus
1029 541 1217 582 uxorem,
1248 526 1318 568 hic
1349 526 1444 569 vult
1475 528 1646 570 tantum
1677 530 1843 583 patrem
1873 528 2027 571 videre.

322 599 517 656 Orpheus
550 601 695 642 autem
726 599 865 641 voluit
896 598 1152 654 quibusdam
1184 598 1447 640 carminibus
1478 598 1678 641 reducere
1708 599 1898 641 animam
1930 614 2028 642 con-

321 671 454 727 iugis:
487 671 601 726 quod
633 670 734 727 quia
759 670 939 726 implere
968 684 1055 712 non
1079 669 1241 725 potuit,
1273 685 1298 712 a
1323 670 1464 724 poetis
1491 669 1669 725 fingitur
1693 672 1910 725 receptam
1941 670 2028 713 iam

322 742 548 798 coniugem
580 741 815 798 perdidisse
842 742 948 784 dura
978 742 1073 802 lege
1099 740 1317 783 Plutonis:
1351 741 1465 796 quod
1491 741 1622 783 etiam
1642 740 1861 797 Vergilius
1889 743 2028 784 osten-

323 814 387 856 dit
418 813 595 856 dicendo
625 812 892 867 ‘arcessere',
925 812 1038 867 quod
1072 813 1289 855 evocantis
1322 814 1387 854 est
1419 812 1602 867 proprie.

443 885 538 927 120.
588 895 871 933 FIDIBVSQVE
905 894 1103 926 CANORIS
1141 883 1250 925 bene
1290 883 1542 925 sonantibus
1581 883 1764 926 chordis.
1825 883 2027 926 ‘fidibus'

322 958 465 999 autem
499 957 565 997 est
597 971 623 998 a
653 955 922 997 nominativo
956 954 1086 997 ‘haec
1115 954 1247 1009 fidis’,
1278 956 1326 996 ut
1357 954 1414 995 sit
1446 953 1708 1008 pyrrichius:
1747 969 1849 996 nam
1881 953 2027 996 ‘fides'

322 1026 489 1069 iambus
521 1029 599 1069 est.

444 1098 539 1139 121.
582 1110 623 1141 s1
650 1109 871 1140 FRATREM
891 1109 1079 1140 POLLVX
1098 1108 1319 1139 ALTERNA
1344 1108 1503 1139 MORTE
1531 1109 1745 1138 REDEMIT
1771 1099 1819 1139 ut
1844 1096 2029 1139 diximus

321 1184 451 1224 supra
482 1169 552 1223 <H
585 1170 718 1224 601),
757 1168 924 1211 Helena
956 1172 999 1211 et
1031 1168 1187 1211 Pollux
1219 1168 1269 1210 de
1301 1168 1402 1210 Iove
1435 1168 1529 1210 nati
1561 1168 1814 1210 inmortales
1845 1168 2032 1223 fuerunt,

320 1255 421 1282 nam
447 1239 603 1282 Castor
627 1240 842 1295 Tyndarei
868 1240 984 1283 filius
1015 1240 1121 1282 fuit:
1154 1239 1271 1281 cuius
1304 1241 1488 1281 mortem
1522 1255 1599 1281 suo
1632 1239 1807 1281 interitu
1839 1239 2031 1282 fraterna

320 1312 459 1366 pietas
484 1311 678 1354 redemit.
724 1311 839 1367 quod
865 1312 960 1354 ideo
986 1311 1179 1366 fingitur,
1212 1310 1314 1366 quia
1339 1310 1493 1352 horum
1520 1310 1672 1352 stellae
1696 1310 1759 1352 ita
1784 1325 1830 1352 se
1855 1310 2031 1367 habent,

322 1384 370 1424 ut
401 1382 620 1425 occidente
652 1397 738 1425 una
769 1383 935 1438 oriatur
966 1383 1114 1425 altera.
1165 1384 1208 1424 et
1239 1382 1343 1424 item
1375 1381 1619 1436 exemplum
1645 1396 1720 1436 per
1747 1382 2030 1437 comparatio-

320 1469 437 1496 nem:
471 1454 585 1509 quod
616 1454 717 1509 quia
746 1454 863 1510 pium
892 1455 978 1510 est,
1011 1469 1055 1496 se
1082 1453 1137 1497 ad
1162 1454 1450 1509 frequentiam
1477 1452 1663 1496 contulit
1689 1452 1868 1495 dicendo
1896 1452 2029 1508 ‘itque

321 1525 515 1580 reditque
547 1524 663 1567 viam
694 1525 887 1568 totiens'.

443 1597 540 1639 122.
590 1609 705 1647 QVID
740 1609 924 1640 THESEA
956 1598 1111 1639 durum
1143 1597 1403 1652 exemplum,
1437 1596 1547 1638 unde
1577 1610 1655 1638 nec
1687 1596 1930 1638 inmoratus
1963 1597 2030 1638 est

320 1668 365 1710 in
397 1682 459 1710 eo.
521 1668 624 1710 dicit
656 1670 801 1710 autem
832 1669 992 1711 inferos
1025 1668 1178 1711 debere
1210 1670 1357 1723 patere
1388 1668 1559 1723 pietati,
1599 1667 1671 1722 qui
1702 1669 1936 1722 patuerunt
1966 1666 2030 1709 in-

321 1739 455 1782 fanda
486 1739 693 1794 cupienti:
725 1754 826 1782 nam
858 1740 928 1782 hic
961 1739 1013 1782 ad
1045 1739 1296 1795 rapiendam
1322 1739 1626 1795 Proserpinam
1658 1738 1768 1780 ierat
1799 1752 1895 1780 cum
1920 1738 2031 1780 Piri-

321 1810 427 1853 thoo
459 1812 502 1852 et
532 1810 622 1853 illic
653 1812 847 1852 retentus
887 1811 969 1852 luit
1005 1825 1185 1866 poenas,
1226 1812 1274 1852 ut
1305 1810 1449 1865 <617>
1483 1810 1625 1852 sedet
1661 1811 2030 1865 aeternumque

323 1881 525 1924 sedebit
556 1881 747 1923 infelix
778 1881 1017 1924 Theseus.

444 1953 540 1995 123.
583 1964 783 1995 MAGNVM
811 1965 926 2004 Qvin
953 1964 1185 1996 MEMOREM
1210 1953 1445 1995 ALOIDEN‘?
1470 1952 1623 1995 melius
1650 1952 1712 1994 sic
1737 1951 2030 2007 distinguitur,

321 2024 425 2066 licet
461 2023 636 2079 quidam
675 2025 825 2080 legant
856 2024 981 2079 ‘quid
1014 2024 1179 2066 Thesea
1212 2022 1452 2079 magnum',
1493 2026 1542 2066 ut
1579 2022 1803 2078 epitheton
1841 2022 1879 2064 ei
1916 2023 2030 2075 dent,

325 2095 399 2151 qui
439 2110 517 2150 per
554 2110 599 2137 se
637 2110 727 2138 non
764 2099 830 2138 est
866 2110 1070 2152 magnus:
1114 2110 1216 2138 nam
1252 2094 1485 2137 Herculem
1529 2094 1659 2136 etiam
1705 2093 1795 2135 sine
1840 2093 2029 2149 epitheto

322 2180 531 2222 magnum
556 2166 862 2222 intellegimus.
913 2167 986 2208 sed
1012 2167 1165 2208 melius
1193 2168 1259 2208 est
1284 2164 1536 2221 ‘magnum'
1562 2165 1662 2206 dare
1688 2164 1876 2220 Herculi,
1901 2178 2030 2219 quam

421 2288 438 2318 1
466 2264 600 2336 niti-tur
626 2282 807 2328 exemplis
832 2294 863 2319 e.
884 2295 918 2327 q.
939 2283 984 2328 s.]
1013 2282 1059 2318 cf.
1086 2282 1248 2318 Macrob.
1271 2282 1347 2318 Sat.
1368 2281 1419 2317 IV
1439 2284 1472 2326 5,
1495 2284 1513 2316 1
1534 2282 1644 2334 sqq-n
1669 2284 1691 2315 4
1711 2281 1880 2326 Orpheus
1900 2282 2030 2316 autem

323 2378 380 2412 Lu
381 2331 605 2412 ὲέτὲῗξὲὲὲ
607 2341 741 2413 311χὲξὲ
744 2329 1022 2413 Ἣέὲιοῗτὲὲῖ
1047 2333 1080 2375 8,
1107 2333 1150 2364 21
1189 2330 1202 2375 ΙΙ
1241 2333 1283 2364 12
1310 2329 1454 2364 Helena
1479 2358 1486 2365 .
1509 2356 1516 2363 .
1539 2357 1546 2364 .
1574 2329 1715 2364 oriatur
1740 2328 1876 2374 altera]
1915 2339 2028 2364 exscr.

325 2494 396 2528 que
421 2483 582 2518 Hecates
608 2495 694 2529 pars
722 2484 855 2519 ultima
880 2484 1104 2529 exemplaria
1128 2483 1278 2519 Lucani
1300 2484 1313 2528 Η
1343 2484 1492 2518 nostrae
1518 2493 1584 2517 om.
1612 2481 1652 2516 F
1659 2480 1691 2516 O
1710 2482 1724 2526 Η
1751 2481 1917 2527 nostrae]
1943 2482 2032 2527 post

324 2531 484 2566 mortem
509 2530 607 2565 enim
632 2530 690 2565 illi
716 2531 862 2567 animae
889 2531 1071 2566 debentur
1096 2532 1181 2567 add.
1203 2531 1252 2565 M
1264 2531 1277 2576 Η
1299 2535 1316 2565 1
1343 2530 1472 2576 umus]
1498 2542 1531 2564 A.
1560 2543 1588 2565 c.
1617 2542 1648 2564 0.
1676 2530 1761 2564 add.
1783 2529 1831 2564 M
1848 2530 1861 2574 Η
1880 2533 1900 2564 2
1926 2528 2032 2565 iusti·

325 2577 399 2613 tius
420 2577 499 2613 FG
536 2577 654 2613 iustus
673 2579 708 2612 A
735 2580 839 2622 (corr.
860 2579 898 2623 a)
917 2579 930 2623 Η
950 2578 1165 2613 discendere
1185 2577 1303 2613 FGG
1317 2579 1330 2622 Η
1348 2581 1370 2612 4
1390 2577 1559 2623 caniugis
1579 2576 1615 2610 A
1643 2577 1748 2621 (corr.
1769 2577 1807 2621 a)
1826 2577 1839 2621 ΙΙ
1858 2578 1878 2610 5
1901 2577 2030 2621 potue-

325 2624 375 2660 rit
399 2624 440 2659 F
473 2624 614 2669 poterit
639 2625 671 2660 G
696 2626 708 2670 Η
740 2629 760 2660 6
787 2626 1008 2670 coniungem
1034 2625 1078 2660 H
1092 2627 1104 2671 Η
1131 2624 1294 2671 platonis
1320 2624 1401 2659 FG
1424 2626 1437 2669 Η
1470 2629 1488 2659 7
1517 2623 1688 2659 uocantis
1714 2623 1748 2659 G-
1784 2623 1929 2659 uocatis
1954 2623 2000 2658 H
2018 2622 2031 2669 Η

326 2675 348 2707 8
371 2672 545 2708 scholium
570 2672 619 2707 ad
643 2683 675 2707 v.
705 2676 772 2707 120
797 2683 862 2707 om.
891 2672 925 2707 G
942 2674 955 2717 ΙΙ
979 2685 1189 2713 rnunvsqvn
1215 2684 1360 2707 conoms
1386 2671 1430 2706 H
1444 2672 1456 2716 ΙΙ
1481 2671 1601 2707 cordis
1627 2670 1708 2705 GH
1734 2672 1746 2716 Η
1777 2675 1798 2706 9
1824 2671 1881 2706 est
1906 2670 2030 2706 autem

325 2719 362 2755 R
380 2720 393 2764 Η
410 2719 504 2754 haec
528 2729 596 2754 om.
616 2719 659 2753 Η
675 2719 688 2763 Η
706 2719 802 2765 fidis]
830 2719 876 2762 cf.
904 2719 1023 2754 Prisc.
1049 2719 1167 2754 11130
1192 2721 1246 2765 (Ρ.
1269 2723 1346 2763 106,
1370 2723 1388 2753 1
1410 2719 1475 2762 Η.)
1501 2722 1534 2754 ct
1560 2718 1610 2754 VI
1638 2721 1681 2753 57
1709 2719 1765 2763 (p.
1791 2721 1872 2760 242,
1892 2721 1915 2752 4
1933 2716 2000 2761 H.)
2019 2716 2032 2764 Η

325 2765 541 2812 pyrricheus
569 2765 599 2800 0
633 2765 852 2811 pyrrychius
879 2765 929 2800 M
962 2765 1198 2811 pyrrhichius
1217 2767 1262 2801 H
1276 2767 1287 2812 Η
1305 2766 1381 2802 iam
1401 2765 1428 2801 S
1455 2767 1556 2811 (nam
1573 2766 1604 2810 s)
1628 2766 1640 2810 Η
1669 2769 1710 2800 12
1737 2775 1846 2810 supra
1871 2762 2030 2799 diximus

328 2814 378 2848 M
405 2815 418 2858 ΙΙ
456 2817 499 2848 13
525 2812 701 2856 tyndares
729 2812 761 2847 Ο
793 2812 989 2858 tyndareei
1015 2813 1048 2847 G
1083 2813 1263 2858 tyridarei
1288 2813 1324 2848 A
1356 2814 1463 2856 (corr.
1491 2814 1528 2858 a)
1566 2811 1714 2858 tyndari
1739 2812 1775 2846 R
1805 2813 1817 2857 Η
1856 2814 1898 2845 14
1924 2810 2028 2857 quia]

326 2860 427 2906 quod
451 2860 510 2904 011
529 2859 622 2895 stele
647 2860 687 2894 F
702 2860 715 2905 ΙΙ
735 2863 779 2894 15
805 2860 862 2905 ut]
890 2860 929 2894 et
947 2860 982 2894 A
1010 2861 1115 2905 (corr.
1137 2863 1174 2906 a)
1193 2862 1205 2906 ΙΙ
1223 2861 1330 2907 item]
1356 2860 1491 2896 iterum
1518 2861 1566 2895 M
1583 2862 1596 2905 Η
1616 2864 1659 2895 16
1685 2859 1740 2905 se]
1766 2858 1881 2893 fuisse
1901 2857 2028 2894 FGG.

326 2908 468 2944 videtur
492 2908 534 2942 in
558 2908 752 2953 archetypo
778 2906 850 2942 fuit
873 2917 989 2951 supra
1013 2908 1069 2942 est
1093 2909 1269 2952 scriptum
1293 2908 1416 2952 fuisse.
1437 2908 1450 2952 Η
1471 2911 1513 2942 17
1540 2906 1695 2952 totiens]
1722 2906 1874 2950 propter
1899 2905 2029 2940 stellas

324 2954 425 2991 inter
450 2965 488 2990 se
514 2953 677 2989 orientes
702 2956 741 2989 et
766 2953 976 2989 occidentes
1003 2954 1158 2989 castoris
1184 2956 1222 2990 et
1246 2955 1415 3000 pollucis.
1454 2955 1553 2999 quod
1577 2952 1720 2989 homeri
1738 2963 1886 2987 carmen
1910 2953 2027 2987 testa-

325 3004 387 3038 tur
416 3001 455 3036 in
486 3028 495 3036 .
523 3028 530 3037 .
558 3029 566 3037 .
600 3003 744 3046 (septem
768 3011 937 3036 versuum
966 3001 1086 3045 spatio
1118 3002 1257 3046 relicto)
1289 3003 1374 3038 add.
1401 3002 1451 3036 D.
1496 3002 1542 3044 cf.
1572 3000 1637 3036 Od.
1664 2999 1715 3034 XI
1741 3002 1810 3034 298
1829 3010 1901 3044 sqq.
1933 3000 1946 3043 ΙΙ
1987 3003 2029 3034 18

325 3049 462 3086 scholia
487 3050 536 3084 ad
559 3060 591 3084 v.
615 3052 682 3083 122
708 3052 741 3084 et
766 3049 815 3084 ad
838 3059 988 3083 MAGNVM
1014 3060 1046 3087 Q.
1073 3060 1108 3082 M.
1134 3059 1167 3082 A.
1195 3059 1261 3083 om.
1283 3049 1317 3084 G
1334 3050 1347 3093 ΙΙ
1366 3048 1516 3094 durum]
1544 3048 1668 3082 utrum
1694 3045 1726 3081 0
1740 3047 1753 3091 Η
1771 3057 1838 3081 nec
1864 3056 1930 3083 om.
1951 3046 1992 3080 H
2016 3045 2028 3092 Η

327 3099 385 3133 est
408 3107 475 3133 om.
502 3095 533 3131 0
553 3096 567 3141 ΙΙ
599 3100 641 3131 19
667 3097 798 3140 patere
823 3095 958 3131 debere
985 3094 1015 3130 Ο
1030 3097 1043 3139 Η
1067 3095 1201 3140 pietati
1225 3106 1293 3130 om.
1320 3095 1365 3129 H
1384 3097 1396 3140 Η
1421 3094 1611 3140 patuerint
1634 3093 1675 3128 F
1696 3094 1708 3138 ΙΙ
1739 3097 1783 3128 20
1809 3092 2028 3137 capiendam

325 3145 432 3190 vulyo
450 3144 464 3189 Η
482 3155 566 3180 611111
591 3142 759 3178 Pirithoo
786 3154 852 3179 om.
878 3141 956 3178 FO
970 3143 983 3188 ΙΙ
1007 3142 1180 3187 pyritheo
1206 3142 1278 3177 AS
1304 3143 1409 3187 (corr.
1437 3142 1474 3186 a)
1493 3143 1505 3186 Η
1534 3144 1577 3176 21
1605 3140 1732 3176 sedeat
1757 3139 1798 3174 F
1832 3139 1939 3175 sedat
1965 3139 1996 3175 Ο
2017 3140 2029 3186 Η

327 3190 587 3236 aeternumqui
605 3190 646 3226 F
661 3192 673 3235 ΙΙ
692 3194 736 3225 22
757 3189 903 3226 sedebit
927 3200 971 3224 eoe
995 3190 1150 3225 ‘sedebat
1169 3188 1209 3223 F
1223 3190 1236 3234 Η
1254 3188 1383 3224 infelix
1402 3188 1568 3223 Theseus
1594 3198 1659 3222 om.
1683 3187 1713 3222 C
1727 3188 1740 3232 ΙΙ
1759 3190 1803 3222 25
1829 3197 1916 3221 nam
1936 3187 2027 3222 Her—

328 3239 450 3274 culem
472 3267 486 3276 ,
508 3267 516 3275 .
537 3266 546 3274 .
572 3239 631 3274 est
654 3249 831 3283 magnum
856 3248 922 3273 om.
937 3237 982 3272 H
995 3238 1008 3282 Η
1026 3236 1103 3273 sine
1129 3236 1312 3283 epitheto]
1340 3246 1406 3282 per
1424 3246 1463 3270 se
1484 3235 1523 3270 F
1530 3234 1560 3270 Ο
1576 3236 1587 3281 Η
1607 3238 1651 3270 26
1676 3233 1946 3280 intellegimus]
1973 3234 2027 3270 in-
