2092 3614
517 234 668 296 coum.
695 260 747 295 IN
777 259 914 296 vERc.
941 260 1054 296 AEN.
1081 260 1167 295 vm
1192 265 1392 298 γης-285.
1500 251 1502 254 ’
1709 261 1794 303 237

84 369 181 424 quis
212 367 441 411 Herculem
481 368 533 410 ad
565 368 741 411 Italiam
777 369 932 425 ingens
970 369 1164 424 ligneum
1201 369 1403 424 poculum
1442 370 1670 426 adtulisse,
1710 385 1794 426 quo

83 440 317 482 utebantur
347 440 392 482 in
423 440 568 482 sacris.
631 441 746 496 quod
776 455 830 483 ne
862 440 974 483 carie
1006 442 1331 483 consumeretur
1365 441 1459 495 pice
1491 442 1677 484 oblitum
1710 456 1796 484 ser-

83 511 287 566 vabatur,
326 511 445 553 cuius
483 511 828 567 magnitudinem
866 515 904 554 et
932 512 1168 567 reliyionem
1198 512 1324 554 simul
1362 512 1580 568 significat
1618 513 1795 556 dicendo

83 581 297 638 ‘implevit
329 582 524 624 dextram
556 597 671 625 sacer
703 582 921 639 scyphus'.
971 583 1118 639 scypho
1142 586 1313 638 praetor
1337 583 1383 625 in
1408 597 1519 626 anno
1551 585 1670 626 semel
1700 586 1796 627 vino

83 653 253 709 libabat,
284 668 411 708 neque
440 654 514 696 hoc
543 655 630 697 sine
659 668 781 697 sacra
809 655 971 708 fiebant.
1013 668 1235 709 possumus
1266 658 1304 697 et
1333 655 1440 697 illud
1463 655 1660 711 accipere,
1690 657 1798 710 quod
1822 665 1842 696 5

82 725 189 767 inter
231 739 404 768 munera
446 727 614 768 deorum
657 726 781 768 etiam
815 727 970 780 poeula
1005 730 1121 769 sunt:
1167 725 1393 769 Sallustius
1434 726 1704 769 historiarum
1740 741 1796 770 se-

82 797 213 839 cundo
246 797 429 851 poeula
464 800 509 839 et
544 797 680 839 alias
717 811 794 840 res
829 811 1026 853 aureas,
1068 799 1168 841 diis
1204 801 1408 841 sacrata
1443 799 1795 852 instrumenta,

82 868 109 920 †
127 869 329 911 convivo
359 872 654 911 mereantur.

201 939 298 982 279.
349 957 395 983 IN
421 957 587 984 MENSAM
614 957 735 984 LAETJ
762 958 910 984 LIBANT
942 940 1015 984 hoc
1051 944 1109 984 est
1139 940 1252 985 ‘date
1280 942 1382 983 vina
1411 940 1617 984 volentes'.
1678 955 1796 995 quae-

81 1011 207 1053 ritur·
222 1024 338 1064 sane,
358 1012 443 1053 'eur
472 1012 519 1053 in
550 1025 734 1054 mensam
765 1016 805 1055 et
825 1027 910 1055 non
939 1013 986 1055 in
1016 1027 1139 1073 aram
1170 1012 1416 1055 libaverint?
1447 1013 1520 1055 sed
1547 1014 1661 1067 apud
1689 1014 1796 1056 anti-

80 1095 181 1136 quos
204 1082 313 1125 inter
336 1096 530 1125 vasorum
554 1084 838 1137 supellectilem
863 1085 987 1127 etiam
1012 1098 1197 1127 mensam
1221 1098 1312 1127 eum
1338 1085 1427 1127 aris
1451 1098 1539 1127 mos
1558 1088 1648 1127 erat
1664 1099 1796 1128 conse-

83 1154 196 1195 crari
225 1167 304 1207 quo
334 1155 399 1196 die
430 1154 623 1209 templum
660 1156 991 1198 consecrabatur:
1027 1157 1135 1199 unde
1171 1156 1266 1198 bene
1297 1157 1357 1198 ait
1387 1155 1454 1198 ‘in
1484 1170 1668 1199 mensam
1701 1158 1797 1199 laeti

83 1223 247 1280 libant'‚
277 1239 402 1279 quam
433 1226 643 1269 constabat
672 1240 763 1269 eum
794 1241 872 1269 ara
903 1228 1092 1270 maxima
1115 1228 1362 1282 dedicatam,
1392 1230 1440 1270 ut
1462 1227 1565 1270 alibi
1590 1228 1660 1282 <11
1682 1229 1705 1271 7
1710 1229 1795 1284 64>

81 1309 369 1350 mensaeque
398 1298 605 1340 deorum.

203 1367 302 1410 280.
350 1379 536 1411 DEVEXO
570 1380 758 1412 OLYMPO
792 1369 1003 1412 inclinato
1036 1369 1081 1412 in
1111 1371 1283 1412 noctem
1316 1370 1448 1413 caelo.

201 1439 300 1482 282.
349 1450 577 1482 PELvas
610 1452 659 1482 m
689 1451 858 1482 MOREM
891 1451 1047 1483 cmc'rl
1080 1442 1156 1482 aut
1186 1440 1233 1482 in
1265 1456 1431 1483 morem
1464 1426 1681 1485 Herculis:
1721 1447 1796 1486 aut

83 1513 196 1552 certe
229 1509 517 1553 sacerdotum:
548 1515 624 1554 aut
647 1510 711 1554 ‘ex
734 1510 873 1564 more’‚
903 1512 1003 1566 quia
1024 1511 1139 1568 Pan,
1171 1513 1268 1555 deus
1287 1513 1513 1568 Arcadiae,
1535 1507 1708 1568 pellitus
1731 1516 1796 1571 sit,

83 1582 191 1624 unde
220 1581 434 1624 Euander.
1118 1636 1122 1638 ῃ
1416 1637 1428 1645 .

203 1653 301 1696 283.
350 1665 410 1695 ET
436 1665 623 1697 MENSAE
649 1645 807 1697 <mm
834 1666 1077 1698 SECVNDAE
1103 1667 1233 1699 DONA
1259 1667 1447 1699 FERVNT
1474 1656 1586 1712 quia,
1618 1659 1667 1699 ut
1693 1657 1797 1700 dixi-

84 1739 180 1767 mus
220 1724 270 1779 <I
301 1724 417 1780 216>
456 1740 542 1768 una
583 1726 725 1768 carnis
766 1726 928 1783 fuerat,
972 1727 1127 1770 altera>
1153 1742 1395 1783 pomorum.
1457 1742 1619 1771 mensae
1660 1733 1797 1772 autem

83 1792 281 1838 secundae
310 1797 338 1850 †
351 1809 456 1850 quae
484 1800 583 1839 sunt
611 1797 799 1851 alioquin
826 1801 982 1853 pratae.

203 1867 302 1910 284.
343 1878 691 1919 GVMVLANTQVE
707 1880 938 1912 ominans
953 1881 1184 1913 LAncmvs
1199 1881 1315 1913 ARAs
1335 1870 1376 1912 id
1399 1873 1466 1913 est
1484 1871 1667 1913 reddunt
1686 1874 1796 1915 exta.

204 1938 303 1981 285.
353 1949 476 1981 SALII
506 1940 605 1982 salii
634 1943 748 1995 sunt,
780 1940 854 1996 qui
885 1940 1172 1996 tripudiantes
1199 1956 1298 1984 aras
1324 1942 1621 1985 circumibant.
1671 1944 1796 1986 salta-

180 2094 200 2125 5
229 2090 442 2139 Sallustius]
469 2091 554 2128 hist.
580 2092 651 2128 inc.
679 2096 724 2129 88
749 2092 913 2130 Dietseh.
939 2097 985 2130 56
1011 2093 1125 2130 Kritz.
1145 2095 1198 2140 119
1225 2093 1417 2139 quaeritur
1441 2106 1528 2130 sane
1555 2106 1585 2131 e.
1613 2106 1647 2139 q.
1675 2096 1720 2142 s.]
1747 2095 1794 2132 cf.

86 2135 248 2174 Macrob.
277 2137 353 2175 Sat.
380 2138 432 2174 ΠΙ
460 2143 516 2184 12,
542 2142 563 2175 5
584 2151 663 2186 sqq.

181 2285 202 2316 2
228 2281 406 2317 utebatur
424 2281 497 2317 AS
502 2281 539 2316 R
559 2285 591 2317 et
609 2283 894 2328 mythoqraphus
911 2284 924 2329 ΙΙ
942 2283 1106 2330 necarie]
1132 2283 1273 2319 nefarie
1295 2283 1337 2319 F
1350 2286 1363 2330 ΙΙ
1381 2289 1402 2319 3
1430 2284 1586 2320 dicendo
1606 2295 1672 2320 om.
1695 2285 1767 2320 AS
1784 2285 1796 2331 Η

84 2332 107 2363 4
133 2328 249 2374 sepho
269 2328 317 2364 F.
355 2329 510 2373 fortasse
535 2329 675 2375 scypho
701 2330 783 2366 hoc.
829 2334 983 2367 ceterum
1007 2332 1141 2367 scholio
1166 2332 1262 2377 quod
1287 2333 1480 2377 exscripsit
1499 2333 1679 2378 plenioris
1704 2343 1795 2368 com-

86 2377 260 2412 mentarii
283 2377 411 2412 auctor
436 2387 503 2412 cur
526 2387 628 2413 sacer
652 2377 773 2414 dictus
797 2382 884 2414 esset
907 2379 1065 2424 scyphus
1089 2380 1292 2424 eoepositum
1316 2383 1395 2415 erat
1413 2381 1425 2426 ΙΙ
1452 2383 1603 2425 praeter
1628 2380 1677 2423 F,
1702 2391 1794 2417 corr.

84 2423 232 2459 Daniel.
259 2424 305 2467 cf.
333 2423 470 2460 Preller
494 2423 618 2460 Roem.
648 2425 804 2471 Mythol.
827 2437 865 2471 p.
893 2429 962 2461 651
982 2437 1032 2472 sq.
1057 2428 1070 2472 n
1098 2427 1186 2463 bino
1212 2426 1253 2461 F
1273 2428 1286 2473 11
1318 2431 1338 2461 5
1365 2426 1503 2463 libauit
1528 2427 1578 2472 F,
1604 2438 1695 2463 corr.
1716 2428 1795 2462 Da-

84 2471 158 2506 niel
175 2472 189 2517 n
206 2482 384 2516 posumus
411 2470 452 2506 F
466 2472 479 2517 ΙΙ
505 2476 525 2506 6
551 2471 790 2508 historiarum
816 2474 976 2509 secundo
1004 2473 1051 2510 F.
1078 2474 1294 2510 Sehoellius:
1321 2475 1378 2510 his
1406 2476 1493 2510 sunt
1518 2476 1720 2511 secundum
1747 2475 1795 2518 F,

86 2517 139 2553 hii
166 2521 253 2554 sunt
278 2519 479 2554 secundum
505 2519 643 2555 Daniel
687 2520 726 2555 hi
750 2521 837 2556 sunt
861 2520 925 2566 qui
951 2521 1154 2557 secuudum
1181 2522 1390 2558 Masvicius
1427 2523 1467 2558 hi
1498 2525 1584 2558 sunt
1617 2523 1680 2568 qui
1717 2523 1795 2558 sine

84 2564 309 2601 verecundia
340 2566 550 2602 Dietsehius
579 2567 592 2612 u
629 2570 650 2602 8
689 2568 863 2614 convivo]
908 2580 991 2604 cum
1033 2569 1123 2615 pino
1160 2568 1400 2607 Gommelinus
1444 2570 1615 2606 convivio
1654 2570 1795 2606 Masei-

86 2613 183 2656 cius,
218 2617 428 2658 receperunt
458 2614 629 2650 Kritzius
659 2618 692 2650 et
723 2615 944 2652 Dietschius.
993 2618 1118 2652 malim
1144 2616 1193 2651 ad
1219 2617 1392 2653 convivia
1429 2619 1441 2664 Η
1471 2621 1557 2663 post
1581 2620 1796 2653 mereantur

86 2660 258 2696 lacunam
282 2661 463 2696 indicavit
482 2661 630 2697 Daniel.
670 2664 881 2698 mercantur
903 2664 1018 2700 edidit
1039 2663 1289 2700 Commelinus.
1328 2666 1422 2700 idem
1441 2666 1593 2701 coniecit
1612 2666 1795 2708 Kritz-im,

85 2708 218 2752 recepit
236 2707 458 2752 Dietschius,
487 2712 580 2745 reete
598 2713 640 2744 ut
657 2711 806 2754 opinor:
831 2722 1051 2756 quamquam
1076 2712 1216 2747 incerta
1241 2716 1291 2748 est
1314 2713 1443 2748 horum
1467 2714 1657 2748 verborum
1682 2725 1794 2749 emen-

87 2755 206 2799 datio,
243 2766 324 2791 cum
360 2756 546 2792 neseiatwr
581 2757 807 2803 inteqramne
838 2758 1011 2794 Sallustii
1043 2760 1257 2795 sententiam
1295 2761 1473 2805 interpres
1506 2762 1747 2806 exscripserit.
1783 2760 1795 2807 Η

87 2806 108 2837 9
143 2815 247 2838 num
272 2814 412 2838 mmm
438 2802 478 2837 F
506 2805 518 2848 ΙΙ
554 2804 603 2839 ad
626 2815 658 2839 v.
686 2808 754 2840 279
781 2806 823 2841 in
846 2816 959 2851 mary.
993 2806 1185 2851 quaeritur
1217 2819 1281 2842 cur
1311 2807 1351 2842 in
1375 2819 1505 2843 mensa
1529 2807 1796 2843 libauerintset

87 2860 160 2885 non
186 2850 233 2884 ad
259 2861 372 2887 aram.
424 2850 487 2885 sed
514 2850 615 2896 apud
640 2852 813 2897 antiquos
840 2880 847 2887 .
870 2880 877 2888 .
901 2882 907 2889 .
935 2853 1147 2890 dedicatam
1177 2854 1211 2889 T
1236 2857 1248 2899 ΙΙ
1287 2859 1330 2891 10
1357 2867 1462 2891 arum
1489 2855 1530 2890 F
1556 2857 1569 2901 ΙΙ
1606 2858 1698 2901 aput
1723 2856 1763 2890 F
1784 2856 1795 2902 l!

90 2901 131 2932 11
160 2898 422 2943 supplectilem
446 2897 487 2933 F
501 2899 513 2943 ΙΙ
533 2909 616 2933 cum
642 2899 716 2934 aris
743 2911 808 2935 om.
834 2900 866 2934 T
882 2901 894 2945 ΙΙ
916 2904 959 2935 12
985 2902 1263 2938 consecrabitur
1288 2902 1328 2937 F
1343 2904 1355 2948 ΙΙ
1374 2903 1463 2938 laeti
1490 2914 1555 2938 om.
1581 2903 1613 2937 Τ
1629 2904 1642 2948 ΙΙ
1663 2907 1705 2938 13
1732 2903 1795 2938 de-

88 2944 214 2980 dicata.
234 2944 274 2980 F
288 2946 301 2991 ΙΙ
322 2949 364 2980 16
391 2947 457 2981 aut
482 2947 582 2981 certe
609 2946 811 2982 secundum
834 2952 923 2983 noir—1
947 2949 1103 2993 (morem
1123 2949 1275 2994 Daniel)
1303 2950 1539 2985 sacerdotum
1559 2950 1599 2985 F
1614 2953 1626 2995 ΙΙ
1648 2955 1689 2986 17
1717 2951 1794 2995 pel-

87 2991 176 3026 litus
202 2993 350 3037 scripsi:
377 2992 520 3038 peneus
546 2993 594 3029 F.
629 2995 750 3038 possis
773 2998 806 3030 et
830 2995 929 3040 pelle
955 2996 1010 3031 uti
1036 2997 1132 3032 solet
1156 2998 1211 3032 vel
1234 2997 1333 3041 pelle
1359 2997 1517 3033 uestitur
1542 2998 1555 3042 ss
1585 3002 1628 3033 19
1655 2998 1731 3032 dixi
1758 2997 1798 3032 F

88 3038 247 3074 diximus
273 3051 385 3085 supra
404 3041 512 3085 v-ulyo
531 3042 543 3087 ΙΙ
562 3045 608 3076 20
634 3042 799 3076 carnium
818 3041 855 3077 R
874 3044 885 3089 ΙΙ
905 3044 954 3079 ad
979 3056 1159 3080 sschnAs
1183 3055 1284 3089 supr.
1304 3055 1392 3080 vers.
1419 3056 1619 3090 prosperae
1645 3046 1688 3079 ut
1713 3044 1794 3088 qui-

90 3084 175 3120 dam
206 3086 432 3132 intellegunt
460 3087 495 3122 Τ
513 3089 526 3133 ΙΙ
556 3100 705 3124 mensae
736 3091 861 3125 autem
891 3090 1076 3127 secundae
1106 3092 1202 3127 u'vae
1236 3093 1324 3129 sunt
1359 3092 1553 3137 olivaeque
1589 3094 1718 3138 gratae
1745 3091 1793 3126 F.

90 3131 286 3170 Schoellius
310 3135 462 3171 coniecit
479 3136 492 3182 ΙΙ
516 3139 561 3171 23
588 3135 653 3171 alii
679 3138 765 3172 sunt
784 3136 824 3171 F
840 3138 852 3184 ΙΙ
880 3139 929 3174 ad
952 3149 985 3174 v.
1011 3143 1081 3175 285
1106 3139 1149 3174 in
1172 3150 1286 3184 mary.
1314 3139 1410 3174 Tum
1436 3139 1519 3175 salii
1545 3151 1662 3185 genus
1687 3138 1793 3172 mini-

90 3179 247 3216 strorum
279 3182 360 3217 etat
393 3193 486 3227 quos
518 3193 541 3217 a
565 3183 663 3219 saltu
696 3184 848 3229 quidam
880 3186 1091 3231 appellatos
1123 3185 1261 3222 dicunt.
1313 3187 1503 3222 saltabant
1534 3188 1659 3221 autem
1691 3196 1793 3220 more

90 3226 207 3261 ueteri
239 3227 374 3263 armati
401 3257 408 3264 .
437 3256 444 3265 .
473 3255 482 3264 .
508 3230 662 3265 ultimus
687 3231 759 3266 fuit
786 3231 820 3266 T

1825 1022 1867 1053 10

1823 1379 1865 1411 15

1822 1737 1868 1768 20
