2092 3614
223 1002 266 1033 10

224 1359 268 1391 15

225 1716 270 1749 20

286 240 374 282 504
1062 235 1223 272 SERV'II

287 350 413 393 tionis
451 348 632 393 Venulus
667 347 787 389 addit
823 345 878 388 ‘et
906 359 1101 400 responsa
1138 346 1264 388 simul
1294 359 1398 400 quae
1427 346 1528 402 sint,
1565 360 1637 389 rex
1667 347 1813 401 optime
1842 359 1994 401 requm,

287 420 471 464 audisti'.
519 418 724 462 excusatio
755 417 969 461 Diomedis
999 417 1150 471 duplex
1180 420 1259 459 est:
1294 417 1420 470 fortes
1450 420 1548 460 sunt
1579 416 1755 460 Troiani
1784 421 1822 460 et
1848 418 1994 472 felices.

285 494 411 547 fortes
447 492 617 534 breviter
653 490 827 532 ostendit
853 503 931 544 per
966 489 1310 531 intermissionem
1347 488 1478 532 ‘mitto
1514 503 1563 532 ea
1599 488 1715 543 quae'
1748 493 1786 532 et
1813 490 1995 544 reliqua:

286 564 467 619 friyidus
503 563 612 605 enim
639 561 759 604 locus
795 565 900 617 erat,
936 562 975 603 si
1010 561 1200 603 virtutem
1236 574 1376 603 eorum
1412 561 1551 603 timere
1586 550 1733 603 diceret
1759 574 1860 615 quos
1889 561 1996 604 vicit.

289 635 502 678 Secundus
540 634 650 676 loeus
679 633 812 676 multa
841 633 1039 676 continet:
1079 635 1164 674 tam
1192 632 1328 685 felices
1358 645 1458 688 esse,
1494 636 1554 675 ut'
1570 633 1618 675 de
1647 630 1835 675 omnibus
1863 632 1995 675 vindi-

289 710 498 761 carentur,
543 709 582 748 et
615 705 782 760 sinyula
818 706 868 748 de
902 704 1078 759 sinyulis
1114 704 1219 746 mire
1255 705 1438 758 augendo
1474 704 1717 758 eoesequitur.
1777 704 1997 746 novissimo

291 780 374 821 loco
398 779 446 821 de
470 789 511 820 se
534 777 651 828 dixit,
681 790 733 819 ne
756 776 794 819 ei
819 775 1058 819 obiceretur:
1089 775 1191 829 quid
1220 778 1257 817 te
1279 775 1362 818 ista
1385 779 1554 828 movent,
1585 776 1623 818 si
1653 778 1698 817 tu
1722 774 1829 818 nihil
1847 788 1998 830 passus

289 850 362 893 es?
394 853 432 892 et
461 849 584 891 auxit
612 849 721 903 quod
749 848 902 899 amisit,
933 850 971 890 et
999 848 1127 890 socios
1157 847 1305 889 adiecit
1330 860 1423 889 cum
1448 847 1741 890 exclamatione
1765 846 1877 889 ‘haec
1900 847 1998 890 adeo

290 936 340 965 ex
380 922 451 964 illo
488 920 592 963 milii
627 919 714 961 iam
751 920 956 972 speranda
990 919 1163 972 fuerunt
1197 917 1396 972 tempore'.
1451 920 1540 962 ideo
1575 932 1617 961 se
1653 922 1796 961 contra
1834 918 2000 961 Veneris

290 994 427 1048 filium
458 994 623 1035 excusat
644 1004 856 1045 puynare,·
894 1004 995 1033 nam
1024 990 1208 1044 sequitur
1239 988 1306 1032 ‘ne
1329 1004 1437 1046 vero,
1468 1004 1519 1032 ne
1549 1003 1612 1032 me
1641 991 1699 1032 ad
1728 990 1828 1032 tales
1843 978 1998 1043 'impel-

293 1066 362 1107 lite
384 1062 579 1118 puynas'.
621 1066 835 1117 supererat
863 1065 910 1104 ut
932 1075 1077 1116 pacem
1106 1061 1314 1112 suaderet;
1346 1062 1409 1103 ait
1437 1062 1547 1104 enim
1578 1061 1766 1104 ‘munera
1796 1075 1900 1115 quae
1921 1075 1999 1115 pa-

293 1136 386 1178 tri-is
420 1135 478 1177 ad
506 1147 569 1176 me
591 1133 793 1188 portastis
822 1134 874 1175 ab
911 1132 1009 1175 oris'
1049 1136 1088 1175 et
1120 1136 1260 1175 cetera.
1321 1133 1416 1175 inde
1453 1133 1615 1176 laudem
1645 1132 1808 1175 Aeneae
1837 1134 1898 1175 ita
1928 1133 2000 1175 ad-

292 1208 416 1264 didit,
445 1209 493 1248 ut
520 1218 642 1248 stiam
674 1205 836 1247 laudem
865 1207 1066 1248 servaret:
1104 1204 1163 1246 ibi
1193 1204 1302 1247 enim
1332 1204 1404 1247 ubi
1432 1218 1474 1247 se
1503 1207 1684 1260 eaecusat,
1713 1217 1797 1246 non
1826 1203 1898 1246 hoc
1928 1204 2000 1259 ait,

292 1279 394 1334 quia
421 1278 545 1332 fortis
574 1279 634 1320 est
661 1290 746 1319 non
775 1277 910 1333 adero,
939 1277 1011 1319 sed
1029 1276 1138 1318 illud
1166 1274 1421 1330 ‘quicumque
1445 1275 1602 1318 Iliacos
1624 1275 1735 1328 ferro
1760 1275 2002 1318 violavimus

293 1349 442 1406 ayros',
478 1349 600 1404 quasi
634 1348 706 1391 hoc
739 1348 878 1402 fatiem
906 1348 1036 1401 fuerit
1065 1348 1250 1390 omnium
1258 1362 1272 1399 ,·
1309 1347 1374 1391 hie
1403 1347 1474 1390 ubi
1503 1347 1647 1389 suadet
1671 1360 1813 1401 pacem
1819 1380 1830 1403 ‚
1867 1350 2003 1401 aperte

293 1422 409 1476 dicit,
432 1434 560 1475 pares
589 1419 694 1462 milii
724 1433 808 1462 non
838 1420 950 1475 estis,
987 1422 1026 1461 et
1054 1419 1117 1461 ait
1146 1418 1322 1473 ‘experto
1353 1419 1515 1471 credite,
1546 1421 1725 1473 quantus
1753 1419 1800 1460 in
1830 1419 2003 1474 clipeum

293 1493 510 1548 adsuryat,
549 1505 627 1546 quo
666 1491 826 1533 turbine
864 1493 1047 1545 torqueat
1081 1488 1273 1545 hastam',
1309 1490 1356 1533 id
1390 1494 1449 1533 est
1484 1504 1552 1545 eqo
1585 1490 1723 1543 fatum
1761 1490 1897 1545 timeo,
1933 1503 2003 1532 vos

293 1566 483 1607 virtutem
514 1563 655 1605 timere
679 1563 835 1605 debetis.
877 1573 977 1604 nam
1007 1562 1116 1616 quod
1143 1562 1292 1604 adiecit
1322 1561 1374 1604 ‘si
1403 1563 1483 1604 duo
1509 1564 1720 1616 praeterea
1751 1561 1848 1603 talis
1871 1560 2003 1603 Idaea

296 1634 480 1687 tulisset’‚
516 1647 600 1677 non
636 1634 722 1688 fuit
750 1637 962 1676 contentus
991 1633 1112 1676 illum
1143 1632 1314 1675 Hectori
1343 1646 1598 1688 comparare,
1634 1633 1719 1675 nisi
1749 1632 2006 1675 adiunoeisset

298 1707 378 1750 ‘hic
395 1707 548 1761 pietate
566 1706 711 1761 prior:
742 1708 887 1748 coeant
909 1706 955 1747 in
977 1705 1143 1759 foedera
1167 1704 1358 1760 deoetrae',
1389 1706 1436 1747 id
1457 1708 1515 1748 est
1537 1704 1637 1759 quia
1653 1705 1755 1758 pius
1778 1707 1846 1759 est,
1877 1703 2004 1746 bonus

295 1779 454 1821 amicus
484 1778 571 1820 erit.
632 1778 773 1820 statim
803 1777 1012 1829 conclusit,
1049 1777 1157 1819 sicut
1184 1777 1242 1819 ad
1268 1776 1435 1831 sinyula
1464 1777 1643 1819 invenies
1673 1776 1838 1818 dietum.
1898 1777 2007 1830 quod

296 1846 433 1893 autem
463 1850 527 1891 ait
556 1848 759 1904 ‘vidimus,
791 1863 814 1891 o
844 1849 957 1901 cives,
990 1847 1257 1904 Diomedem',
1287 1849 1408 1902 quasi
1437 1862 1503 1891 res
1532 1861 1686 1903 mayna
1716 1848 1753 1890 ei
1783 1848 2004 1903 contiyerit,

298 1923 370 1977 qui
401 1922 524 1964 talem
554 1921 691 1963 virum
720 1921 878 1963 viderit.
927 1934 1028 1963 sane
1060 1922 1136 1962 aut
1167 1918 1453 1963 ‘Diomedem'
1484 1920 1722 1975 legendum,
1753 1922 1803 1962 ut
1835 1919 1894 1962 sit
1923 1918 2004 1961 La-

296 1994 415 2036 tinus
455 1993 745 2035 accusativus:
784 1994 828 2035 et
867 1992 1111 2035 admittitur
1147 1991 1391 2047 ecthlipsis,
1422 1994 1471 2034 ut
1502 1991 1550 2044 <I
1582 1992 1638 2047 3>
1671 1992 1881 2034 multum
1914 1991 2004 2033 ille

392 2139 437 2171 23
465 2135 531 2170 aut
555 2132 776 2169 Diomedem
802 2144 831 2169 e.
858 2145 891 2178 q.
919 2132 966 2179 s.]
992 2131 1038 2168 of.
1064 2132 1228 2169 Macrob.
1256 2132 1332 2168 Sat.
1358 2132 1393 2168 V
1418 2136 1474 2177 17,
1502 2136 1546 2167 19

394 2271 413 2303 1
440 2266 547 2302 addit
572 2265 699 2301 dicens
723 2264 758 2300 T
771 2265 783 2311 ΙΙ
809 2264 919 2299 simul
945 2264 985 2298 et
1007 2262 1153 2307 reliqua
1179 2262 1230 2307 G,
1257 2273 1352 2307 quae
1380 2291 1387 2299 .
1408 2290 1416 2299 .
1439 2292 1445 2299 .
1473 2262 1610 2298 audisti
1635 2262 1800 2298 omittens
1816 2263 1829 2307 ss
1854 2265 1874 2296 2
1902 2262 2005 2298 audi—

305 2315 369 2362 sti]
396 2315 435 2350 et
454 2315 579 2350 cetera
598 2313 682 2349 add.
707 2313 740 2347 T
756 2313 769 2358 ΙΙ
786 2312 879 2347 item
905 2310 1096 2347 excusatio
1121 2309 1304 2345 diomedis
1329 2310 1467 2355 duplex
1483 2309 1672 2345 inducitur
1693 2310 1727 2344 T
1743 2311 1756 2356 ss
1774 2311 1860 2344 sunt
1883 2309 2008 2355 inquit

304 2362 443 2398 troiani
471 2362 504 2396 T
519 2362 532 2407 ss
551 2365 572 2396 3
598 2371 666 2406 per
689 2358 1018 2405 intermissionem]
1047 2357 1203 2393 dicendo
1227 2357 1286 2403 Tu
1313 2361 1336 2391 4
1361 2357 1519 2403 frigidus
1548 2385 1555 2392 .
1577 2384 1584 2392 .
1605 2385 1614 2393 .
1640 2356 1749 2404 vicit]
1774 2357 1882 2402 turpe
1908 2358 2007 2393 enim

300 2411 380 2445 erat
405 2409 528 2444 dicere
554 2419 682 2444 eorum
705 2407 885 2442 uirtutem
909 2405 1042 2441 timere
1069 2415 1161 2450 quos
1186 2404 1331 2440 uicerat
1352 2404 1386 2457 T
1401 2406 1414 2450 fl
1432 2404 1572 2440 uirtute
1592 2404 1627 2440 G
1644 2405 1656 2449 ΙΙ
1682 2416 1732 2439 an
1755 2403 1888 2440 timere
1908 2416 1945 2441 se
1961 2404 2008 2487 Ὗ

299 2461 321 2492 5
345 2457 443 2502 tam]
470 2455 615 2491 scilicet
638 2455 692 2489 ita.
719 2454 754 2489 T
773 2455 786 2499 ΙΙ
813 2455 857 2489 ut
881 2453 927 2488 de
955 2453 1003 2487 T:
1028 2452 1127 2487 unde
1152 2452 1193 2486 F
1213 2453 1226 2497 ΙΙ
1255 2456 1274 2487 ’1
1302 2451 1394 2487 diclt
1421 2452 1454 2486 T
1470 2453 1482 2498 ΙΙ
1513 2452 1575 2498 ne]
1600 2453 1793 2497 tamquam
1822 2452 1855 2487 T
1871 2453 1884 2499 ss
1913 2452 1994 2488 nihi

299 2506 340 2539 tn
368 2503 402 2538 T
430 2504 442 2549 11
479 2507 500 2538 8
527 2501 655 2537 omisit
682 2502 716 2536 T
743 2503 756 2547 ΙΙ
793 2500 912 2536 socios
938 2511 1006 2536 om.
1028 2499 1063 2535 T
1090 2500 1102 2545 ΙΙ
1140 2498 1281 2534 adiacit
1306 2498 1348 2534 F
1380 2500 1392 2545 ΙΙ
1429 2503 1449 2534 9
1475 2499 1585 2546 mihi]
1619 2500 1656 2535 et
1679 2499 1826 2547 reliqua
1849 2500 1934 2536 add.
1962 2500 2008 2544 G,

299 2551 376 2587 iam
409 2580 416 2587 .
445 2577 453 2585 .
481 2578 488 2586 .
520 2551 690 2594 tempore
727 2549 893 2584 omittens
922 2548 934 2593 ΙΙ
971 2558 1010 2582 se
1036 2549 1122 2592 post
1154 2547 1308 2582 excusat
1337 2547 1420 2582 hab.
1450 2547 1490 2582 T.
1542 2547 1693 2582 excusat
1727 2547 1813 2591 fort.
1839 2558 1911 2592 pro
1948 2558 2008 2583 ex-

302 2609 434 2634 cusans
466 2597 582 2643 negat
602 2596 730 2642 posuit
752 2596 948 2640 interpres.-
981 2604 1200 2640 quamquam
1223 2594 1408 2639 suspicari
1426 2595 1548 2639 possis
1571 2593 1657 2630 ideo
1683 2605 1712 2629 c.
1738 2593 1783 2630 V.
1809 2594 1833 2629 f.
1859 2596 2009 2630 recusat

301 2656 472 2692 pugnare
490 2645 503 2691 ΙΙ
525 2647 566 2679 11
592 2644 650 2691 ut]
678 2645 716 2679 et
741 2643 776 2679 G
793 2644 806 2690 ΙΙ
825 2643 880 2677 ait
904 2641 1019 2688 enim]
1046 2641 1139 2677 dicit
1163 2652 1252 2686 ergo
1275 2642 1310 2676 T
1324 2642 1337 2687 11
1356 2652 1509 2677 numera
1527 2642 1569 2676 F
1583 2642 1595 2688 ΙΙ
1615 2653 1710 2687 quae
1736 2642 1774 2677 et
1797 2641 1942 2687 reliqua
1962 2642 2008 2687 G,

301 2693 434 2739 patriis
462 2721 469 2728 .
490 2722 498 2730 .
521 2720 528 2728 .
556 2691 631 2727 oris
656 2691 822 2727 omittens
851 2690 864 2736 11
902 2693 945 2724 12
972 2690 1010 2724 et
1035 2690 1161 2724 cetera
1185 2700 1251 2725 om.
1273 2689 1313 2725 F
1339 2689 1352 2734 ΙΙ
1382 2688 1533 2724 laudem
1559 2689 1665 2725 addit
1689 2700 1826 2725 aeneae
1852 2687 1908 2724 ita
1935 2689 1969 2724 T
1997 2689 2009 2736 Η

305 2745 348 2776 13
373 2740 524 2776 laudem
551 2751 616 2775 om.
635 2738 669 2774 T
683 2739 696 2786 ΙΙ
715 2739 837 2774 seruet
859 2737 893 2771 T
909 2738 921 2784 ΙΙ
939 2736 1005 2771 ubi
1031 2736 1130 2772 enim
1156 2747 1194 2772 se
1220 2739 1373 2772 excusat
1395 2736 1429 2771 T
1442 2737 1454 2782 ΙΙ
1473 2736 1541 2783 ait]
1569 2739 1635 2773 aut
1653 2736 1694 2772 F
1708 2738 1720 2782 ΙΙ
1741 2739 1786 2772 14
1803 2748 1877 2772 non
1896 2736 2008 2772 adero

302 2789 451 2834 scripsi:
476 2798 551 2823 non
576 2786 671 2822 adeo
690 2786 740 2830 F,
764 2796 830 2821 om.
854 2784 898 2829 T,
925 2795 997 2819 non
1024 2784 1143 2819 audeo
1171 2786 1263 2819 coni.
1278 2784 1531 2820 Burmannus.
1551 2785 1563 2831 ΙΙ
1582 2783 1676 2820 illud
1701 2795 1767 2820 om.
1785 2783 1819 2819 T
1833 2785 1847 2829 ΙΙ
1866 2787 1910 2819 15
1930 2783 2007 2819 fue-

303 2836 355 2871 rit
383 2835 428 2871 T:
454 2835 528 2870 fuit
552 2834 593 2870 F
617 2835 629 2881 ΙΙ
661 2833 824 2869 omnium
850 2843 917 2869 om.
941 2831 975 2866 T
997 2832 1009 2877 ΙΙ
1038 2832 1144 2876 perte
1170 2831 1205 2867 G
1231 2833 1244 2878 ΙΙ
1274 2833 1403 2877 aperte
1430 2859 1437 2866 .
1460 2860 1467 2868 .
1490 2860 1497 2867 .
1524 2832 1593 2878 ait]
1620 2833 1747 2877 aperte
1773 2831 1844 2867 sibi
1868 2830 2009 2867 diceret

303 2893 414 2929 pares
440 2893 517 2918 esse
542 2881 616 2917 nisi
640 2880 871 2917 adiunxisset
892 2879 925 2914 T
941 2879 953 2923 ΙΙ
974 2883 1017 2914 16
1044 2879 1112 2924 ait]
1138 2881 1181 2914 ut
1201 2879 1236 2915 G
1253 2880 1265 2925 ΙΙ
1286 2883 1329 2915 17
1356 2879 1536 2925 adsurgat
1560 2890 1626 2915 om.
1646 2878 1714 2925 Fu
1732 2878 1771 2913 id
1790 2878 1862 2924 est]
1889 2877 2009 2914 ueluti

305 2930 447 2966 diceret
467 2929 501 2964 T
516 2930 528 2975 ΙΙ
549 2932 592 2964 18
619 2929 667 2964 ad
693 2940 738 2964 ea
761 2927 910 2963 tulisset
929 2926 969 2962 F
1005 2926 1204 2962 adtulisset
1225 2926 1259 2962 G
1277 2928 1289 2973 ΙΙ
1310 2931 1353 2962 19
1378 2938 1452 2962 non
1477 2926 1559 2967 fuit
1576 2954 1583 2962 .
1606 2956 1614 2963 .
1635 2953 1643 2961 .
1663 2926 1735 2961 nisi
1761 2925 2007 2973 adiunxisset]

303 2979 328 3013 i.
351 2989 377 3013 e.
398 2988 472 3012 non
487 2977 636 3021 putavit
656 2976 810 3011 Hectore
828 2977 1037 3020 comparato
1061 2975 1152 3009 satis
1171 2975 1362 3010 laudatum
1380 2984 1453 3010 esse
1470 2973 1632 3015 Aenean,
1652 2973 1728 3009 nisi
1746 2973 1977 3009 adiunaeisset
2000 2974 2013 3021 11

305 3026 437 3061 hector
463 3023 504 3059 F
518 3025 530 3070 ΙΙ
549 3027 595 3059 20
619 3023 697 3070 hic]
723 3024 795 3059 hoc
822 3022 856 3058 G
873 3022 886 3069 ΙΙ
903 3022 974 3057 hoe
999 3021 1056 3057 est
1078 3021 1111 3055 T
1128 3022 1140 3067 ΙΙ
1159 3034 1233 3067 qua
1252 3022 1293 3057 F
1307 3023 1320 3067 ΙΙ
1337 3021 1421 3067 plus
1441 3021 1536 3065 FT,
1561 3031 1652 3056 corr.
1666 3021 1804 3056 Daniel
1821 3021 1834 3065 11
1853 3023 1896 3055 21
1922 3021 2008 3065 fort.

306 3074 344 3108 et
369 3071 460 3108 satis
486 3071 606 3106 multa.
632 3070 815 3106 conclusit
833 3071 845 3117 ΙΙ
872 3073 917 3105 22
944 3070 993 3105 ad
1017 3080 1163 3104 vmmvs
1190 3083 1210 3105 o
1236 3083 1266 3105 c.
1291 3083 1325 3104 n.
1352 3080 1379 3106 s.
1405 3080 1437 3105 v.
1465 3068 1517 3104 sic
1542 3067 1634 3104 dicit
1658 3067 1765 3113 quasi
1789 3079 1847 3104 res
1872 3078 2010 3113 magna

306 3120 342 3156 ei
366 3118 567 3165 contigerit
593 3147 600 3154 .
622 3147 630 3154 .
652 3145 658 3152 .
686 3117 842 3162 uiderit,
868 3117 918 3153 ad
941 3127 1145 3156 ABGIVAQVE
1172 3130 1201 3152 c.
1227 3128 1254 3152 s.
1275 3128 1307 3152 v.
1334 3116 1423 3162 quia.
1447 3115 1585 3151 milites
1611 3115 1761 3162 argiuos
1786 3115 1920 3151 habuit
1944 3116 2009 3161 qui

307 3178 392 3203 eum
418 3166 538 3202 secuti
562 3166 649 3201 sunt
677 3166 710 3200 T
725 3166 738 3210 ΙΙ
755 3165 830 3212 res]
856 3176 922 3200 rex
946 3163 980 3199 G
998 3165 1010 3210 ss
1038 3167 1083 3199 23
1110 3175 1198 3199 sane
1224 3164 1285 3199 hic
1305 3164 1443 3200 Daniel
1460 3164 1473 3210 ΙΙ
1491 3166 1537 3199 24
1563 3163 1616 3209 et]
1644 3174 1709 3198 om.
1730 3163 1918 3207 RH,.aut
1935 3162 1977 3198 F
1997 3163 2010 3210 ΙΙ

307 3214 467 3260 eclypsis
492 3213 567 3250 AS
603 3212 753 3259 eclipsis
779 3212 863 3247 RF
897 3211 1060 3257 etclipsis
1086 3211 1130 3246 H
1135 3212 1200 3255 M,
1226 3212 1367 3248 correxi
