2092 3614
554 267 702 304 COMM.
731 266 783 302 IN
811 265 951 301 VERG.
980 264 1092 300 AEN.
1119 264 1171 299 IX
1196 266 1397 300 263—282.
1749 260 1835 301 335

124 379 310 422 fortibus
343 378 432 420 sive
465 377 640 433 regibus
673 391 749 432 pro
787 375 950 417 honore
988 374 1161 416 daretur
1199 373 1343 428 aliqua
1380 372 1544 427 publici
1575 371 1672 428 agri
1701 371 1835 426 parti-

127 451 237 502 cula,
263 451 312 492 ut
335 448 490 491 habuit
515 447 780 503 Tarquinius
807 445 1025 502 Superbus
1050 445 1095 487 in
1122 458 1275 499 campo
1301 442 1481 486 Martio:
1509 443 1622 498 quod
1649 441 1836 498 spatium

127 522 182 564 ab
208 520 398 563 Homero
424 519 606 575 τέμενος
637 518 805 561 dicitur.
855 518 939 560 hoc
969 529 1092 572 ergo,
1125 515 1239 571 quod
1263 514 1446 558 Latinus
1479 530 1556 570 pro
1589 514 1754 557 honore
1787 513 1837 555 de

125 593 349 648 republica
380 592 553 647 habuit,
586 591 640 633 ab
668 589 852 632 Ascanio
884 589 1190 644 intellegamus
1223 602 1317 629 csse
1348 587 1624 642 promissum.

245 665 346 707 274.
397 674 611 706 PECTORE
644 673 766 705 TOTo
800 660 920 703 omni
953 659 1136 702 adfectu.
1196 662 1234 701 et
1264 661 1324 701 est
1351 659 1400 700 de
1421 658 1659 712 proverbio:
1701 656 1838 701 Cicero
1865 666 1885 696 5

125 738 173 779 de
204 736 354 791 leyibus
382 735 432 790 <1
460 735 527 790 18,
552 734 638 789 49>
670 734 774 775 nisi
805 735 902 775 toto
928 735 1122 786 pectore
1158 733 1376 786 amatur,
1412 733 1466 773 ut
1502 730 1710 772 dieitur:
1748 743 1840 772 eum

125 808 236 851 enim
267 807 368 850 dicit
398 806 461 848 ‘ut
489 804 659 848 dieitur'
692 805 866 847 ostendit
886 803 1154 858 proverbiale.

245 879 344 921 277.
393 889 552 919 RERVM
583 887 932 927 VERBORVMQVE
965 886 1103 918 FIDEs
1147 877 1190 917 et
1226 889 1319 916 rem
1355 873 1575 929 publicam
1614 873 1694 915 tibi
1725 888 1839 916 com-

127 950 300 992 mittam
332 951 375 991 et
405 951 548 992 tecum
581 962 708 990 omne
740 947 1069 991 communicabo
1102 946 1342 990 consilium.

245 1022 343 1064 278.
394 1038 539 1064 CONTRA
565 1037 674 1068 QVEM
692 1037 805 1063 TALJA
825 1036 954 1063 FATVR
974 1035 1184 1062 EVRYALVS
1213 1031 1286 1060 cur
1310 1031 1403 1060 eum
1427 1017 1582 1060 duobus
1605 1018 1661 1060 sit
1684 1017 1840 1061 locutus
1866 1027 1910 1057 10

126 1093 353 1148 Ascanius,
397 1096 434 1134 et
475 1105 585 1134 unus
628 1092 693 1134 illi
734 1091 957 1146 respondit,
1000 1091 1046 1132 id
1086 1093 1146 1132 est
1179 1089 1415 1145 Euryalus,
1457 1092 1495 1131 et
1528 1088 1695 1132 minor?
1738 1090 1838 1143 quia

126 1165 316 1220 Euryalo
353 1167 391 1207 et
424 1163 684 1217 familiarius
720 1166 758 1204 et
790 1163 998 1217 posterius
1039 1164 1099 1204 est
1140 1162 1311 1213 locutus,
1355 1161 1450 1204 dein
1485 1161 1586 1215 quia
1622 1161 1838 1216 Euryalus

128 1239 303 1279 matrem
334 1236 614 1278 commendare
644 1234 791 1277 debeat.

246 1308 345 1350 279.
394 1319 459 1350 ME
480 1318 638 1349 NVLLA
658 1317 766 1348 DIES
788 1317 885 1348 TAM
905 1316 1131 1348 FORTIBVS
1152 1316 1282 1348 Avsls
1302 1316 1574 1347 DISSIMILEM
1597 1316 1838 1348 ARGVERIT

129 1380 183 1423 ab
209 1380 291 1422 hoc
318 1379 461 1421 officio
489 1362 531 1420 et
557 1378 612 1420 ab
639 1377 720 1419 hac
751 1377 929 1420 audacia
963 1391 1137 1420 accessu
1168 1376 1378 1431 temporis
1411 1376 1592 1419 inferior
1623 1391 1711 1419 non
1742 1391 1839 1432 pro·
1867 1385 1909 1416 15

127 1452 283 1507 babor,
326 1450 649 1507 qualiscumque
692 1448 866 1491 fortuna
904 1448 1145 1492 comitetur.
1208 1449 1255 1491 id
1288 1451 1348 1491 est
1381 1462 1609 1503 numquam
1645 1454 1719 1491 aut
1754 1451 1841 1490 tam

127 1524 302 1566 secunda
330 1523 503 1576 fortuna
534 1522 740 1576 acciderit,
772 1523 848 1564 aut
877 1521 963 1579 tam
994 1521 1187 1574 adversa,
1223 1523 1271 1563 ut
1300 1534 1363 1563 me
1393 1519 1635 1563 dissimilem
1665 1520 1746 1563 mei
1773 1519 1839 1574 fa-

127 1595 226 1647 ciat,
257 1595 330 1637 hoe
359 1598 417 1637 est
446 1608 572 1648 neque
602 1593 789 1636 secundis
818 1593 1104 1644 intumescam,
1135 1606 1262 1646 neque
1292 1592 1474 1635 adversis
1504 1592 1670 1635 deiciar.

248 1667 346 1709 280.
398 1677 588 1709 TANTVM
624 1664 925 1707 tantummodo
963 1663 1046 1707 hoc
1083 1678 1257 1719 possum
1292 1664 1343 1706 de
1374 1679 1443 1707 me
1481 1664 1757 1720 promittere,
1793 1665 1842 1705 ut

130 1753 299 1794 semper
337 1737 535 1793 audeam,
580 1751 750 1792 semper
788 1736 917 1779 velim
954 1735 1129 1778 fortiter
1165 1735 1322 1778 facere:
1365 1750 1468 1778 nam
1506 1735 1588 1779 hoc
1627 1738 1695 1777 est
1727 1735 1840 1792 quod
1867 1745 1912 1776 20

130 1811 233 1853 dicit
270 1809 479 1853 ‘fortibus
512 1809 627 1851 ausis
660 1807 917 1850 dissimilem
951 1806 1178 1863 arguerit’.
1239 1809 1414 1850 tantum
1451 1821 1555 1864 ergo
1594 1821 1737 1850 meum
1775 1809 1842 1849 est

130 1882 212 1925 hoc
243 1881 513 1938 promittere,
546 1880 635 1923 sive
667 1893 894 1935 prospera,
927 1879 1016 1922 sive
1047 1878 1227 1921 adversa
1257 1879 1437 1922 fortuna
1462 1878 1708 1922 comitetur:
1739 1893 1841 1921 nam

131 1952 237 1996 ‘aut’
271 1953 531 1996 disiunctiva
561 1951 777 2007 particula
809 1953 892 2006 est,
924 1965 1013 1993 non
1042 1950 1244 2006 negantis
1277 1951 1540 1994 adverbium.
1589 1951 1760 2004 quidam
1784 1951 1843 1993 sie

129 2025 388 2080 intellegunt:
426 2023 706 2066 tantummodo
742 2022 914 2075 fortuna
943 2035 1148 2076 prospera
1183 2035 1267 2064 non
1303 2022 1351 2064 in
1381 2023 1637 2065 contrarium
1666 2023 1842 2065 recidat:

132 2099 343 2150 tamquam
373 2109 484 2138 nune
513 2095 560 2137 in
590 2094 777 2138 secundis
807 2094 926 2136 rebus
956 2094 1027 2148 sit,
1059 2107 1151 2136 eum
1182 2093 1423 2136 obsideatur.
1474 2094 1551 2136 alii
1580 2094 1642 2136 ita
1669 2097 1842 2148 putant:
1867 2103 1912 2134 25

130 2182 194 2211 me
223 2168 342 2210 nulla
372 2168 456 2210 dies
487 2166 728 2210 dissimilem
759 2168 918 2220 aryuet,
954 2166 1038 2208 sive
1073 2179 1178 2220 quae
1214 2168 1272 2208 est
1306 2165 1424 2208 hodie
1451 2165 1624 2218 fortuna
1648 2179 1842 2220 perman-

131 2241 263 2295 serit‚·
283 2241 365 2282 sive
401 2239 525 2282 etiam
563 2239 671 2280 laeta
699 2237 842 2293 fuerit,
879 2237 925 2279 id
953 2239 1012 2280 est
1039 2250 1112 2279 nee
1141 2237 1181 2279 si
1207 2237 1381 2290 feliciter
1411 2236 1532 2293 milii,
1569 2251 1641 2281 nee
1670 2238 1710 2281 si
1738 2238 1841 2291 infe-

133 2311 263 2354 liciter
293 2311 468 2363 cesserit,
499 2309 716 2353 dissimilis
747 2323 813 2351 ero
844 2308 939 2352 huic
969 2309 1145 2352 conatui.
1194 2311 1233 2351 et
1261 2309 1407 2352 melius
1438 2309 1584 2364 leqitur
1614 2309 1702 2353 sine
1731 2310 1841 2364 aspi-

131 2383 307 2438 ratione,
338 2383 385 2425 id
413 2385 470 2425 est
500 2381 596 2424 eaut
625 2369 831 2424 adversa'.

252 2455 350 2497 281.
399 2465 547 2496 SVPER
573 2464 721 2495 OMNIA
746 2463 878 2495 DONA
909 2451 1027 2494 ultra
1052 2453 1214 2507 omnia,
1245 2453 1380 2507 maqis
1404 2466 1530 2507 quam
1555 2453 1717 2504 omnia;
1742 2466 1842 2507 pro-
1869 2462 1914 2493 30

125 2525 222 2579 prie
251 2525 361 2567 enim
392 2523 541 2579 ‘super'
573 2524 646 2567 hoc
675 2524 904 2578 siqnifiieat:
934 2527 983 2565 ut
1011 2523 1067 2566 sit
1097 2522 1187 2577 ‘pro
1218 2524 1407 2567 omnibus
1437 2523 1590 2567 donis'.
1812 2518 1825 2538 Χ·

254 2596 352 2639 282.
389 2607 550 2638 PRIAMI
568 2608 632 2638 DE
654 2606 806 2638 GENTE
821 2606 1032 2638 VE'rvsrA
1052 2594 1102 2636 de
1122 2594 1302 2638 familia.
1334 2598 1378 2638 et
1396 2596 1505 2639 bene
1526 2611 1621 2638 eam
1641 2596 1772 2639 etiam
1792 2610 1843 2638 ex

134 2667 392 2724 cognatione
418 2666 710 2710 commendat:
735 2681 834 2709 nam
859 2665 1070 2708 Ascanius
1095 2680 1232 2722 nepos
1257 2669 1322 2710 est
1339 2667 1502 2710 Priami
1527 2682 1605 2724 per
1624 2666 1842 2710 Creusam.

232 2777 249 2807 1
278 2771 372 2818 sive]
400 2772 513 2816 atque
541 2771 750 2807 Masvicius
767 2772 779 2816 ss
811 2775 831 2806 3
858 2772 1023 2806 temenos
1049 2772 1137 2808 libri
1163 2773 1176 2818 ΙΙ
1207 2778 1229 2808 4
1254 2773 1518 2819 intellegamus
1544 2773 1626 2809 niso
1652 2784 1732 2810 esse
1758 2784 1842 2819 pro-

134 2820 290 2856 missum
319 2820 386 2854 Ml
405 2820 417 2865 ΙΙ
437 2823 457 2854 6
484 2820 630 2854 amator
654 2818 694 2852 F
718 2820 824 2864 (corr.
851 2817 1004 2863 Daniel>
1041 2830 1147 2855 amor
1172 2820 1206 2856 G
1224 2823 1236 2866 ΙΙ
1265 2826 1284 2857 7
1312 2821 1412 2856 enim
1437 2832 1503 2857 om.
1534 2820 1568 2856 G
1586 2822 1598 2868 ΙΙ
1618 2821 1727 2868 dicit]
1754 2820 1842 2856 dici-

135 2870 195 2903 tur
224 2867 258 2902 G
282 2869 294 2915 11
320 2865 472 2912 dicitur]
500 2866 607 2901 datus
634 2865 675 2900 F
696 2866 708 2911 ΙΙ
741 2869 785 2900 10
811 2877 875 2901 cur
901 2876 985 2900 cum
1010 2866 1164 2903 Daniel:
1192 2867 1330 2904 circum
1358 2868 1398 2903 F
1417 2870 1430 2914 ΙΙ
1463 2873 1505 2903 11
1532 2867 1591 2903 illi
1617 2869 1841 2904 Masvieius:

134 2916 200 2951 ille
227 2915 268 2950 F
300 2914 376 2950 illis
402 2914 541 2949 Daniel
565 2914 577 2959 11
609 2913 647 2948 et
670 2912 817 2948 minor?
844 2912 932 2957 quia
959 2912 1216 2951 Commelinus:
1249 2917 1288 2952 et
1312 2917 1506 2961 minorque
1532 2916 1574 2951 F
1593 2918 1606 2962 ΙΙ
1639 2920 1681 2951 12
1709 2915 1843 2951 deinde

137 2963 378 2998 Commelinus
396 2962 408 3006 ΙΙ
432 2960 497 3006 qui
524 2960 574 3005 F,
601 2960 754 2996 correxi.
794 2960 894 3005 quod
922 2959 1161 2997 Oommelinus
1179 2964 1191 3009 ΙΙ
1224 2967 1267 2999 13
1293 2964 1418 2999 malim
1444 2963 1606 3000 debebat
1629 2965 1641 3010 ΙΙ
1675 2967 1718 2999 16
1745 2975 1842 2999 com-

135 3010 348 3046 mitteretur
372 3010 406 3044 L
443 3010 549 3054 (eorr.
578 3009 604 3053 l)
643 3007 891 3043 committitur
916 3007 956 3042 F
971 3009 983 3055 ΙΙ
1010 3008 1050 3044 id
1076 3010 1133 3045 est
1158 3011 1208 3047 ad
1231 3012 1350 3056 ipsius
1368 3015 1497 3056 poetae
1521 3012 1629 3047 verba
1650 3011 1808 3056 pertinet
1832 3010 1843 3056 Η

139 3062 181 3093 17
209 3057 351 3092 dissimi
377 3056 411 3092 G-
429 3057 442 3102 11
471 3059 514 3091 18
540 3055 786 3090 intumescam
813 3055 966 3090 Daniel:
991 3057 1242 3093 uttumescam
1270 3058 1310 3093 F
1325 3060 1338 3104 ΙΙ
1362 3062 1406 3094 21
1433 3070 1558 3094 meum
1583 3059 1654 3094 hoc
1680 3059 1736 3094 est
1760 3068 1843 3103 pro-

137 3104 285 3140 mittere
309 3105 344 3139 L
373 3106 386 3150 ΙΙ
423 3107 468 3138 22
495 3103 749 3139 committetur
773 3101 859 3137 AF
881 3103 984 3147 (corr.
1011 3105 1048 3149 a)
1094 3105 1332 3141 commitetur
1357 3106 1392 3140 L
1420 3107 1433 3152 ΙΙ
1470 3110 1515 3141 23
1541 3105 1727 3151 negantis]
1759 3105 1784 3139 i.
1811 3116 1842 3147 e,

137 3153 229 3187 haut
255 3162 430 3197 superser.
456 3162 491 3186 m
510 3152 522 3196 ΙΙ
552 3155 597 3186 30
623 3151 672 3186 ad
697 3162 805 3185 svpnn
830 3163 861 3185 o.
881 3162 916 3185 D.
942 3151 983 3186 in
1007 3162 1121 3197 mary.
1148 3165 1257 3198 super
1281 3153 1340 3189 his
1364 3155 1408 3188 ut
1431 3153 1481 3189 sit
1506 3165 1618 3198 supra
1643 3153 1699 3187 his
1725 3151 1842 3186 omni-

137 3199 205 3234 bus
234 3199 266 3233 Τ
283 3201 294 3245 ΙΙ
314 3203 357 3234 31
383 3200 453 3234 hoc
478 3198 625 3243 scripsi:
651 3198 710 3232 his
737 3197 777 3232 F
810 3196 850 3232 id
869 3198 1008 3234 Daniel
1025 3200 1037 3244 11
1055 3199 1257 3236 homnibus
1278 3200 1318 3236 F
1333 3201 1346 3247 ΙΙ
1365 3205 1409 3236 32
1436 3213 1520 3237 eum
1539 3200 1624 3235 LH
1639 3201 1651 3245 ΙΙ
1671 3203 1715 3234 33
1741 3198 1842 3244 cogi-

139 3246 279 3281 tatione
306 3245 378 3282 As
401 3248 506 3292 (corr.
534 3246 571 3291 a)
611 3245 807 3291 cogatione
834 3244 868 3279 L
894 3245 999 3290 (corr.
1027 3247 1053 3291 l)
