2092 3614
597 303 747 340 GOMM.
773 303 826 339 IN
854 301 997 339 VERG.
1024 303 1135 339 AEN.
1161 303 1212 338 XI
1238 308 1437 340 379—403.
1785 304 1870 346 527

163 411 247 455 dici
272 413 426 455 merito
452 413 624 468 pulsum
650 428 760 468 eum,
786 413 860 468 qui
884 412 1148 468 insequendo
1173 413 1325 456 hostem
1349 413 1465 455 bella
1490 413 1691 456 deseruit.
1724 415 1872 470 aperte

163 486 309 527 autem
347 484 429 526 hoe
467 484 587 527 dicit:
626 486 772 540 potest
810 485 966 527 merito
997 483 1114 527 credi
1146 485 1259 540 quod
1290 485 1442 540 pulsus
1474 486 1532 527 sit
1562 485 1618 541 is,
1656 485 1775 528 ouius
1805 487 1874 527 tot

163 557 314 598 extant
344 554 555 612 tropaea?
586 558 624 598 et
652 569 791 599 rerum
821 556 1202 599 commemoratione
1229 556 1387 609 falsum
1412 557 1574 611 probat.

281 640 380 682 394.
430 651 525 682 CVM
557 650 719 682 STIRPE
753 640 894 683 occiso
927 640 1042 682 enim
1067 638 1267 681 Pallante
1297 639 1465 698 interiit
1495 640 1587 682 eius
1620 642 1773 683 cuneta
1798 655 1871 695 po—

162 704 350 754 steritas.
943 722 949 725 “
1898 720 1918 751 5

280 782 379 825 395.
428 799 579 826 EXVTOS
607 800 784 826 AROADAS
812 800 936 826 ARMIS
961 785 1037 825 aut
1059 783 1158 838 Suis,
1183 785 1260 825 aut
1281 783 1349 825 sui
1371 779 1510 825 ducis:
1541 783 1649 825 unde
1665 797 1745 837 per
1770 782 1869 826 ‘Ar-

160 852 298 896 cadas'
330 854 454 896 etiam
486 854 722 897 Pallantem
752 855 931 909 intelleyi
961 854 1130 908 quidam
1160 854 1311 896 volant.

280 936 377 979 396.
426 948 578 980 BITIAS
612 937 816 980 subaudis
849 936 1033 993 ‘ingens'
1068 952 1093 979 a
1124 938 1499 993 consequentibus.
1596 949 1741 980 MILLE
1772 938 1871 980 fini-

160 1010 230 1050 tus
262 1022 464 1051 numerus
496 1023 575 1064 pro
606 1009 787 1052 infinito.

278 1091 377 1135 398.
428 1109 619 1135 INGLVSVS
648 1109 773 1135 MVRJS
800 1106 918 1147 quem
941 1093 1114 1148 pulsum
1139 1093 1209 1135 ille
1232 1093 1423 1136 iactabat.
1523 1104 1710 1136 AGGERE
1738 1104 1870 1136 SAEP-
1898 1103 1941 1134 10

159 1174 245 1205 TVS
290 1163 404 1206 sicut
442 1178 573 1220 supra
610 1163 702 1220 <IX
736 1163 851 1220 780>
883 1164 1092 1220 vestris,
1138 1179 1162 1207 o
1202 1165 1362 1220 cives,
1397 1165 1620 1221 undique
1659 1168 1869 1221 saeptus

160 1234 452 1290 aggeribus·

278 1318 377 1361 399.
427 1330 583 1361 NVLLA
624 1330 765 1361 SALvs
803 1331 958 1363 BELLo
998 1330 1150 1363 oAPrrI
1188 1331 1308 1362 CANE
1346 1331 1488 1362 TALIA
1524 1332 1715 1363 DEMENS
1756 1332 1868 1363 DAR-

156 1400 304 1432 DANIO
347 1390 546 1445 quotiens
585 1392 891 1446 argumentum
928 1406 1015 1434 non
1052 1405 1283 1446 possumus
1323 1392 1507 1447 solvere,
1546 1394 1621 1434 aut
1653 1392 1869 1435 contraria

155 1461 397 1504 obiectione
435 1463 511 1504 aut
549 1462 638 1504 risu
671 1464 746 1504 aut
778 1462 1027 1517 maledicto,
1066 1465 1127 1505 ut-
1145 1462 1230 1505 hoe
1259 1463 1374 1518 1000,
1412 1462 1659 1506 adversario
1691 1478 1869 1518 respon-
1897 1472 1940 1503 15

153 1532 316 1576 demus.
379 1532 514 1575 ‘eane'
553 1536 691 1575 antem
728 1547 807 1588 pro
840 1532 1029 1575 τ(1117111113.
1089 1536 1127 1575 et
1163 1533 1258 1575 bene
1289 1533 1354 1576 hie
1383 1535 1491 1577 male
1521 1534 1772 1576 ominantem
1802 1548 1869 1577 ea-

152 1618 247 1646 nere
277 1605 387 1660 dicit,
417 1608 465 1647 ut
494 1608 637 1647 vatem.
686 1604 933 1659 qmbusdam
963 1605 1123 1647 videtur
1147 1605 1316 1660 vulyare
1345 1606 1585 1661 convicium,
1615 1609 1663 1648 nt
1692 1609 1751 1649 est
1780 1605 1870 1648 ‘tibi

151 1679 189 1718 et
218 1677 345 1730 capiti
376 1675 472 1732 tno',
503 1677 574 1719 sed
601 1662 849 1718 honestatem
879 1677 984 1719 dicto
1014 1677 1202 1719 additam
1218 1690 1297 1730 per
1321 1677 1571 1720 varietatem.
1663 1695 1869 1721 mammo

153 1764 359 1796 REBVSQVE
390 1764 480 1791 wls
513 1747 641 1790 simul
677 1761 770 1790 eum
800 1748 963 1790 Aeneae
993 1748 1196 1802 iunyendo
1226 1748 1314 1790 vult
1344 1749 1514 1791 latenter
1545 1750 1746 1792 ostendere
1768 1763 1868 1803 pro-

151 1819 336 1862 ditorem.
976 1822 981 1828 '
1892 1830 1938 1861 ‘20

269 1889 369 1932 400.
419 1901 626 1933 PROINDE
658 1889 819 1947 itaque.
881 1892 926 1933 et
958 1892 1026 1933 est
1057 1890 1161 1932 ordo
1194 1889 1330 1933 enulla
1362 1893 1477 1934 salus
1509 1891 1645 1947 be1103
1684 1892 1866 1947 proinde

152 1961 298 2004 omnia
330 1976 488 2018 magno
519 1977 573 2004 ne
607 1976 730 2004 cessa
759 1962 937 2004 turbare
969 1960 1124 2004 metu':
1158 1964 1302 2004 cetera
1332 1977 1410 2018 per
1441 1963 1723 2018 parenthesin
1751 1963 1866 2007 dieta

152 2036 266 2090 sunt,
295 2033 368 2076 hoc
398 2037 457 2076 est
486 2033 630 2088 ‘capiti
660 2047 759 2076 eane
790 2034 894 2076 talia
924 2035 1086 2077 demens
1117 2032 1359 2076 Dardanio'
1391 2037 1429 2076 et
1457 2037 1597 2076 cetera.

268 2117 368 2160 401.
416 2129 696 2160 EXTOLLERE
735 2129 870 2160 vmns
910 2129 1079 2160 GENTIS
1117 2129 1188 2160 ms
1227 2128 1396 2160 VIOTAE
1428 2128 1617 2160 CONTRA
1648 2129 1866 2160 PREMERE

150 2200 281 2231 ARMA
317 2200 480 2230 LATINI
516 2189 622 2231 haec
661 2190 726 2231 est
764 2189 902 2232 virtus
942 2189 1226 2245 eloquentiae.
1292 2187 1393 2231 ‘bis’
1432 2192 1568 2231 autem
1606 2188 1774 2231 ‘victae'
1813 2190 1864 2232 ab
1890 2199 1935 2230 25

150 2260 328 2309 Hercule
364 2259 409 2302 et
436 2260 488 2303 ab
520 2259 701 2315 Aryivis.
764 2259 917 2303 ‘arma'
951 2262 1095 2303 autem
1128 2259 1306 2302 ‘Latini'
1344 2260 1555 2302 invidiose
1589 2260 1718 2302 dixit:
1762 2276 1863 2308 nam

149 2332 299 2374 debuit
325 2330 451 2374 ‘mea'
485 2331 637 2375 dicere.
686 2335 724 2374 et
752 2331 825 2375 hoe
848 2333 907 2375 ad
928 2333 1037 2375 illud
1058 2333 1167 2387 qnod
1190 2332 1259 2375 ille
1283 2332 1447 2374 dixerat
1471 2331 1615 2387 (359)
1640 2333 1720 2375 ius
1743 2347 1862 2387 pro-

142 2404 315 2457 prium
347 2404 450 2458 reyi
472 2404 772 2458 patriaeque
801 2405 1039 2447 remittat.

270 2486 369 2529 403.
418 2498 739 2530 MYRMIDONVM
762 2499 1001 2531 PROCERES
1030 2487 1294 2530 Graecorum
1318 2487 1549 2543 principes,
1588 2486 1694 2529 dicit
1720 2490 1864 2547 autem

150 2556 403 2600 Patroclum
434 2560 478 2600 et
509 2557 743 2601 Achillem:
774 2574 876 2601 nam
907 2559 1011 2602 licet
1041 2559 1126 2614 ipsi
1159 2558 1330 2601 aliunde
1361 2558 1535 2613 fuerint,
1566 2560 1715 2601 tamen
1746 2559 1860 2615 Myr·
1888 2568 1933 2599 30

151 2628 396 2671 midonibus
427 2629 707 2685 imperarunt.
750 2630 858 2673 haec
889 2632 1034 2673 autem
1065 2630 1191 2685 ponit
1221 2631 1336 2673 inter
1366 2630 1655 2685 inpossibilia.
1705 2632 1748 2672 et
1779 2631 1860 2673 uti-

249 2809 267 2840 1
289 2804 478 2850 sequendo
498 2804 540 2839 H
556 2806 569 2850 ΙΙ
587 2805 762 2841 deserunt
781 2805 822 2841 F
835 2807 849 2851 11
868 2810 888 2841 2
909 2805 1047 2842 dicitur
1064 2805 1102 2842 A
1120 2808 1132 2854 ΙΙ
1150 2808 1292 2853 potest]
1311 2818 1378 2852 pro
1399 2806 1440 2842 F
1455 2808 1466 2853 11
1487 2811 1506 2842 3
1527 2807 1576 2843 ad
1594 2817 1625 2842 v.
1647 2810 1716 2842 392
1736 2817 1859 2842 rerum

153 2852 504 2889 commemoratione
529 2851 666 2888 falsum
692 2854 827 2898 probat
852 2865 932 2889 esse
959 2853 1060 2899 quod
1086 2855 1241 2890 drances
1268 2854 1416 2890 dixerat
1444 2855 1478 2890 T
1491 2856 1503 2901 ΙΙ
1523 2858 1543 2890 6
1570 2855 1620 2890 ad
1642 2866 1747 2889 Aluus
1772 2865 1800 2891 ε.
1826 2865 1858 2891 υ.

153 2902 219 2936 aut
241 2900 316 2936 suis
342 2902 410 2936 aut
433 2900 491 2935 sui
516 2899 620 2935 ducis
643 2899 677 2934 T
692 2901 705 2946 ΙΙ
724 2899 782 2935 8111
806 2911 871 2937 om.
893 2901 961 2947 Fu
980 2904 1001 2936 8
1027 2900 1084 2937 bis
1109 2902 1285 2938 subaudis
1305 2902 1378 2937 AS
1386 2903 1435 2937 M
1451 2903 1464 2948 ΙΙ
1493 2906 1537 2937 10
1563 2903 1613 2938 ad
1637 2914 1803 2938 mchsvs
1822 2914 1857 2936 M.

150 2959 178 2983 s.
199 2959 231 2984 v.
259 2959 371 2993 quem
394 2947 543 2993 pulsum
567 2947 736 2983 iactabat
757 2948 791 2982 T
807 2949 819 2994 ΙΙ
839 2952 881 2983 11
903 2948 999 2984 sicut
1017 2960 1129 2995 supra.
1148 2950 1200 2986 F:
1228 2962 1349 2995 supra
1361 2950 1400 2985 et
1418 2949 1491 2985 AS
1515 2950 1558 2985 ut
1577 2950 1687 2994 HM,
1706 2961 1773 2985 om.
1790 2950 1827 2984 R
1847 2949 1859 2996 Η

154 2999 197 3031 16
224 2997 332 3031 canet
356 3006 445 3040 prae
471 2994 618 3030 diuinat
643 2995 688 3029 H
702 2996 714 3041 ΙΙ
741 3007 808 3040 pro
834 2995 977 3043 divina]
1003 2997 1224 3042 praedinina
1249 2998 1277 3033 S
1295 2999 1307 3044 ΙΙ
1333 2998 1380 3033 ad
1406 3010 1495 3032 CANE
1521 3012 1551 3033 Τ.
1578 3010 1613 3033 n.
1638 3008 1666 3034 ε.
1692 3008 1723 3034 v.
1751 3008 1855 3042 prae-

153 3042 292 3079 diuina.
338 3043 377 3079 et
400 3043 494 3078 bene
519 3042 581 3078 hio
609 3042 707 3077 male
740 3043 966 3078 ominantem
998 3055 1130 3080 canere
1162 3045 1264 3080 dicit.
1309 3046 1352 3080 ut
1377 3046 1501 3080 autem
1528 3045 1607 3091 (sie)
1635 3045 1857 3089 quibusdam

152 3088 302 3126 uidetur
325 3091 481 3136 uulgare
508 3090 565 3125 est
589 3089 810 3126 conuicium.
850 3091 888 3126 et
913 3090 1070 3128 dicendo
1096 3092 1274 3128 dardanio
1293 3091 1476 3137 rebusque
1494 3092 1569 3128 tuis
1588 3093 1672 3127 uult
1696 3092 1857 3127 latenter

154 3136 348 3174 ostendere
373 3137 603 3183 proditorem
630 3137 664 3172 Τ
691 3138 703 3182 ΙΙ
735 3136 852 3173 omini
876 3140 963 3174 ante
989 3138 1030 3174 F
1062 3139 1206 3175 homini
1232 3140 1317 3177 ante
1344 3139 1378 3175 G
1408 3141 1419 3186 ΙΙ
1453 3144 1494 3175 17
1523 3139 1758 3175 conuicinum
1785 3138 1825 3173 F
1846 3139 1858 3186 Η

155 3187 198 3219 18
225 3183 327 3220 dictu
353 3185 394 3220 F
409 3186 421 3232 ΙΙ
438 3197 604 3221 111111118Νο
631 3184 672 3220 F
685 3186 699 3230 ss
719 3188 762 3220 19
787 3184 967 3232 iungendi
991 3186 1060 3233 Fu
1078 3192 1123 3223 26
1148 3198 1285 3232 arguus
1311 3187 1351 3221 F
1366 3188 1379 3232 ΙΙ
1398 3187 1508 3233 dixit]
1535 3188 1578 3222 ut
1602 3187 1776 3221 drancem
1802 3187 1857 3221 la,—

152 3232 231 3268 tino
257 3233 391 3268 reddat
414 3233 576 3268 inuisum
601 3233 686 3269 add.
706 3232 745 3267 D
763 3233 776 3278 ΙΙ
803 3237 849 3269 28
873 3232 1108 3281 patriaeque]
1135 3235 1358 3280 proprieque
1384 3235 1418 3270 G
1436 3236 1449 3279 ΙΙ
1477 3238 1521 3269 30
1548 3245 1633 3269 nam
1660 3233 1753 3269 dicit
1775 3233 1856 3279 ipse

153 3279 305 3315 aliunde
330 3279 480 3316 fuerunt
506 3281 546 3315 F
567 3282 579 3326 ΙΙ
610 3279 702 3316 licet
727 3280 765 3315 et
788 3280 862 3326 ipsi
886 3280 922 3316 R
947 3282 960 3326 ΙΙ
991 3286 1033 3317 31
1062 3285 1100 3318 et
1125 3282 1257 3328 utitur]
1287 3282 1453 3318 adutitur
1477 3281 1549 3317 AS
