2092 3614
235 1031 277 1062 10

227 1745 273 1776 20

227 2458 273 2489 30

304 272 390 314 528
1079 272 1239 308 SERVII

302 383 375 422 tur
406 380 569 423 Graeco
606 380 834 436 proverbio
872 377 966 423 ἄνω
1003 382 1211 436 ποταμοίε
1256 380 1317 423 sic
1353 380 1561 423 Horatius
1600 383 1650 423 et
1687 384 1804 424 ante
1840 381 2009 424 Padus

302 451 499 494 Matina
529 452 721 495 laverit
752 452 1026 495 cacumina.
1077 454 1121 495 et
1153 453 1214 495 sic
1245 455 1312 494 est
1342 453 1471 495 modo
1503 453 1676 509 dictum,
1707 456 1756 496 ut
1786 453 1832 495 in
1857 456 2009 509 quarto

304 522 450 578 <377>
481 538 611 567 nunc
641 523 828 579 Lyciae
861 526 1047 578 sortes,
1078 539 1211 566 nunc
1242 525 1292 566 et
1321 523 1450 566 Iove
1475 525 1662 567 missus
1697 525 1757 567 ab
1791 525 1914 580 ipso.

420 594 521 637 405.
569 607 723 639 RETRo
750 606 891 639 FVGIT
911 606 1114 638 AVFIDvs
1134 606 1290 638 VNDAs
1315 596 1424 649 quod
1446 599 1506 638 est
1527 596 1792 639 eontrarium.
1831 597 2012 651 Aufidus

302 668 439 708 autem
463 665 650 722 Apuliae
681 667 835 710 fluvius
869 669 947 722 est,
978 667 1099 710 iuxta
1119 666 1350 710 Canusium
1379 667 1581 710 civitatem
1613 667 1770 710 cadens
1794 667 1841 710 in
1860 666 2011 710 Adria-

303 738 438 780 ticum
468 739 662 795 pelagus.

421 809 522 852 406.
571 822 664 852 VEL
697 822 791 853 CVM
824 821 1116 854 sa-PAvmvn
1142 822 1327 854 CONTRA
1352 822 1450 852 MEA
1475 822 1638 853 IVRGIA
1663 822 1826 854 rmum*
1860 812 2011 853 contra

303 880 412 923 illud
443 881 558 937 quod
585 881 648 923 ait
673 882 818 938 <346>
844 882 929 924 det
959 882 1260 924 libertatem
1292 881 1437 923 fandi
1468 881 1731 937 flatusque
1763 881 2011 924 remittat.

302 966 404 994 nam
434 951 517 995 hoc
549 952 671 995 dicit:
702 953 902 995 timorem
935 968 1059 996 suum
1091 953 1333 996 naturalem
1359 953 1570 995 invidiose
1595 954 1642 995 in
1667 967 1809 996 meam
1835 969 2010 996 causam

303 1026 537 1079 retorquet,
568 1026 618 1066 ut
647 1038 770 1067 meae
802 1025 1088 1081 praesentiae,
1118 1039 1207 1067 non
1237 1024 1354 1066 illius
1387 1026 1581 1079 naturae,
1614 1025 1728 1080 quod
1758 1026 1885 1068 timet
1916 1041 2009 1069 esse

303 1094 511 1139 videatur.
560 1096 642 1138 hoc
679 1098 746 1137 est
784 1096 898 1138 enim
936 1096 1050 1151 q-uod
1088 1097 1262 1152 planius
1300 1096 1450 1148 infert,
1494 1096 1639 1139 dicens
1679 1096 1744 1139 eet
1780 1097 2011 1139 formidine

304 1166 463 1209 crimen
495 1165 697 1222 acerbat',
727 1167 774 1209 id
802 1170 859 1209 est
887 1181 1013 1221 quam
1044 1168 1226 1211 simulat.

420 1238 522 1280 407.
571 1249 804 1280 ARTIFICIS
838 1249 1011 1281 SCELVS
1049 1254 1150 1281 nam
1189 1239 1495 1281 sceleratorum
1533 1241 1599 1281 est
1630 1239 1832 1282 simulare
1863 1239 2011 1282 formi-

303 1308 458 1352 dinem.
591 1326 769 1353 ΑσΕηΒΑΤ
795 1323 943 1352 nomen
973 1310 1063 1352 sine
1092 1310 1203 1353 verbi
1234 1311 1412 1365 oriyinc:
1443 1324 1527 1353 non
1557 1311 1667 1353 enim
1694 1311 1799 1364 facit
1829 1309 2011 1354 ‘acerb0’.

421 1380 520 1423 409.
569 1393 775 1423 ΗΑΒΙΤΕΤ
809 1392 969 1424 ‘mom
1000 1394 1061 1424 ET
1095 1393 1166 1424 srr
1199 1393 1411 1425 PECTORE
1443 1394 1493 1423 IN
1524 1393 1626 1424 1s'ro
1665 1381 1711 1424 id
1740 1385 1798 1424 est
1826 1382 2014 1437 pessima

300 1453 344 1493 et
381 1451 479 1495 vilis
519 1452 662 1494 anima
701 1453 869 1495 habitet
906 1453 950 1495 in
982 1454 1187 1495 membris
1220 1453 1440 1509 congruis:
1477 1468 1578 1495 nam
1611 1451 1773 1495 ‘talem'
1805 1453 1935 1495 vilem
1967 1455 2012 1494 et

298 1523 531 1578 pessimam
570 1524 825 1579 accipimus,
864 1539 993 1579 quam
1031 1525 1154 1567 nefas
1193 1527 1259 1567 est
1294 1525 1432 1580 perire
1469 1539 1519 1566 ea
1559 1524 1750 1580 dextera,
1789 1539 1897 1580 quae
1928 1538 2012 1566 non

298 1595 464 1650 inertes,
503 1596 574 1638 sed
607 1609 711 1649 quae
746 1596 860 1638 viros
899 1595 1034 1639 fortes
1066 1598 1237 1639 tantum
1269 1595 1492 1639 consuevit
1524 1596 1728 1638 occidere.
1789 1598 1829 1638 et
1855 1595 1927 1638 hoc
1958 1595 2016 1638 ad

298 1666 406 1708 illud
435 1665 580 1721 (348)
613 1667 732 1709 licet
759 1681 900 1710 arma
931 1668 1055 1710 mihi
1084 1672 1123 1711 et
1151 1672 1291 1711 cetera.

417 1737 517 1780 410.
570 1749 811 1781 CONSVLTA
849 1751 1101 1782 REVERTOR
1139 1738 1394 1792 ‘consultor’
1440 1740 1507 1781 est
1544 1739 1617 1794 qui
1654 1739 1860 1791 consulit,
1898 1737 2010 1781 ‘con-

299 1807 454 1851 sultus'
493 1809 568 1864 qui
605 1810 863 1866 consulitur,
904 1810 1180 1853 ‘consultum'
1220 1825 1321 1854 vero
1353 1825 1422 1852 res
1454 1810 1551 1865 ipsa
1582 1810 1632 1852 de
1666 1825 1751 1865 qua
1783 1810 1879 1865 quis
1912 1824 2012 1852 con-

299 1879 467 1923 sulitur.
528 1880 623 1923 bene
653 1895 746 1936 eryo
778 1880 991 1924 ‘consulta'
1024 1883 1072 1925 de
1101 1883 1248 1937 quibus
1277 1881 1466 1925 consulis.
1931 1872 1934 1875 ⁴

417 1951 516 1994 411.
567 1964 608 1996 SI
638 1964 832 1996 NVLLAM
864 1965 1063 1996 nos'mus
1093 1965 1246 1997 VLTRA
1273 1965 1391 1997 SPEM
1416 1963 1555 1995 roms
1581 1964 1630 1994 IN
1655 1963 1791 1995 ARMIS
1818 1952 2011 1995 insinua-

297 2022 417 2065 tione
454 2022 609 2078 utitur,
649 2023 693 2065 id
731 2026 798 2066 est
834 2025 989 2067 callido
1023 2028 1066 2067 et
1097 2025 1248 2068 subtili
1280 2025 1399 2068 aditu
1432 2023 1486 2066 ad
1518 2024 1880 2078 persuadendum:
1919 2024 2011 2066 vult

300 2093 415 2135 enim
454 2093 593 2136 dicere
631 2094 786 2137 melius
825 2109 919 2137 esse
956 2096 1153 2152 interire,
1190 2111 1319 2152 quam
1351 2110 1502 2151 pacem
1533 2109 1701 2151 rogare.
1764 2095 1878 2151 quod
1910 2095 2011 2150 quia

298 2167 446 2219 aperte
490 2180 578 2208 non
622 2165 768 2221 audet,
811 2166 999 2208 latenter
1046 2169 1089 2209 et
1131 2166 1346 2222 paulatim
1390 2166 1443 2208 ad
1485 2165 1568 2208 hoc
1615 2166 1762 2222 serpit.
1822 2180 2009 2222 namque

298 2236 411 2277 inter
442 2236 702 2292 principium
733 2238 776 2279 et
807 2237 1147 2280 insinuationem
1178 2237 1260 2280 hoc
1291 2237 1484 2292 interest,
1516 2237 1629 2292 quod
1658 2230 1917 2293 principium
1943 2239 2009 2280 est

298 2309 449 2361 aperta
486 2306 550 2348 rei
590 2306 850 2361 enuntiatio,
888 2307 1126 2350 insinuatio
1159 2309 1321 2363 autem,
1358 2309 1407 2349 ut
1438 2308 1641 2364 dix-imus,
1678 2311 1745 2351 est
1775 2309 1933 2351 callida
1966 2310 2010 2350 et

298 2378 470 2420 subtilis
503 2378 653 2420 oratio.
698 2377 759 2420 ‘in
791 2377 939 2420 armis'
972 2382 1109 2421 autem
1141 2380 1216 2421 aut
1247 2379 1372 2434 meis,
1418 2381 1492 2422 aut
1522 2379 1780 2422 Latinorum
1812 2379 2007 2422 omnium

298 2449 568 2505 generaliter.
695 2466 818 2492 nrm
848 2451 966 2493 modo
997 2453 1154 2505 temfflos
1184 2450 1402 2504 siqnificat,
1433 2451 1546 2493 alias
1577 2451 1721 2494 locum

395 2593 414 2624 1
440 2589 633 2635 Horatius]
666 2589 773 2634 epod.
798 2588 886 2625 XVI
911 2593 956 2624 27
993 2590 1006 2634 ΙΙ
1042 2593 1087 2624 23
1123 2588 1372 2625 insinuatione
1397 2590 1516 2626 utitur
1541 2601 1571 2626 e.
1598 2604 1632 2637 q.
1660 2592 1706 2638 s.]
1741 2590 1786 2627 cf.
1812 2590 2005 2628 Fortunat.

298 2638 367 2674 art.
392 2638 487 2673 rhet.
514 2636 548 2670 II
575 2640 619 2671 14
638 2649 691 2682 sq.
719 2637 757 2672 et
781 2636 874 2672 Don.
901 2637 949 2672 ad
974 2637 1057 2672 Ter.
1084 2637 1175 2673 Eun.
1202 2636 1235 2671 V
1261 2640 1293 2681 8,
1320 2640 1364 2672 41

395 2773 411 2804 1
446 2781 521 2804 anm
554 2779 595 2803 oc
625 2778 787 2803 noraMOI
811 2767 885 2803 AS
927 2778 1002 2802 amo
1035 2779 1194 2803 AoTaMo1
1218 2767 1308 2803 RH
1346 2781 1414 2804 ano
1445 2780 1606 2804 noracoo
1631 2769 1673 2804 F
1713 2765 1793 2805 ἅνω
1825 2769 2005 2813 ποταμῶν

299 2814 410 2860 ΐερῶν
437 2813 566 2862 ῥέουσι
590 2817 713 2860 πηγαί
735 2815 935 2851 Fabricius
954 2815 966 2861 ΙΙ
991 2816 1028 2850 et
1053 2826 1119 2850 om.
1146 2815 1187 2850 F
1202 2816 1214 2861 ΙΙ
1246 2819 1266 2850 2
1292 2816 1437 2852 inatina
1462 2816 1536 2851 AS
1573 2816 1760 2852 matutina
1785 2816 1835 2851 M
1869 2814 2004 2851 matini

298 2863 339 2897 F
354 2864 366 2909 11
385 2865 423 2898 et
447 2866 480 2898 et
506 2865 563 2899 est
587 2874 653 2898 om.
674 2862 748 2898 AS
764 2864 776 2907 ΙΙ
797 2862 849 2898 sic
873 2862 945 2908 est]
972 2862 1069 2897 sicut
1094 2864 1133 2899 et
1151 2863 1191 2897 F
1207 2864 1218 2910 ΙΙ
1237 2864 1287 2899 ad
1310 2875 1342 2899 v.
1363 2867 1433 2899 404
1459 2865 1501 2899 in
1525 2875 1638 2909 marq.
1665 2864 1787 2900 totum
1811 2862 1912 2898 istud
1936 2874 2004 2907 per

299 2910 526 2946 contrarium
551 2910 688 2945 dicitur
713 2914 747 2946 et
770 2909 863 2946 mire
886 2910 986 2945 inter
1010 2910 1103 2945 haec
1129 2921 1223 2955 quae
1250 2922 1337 2946 uera
1363 2923 1438 2946 non
1464 2912 1550 2946 sunt
1572 2911 1796 2946 sententiam
1816 2909 2002 2946 diomedis

299 2957 504 2993 abscondit.
542 2957 690 2993 uiderat
715 2957 814 2993 enim
833 2956 983 3003 grauari
1002 2968 1151 2993 causam
1172 2958 1272 3003 quod
1291 2959 1356 2993 ille
1375 2960 1581 3004 negauerat
1599 2958 1788 2993 auxilium.
1827 2957 2002 3003 quodque

299 3004 523 3040 dissimulari
546 3016 621 3040 non
645 3005 771 3050 potest
795 3007 1060 3040 commemorat
1085 3006 1124 3040 et
1147 3005 1250 3041 falsis
1276 3016 1366 3041 uera
1383 3006 1573 3041 miscendo
1593 3005 1770 3041 extenuat
1791 3005 1825 3040 T
1838 3006 1851 3050 ΙΙ
1870 3008 1891 3040 5
1918 3016 2001 3040 can-

298 3052 394 3088 sium
420 3053 460 3088 F
481 3053 493 3099 11
523 3055 545 3087 8
570 3063 643 3097 quo
669 3051 710 3087 F
730 3054 742 3098 ΙΙ
775 3056 818 3087 11
845 3054 903 3088 est
925 3063 991 3088 om.
1012 3052 1052 3087 F
1074 3054 1085 3098 ΙΙ
1116 3053 1261 3097 plenius
1287 3052 1328 3087 F
1349 3054 1361 3098 ss
1391 3053 1503 3088 infert
1527 3052 1658 3088 ASR:
1684 3051 1799 3088 iterat
1824 3053 1869 3087 H
1873 3053 1922 3087 M
1928 3051 1969 3087 F

301 3104 345 3135 14
370 3101 419 3136 ad
442 3111 602 3135 ACERBAT
627 3110 654 3134 s.
680 3111 712 3134 v.
739 3099 909 3136 acerbius
933 3099 1026 3135 facit
1053 3099 1086 3134 Τ
1119 3102 1132 3144 ΙΙ
1170 3105 1213 3136 16
1241 3100 1279 3136 et
1302 3099 1390 3136 vilis
1414 3111 1481 3136 om.
1507 3099 1548 3134 F
1580 3101 1593 3146 ΙΙ
1629 3100 1742 3135 vilem
1769 3101 1807 3135 et
1831 3111 1898 3135 om.
1925 3099 1967 3135 F

300 3151 343 3183 17
371 3147 597 3193 accipiamus
622 3147 663 3181 F
690 3149 701 3192 ΙΙ
732 3148 791 3193 ea]
818 3158 904 3183 mea
928 3146 970 3182 F
996 3148 1008 3194 ΙΙ
1046 3150 1090 3182 18
1115 3147 1245 3182 inertis
1272 3147 1312 3182 F
1336 3149 1348 3193 ΙΙ
1379 3147 1478 3183 uires
1503 3147 1544 3182 F
1571 3148 1582 3193 ΙΙ
1620 3152 1665 3183 20
1691 3147 1902 3183 consultare
1927 3146 1968 3181 F

298 3198 343 3230 25
356 3195 550 3288 ]esse]Rest
566 3194 604 3229 R
621 3195 697 3277 {1121ss
724 3195 853 3242 audet]
880 3194 1003 3230 dicere
1023 3195 1108 3230 add.
1122 3194 1253 3230 ΑΒΜ
1269 3196 1281 3242 ΙΙ
1300 3196 1339 3231 et
1363 3206 1429 3231 om.
1446 3195 1496 3230 M
1510 3195 1523 3241 ΙΙ
1541 3198 1587 3230 28
1612 3197 1655 3230 ut
1673 3195 1833 3231 diximus
1852 3205 1920 3230 om.
1933 3193 1971 3229 R

298 3243 356 3277 est
398 3243 436 3278 et
532 3243 618 3287 post
