<?xml version="1.0" encoding="UTF-8"?>
<!DOCTYPE html PUBLIC "-//W3C//DTD XHTML 1.0 Transitional//EN"
    "http://www.w3.org/TR/xhtml1/DTD/xhtml1-transitional.dtd">
<html xmlns="http://www.w3.org/1999/xhtml" xml:lang="en" lang="en">
 <head>
  <title>
</title>
<meta http-equiv="Content-Type" content="text/html;charset=utf-8" />
  <meta name='ocr-system' content='tesseract 3.04.00' />
  <meta name='ocr-capabilities' content='ocr_page ocr_carea ocr_par ocr_line ocrx_word'/>
</head>
<body>
  <div class='ocr_page' id='page_1' title='image "./invergiliicarmin02servuoft_0056.png"; bbox 0 0 2124 3600; ppageno 0'>
   <div class='ocr_carea' id='block_1_1' title="bbox 338 252 1273 294">
    <p class='ocr_par' dir='ltr' id='par_1_1' title="bbox 338 252 1273 294">
     <span class='ocr_line' id='line_1_1' title="bbox 338 252 1273 294; baseline -0.006 0"><span class='ocrx_word' id='word_1_1' title='bbox 338 252 397 294; x_wconf 81' lang='grc'><strong>42</strong></span> <span class='ocrx_word' id='word_1_2' title='bbox 1112 253 1273 290; x_wconf 83' lang='lat' dir='ltr'>SERVII</span> 
     </span>
    </p>
   </div>
   <div class='ocr_carea' id='block_1_2' title="bbox 336 361 2044 634">
    <p class='ocr_par' dir='ltr' id='par_1_2' title="bbox 338 361 2044 479">
     <span class='ocr_line' id='line_1_2' title="bbox 339 361 2044 419; baseline 0.002 -15"><span class='ocrx_word' id='word_1_3' title='bbox 339 361 577 405; x_wconf 82' lang='lat' dir='ltr'><strong>‘crateres’:</strong></span> <span class='ocrx_word' id='word_1_4' title='bbox 610 362 724 418; x_wconf 92' lang='lat' dir='ltr'><strong>quod</strong></span> <span class='ocrx_word' id='word_1_5' title='bbox 755 361 886 405; x_wconf 86' lang='lat' dir='ltr'><strong>etiam</strong></span> <span class='ocrx_word' id='word_1_6' title='bbox 912 361 1078 406; x_wconf 85' lang='lat' dir='ltr'><strong>Statius</strong></span> <span class='ocrx_word' id='word_1_7' title='bbox 1109 363 1156 405; x_wconf 89' lang='lat' dir='ltr'><strong>in</strong></span> <span class='ocrx_word' id='word_1_8' title='bbox 1183 362 1438 406; x_wconf 80' lang='lat' dir='ltr'><strong>Archemori</strong></span> <span class='ocrx_word' id='word_1_9' title='bbox 1470 365 1692 419; x_wconf 88' lang='lat' dir='ltr'><strong>sepultura</strong></span> <span class='ocrx_word' id='word_1_10' title='bbox 1723 369 2044 408; x_wconf 76' lang='lat' dir='ltr'><strong>commemorat.</strong></span> 
     </span>
     <span class='ocr_line' id='line_1_3' title="bbox 338 433 1830 479; baseline 0.002 -3"><span class='ocrx_word' id='word_1_11' title='bbox 338 433 532 476; x_wconf 70' lang='lat' dir='ltr'><strong>‘olivum&#39;</strong></span> <span class='ocrx_word' id='word_1_12' title='bbox 566 436 712 477; x_wconf 90' lang='lat' dir='ltr'><strong>autem</strong></span> <span class='ocrx_word' id='word_1_13' title='bbox 745 434 798 476; x_wconf 92' lang='lat' dir='ltr'><strong>ab</strong></span> <span class='ocrx_word' id='word_1_14' title='bbox 832 435 949 477; x_wconf 88' lang='lat' dir='ltr'><strong>oliva</strong></span> <span class='ocrx_word' id='word_1_15' title='bbox 981 435 1107 477; x_wconf 88' lang='lat' dir='ltr'><strong>dixit:</strong></span> <span class='ocrx_word' id='word_1_16' title='bbox 1138 449 1241 477; x_wconf 90' lang='lat' dir='ltr'><strong>nam</strong></span> <span class='ocrx_word' id='word_1_17' title='bbox 1270 434 1414 477; x_wconf 89' lang='lat' dir='ltr'><strong>oleum</strong></span> <span class='ocrx_word' id='word_1_18' title='bbox 1446 435 1501 478; x_wconf 89' lang='lat' dir='ltr'><strong>ab</strong></span> <span class='ocrx_word' id='word_1_19' title='bbox 1533 436 1630 478; x_wconf 92' lang='lat' dir='ltr'><strong>olea</strong></span> <span class='ocrx_word' id='word_1_20' title='bbox 1661 436 1830 479; x_wconf 86' lang='lat' dir='ltr'><strong>dicitur.</strong></span> 
     </span>
    </p>

    <p class='ocr_par' dir='ltr' id='par_1_3' title="bbox 336 506 2043 634">
     <span class='ocr_line' id='line_1_4' title="bbox 456 506 2043 564; baseline 0.002 -16"><span class='ocrx_word' id='word_1_21' title='bbox 456 506 554 549; x_wconf 81' lang='lat'><strong>226.</strong></span> <span class='ocrx_word' id='word_1_22' title='bbox 604 517 798 548; x_wconf 79' lang='lat' dir='ltr'><strong><em>FLAMMA</em></strong></span> <span class='ocrx_word' id='word_1_23' title='bbox 818 518 1009 556; x_wconf 76' lang='lat' dir='ltr'>QVIEVIT</span> <span class='ocrx_word' id='word_1_24' title='bbox 1035 520 1168 562; x_wconf 85' lang='lat' dir='ltr'>pyrae</span> <span class='ocrx_word' id='word_1_25' title='bbox 1191 506 1401 562; x_wconf 83' lang='lat' dir='ltr'><strong>ingentis,</strong></span> <span class='ocrx_word' id='word_1_26' title='bbox 1434 506 1552 563; x_wconf 89' lang='lat' dir='ltr'><strong>quia,</strong></span> <span class='ocrx_word' id='word_1_27' title='bbox 1577 509 1626 549; x_wconf 93' lang='lat' dir='ltr'><strong>ut</strong></span> <span class='ocrx_word' id='word_1_28' title='bbox 1650 508 1696 550; x_wconf 91' lang='lat' dir='ltr'><strong>in</strong></span> <span class='ocrx_word' id='word_1_29' title='bbox 1722 510 1875 564; x_wconf 89' lang='lat' dir='ltr'><strong>quarto</strong></span> <span class='ocrx_word' id='word_1_30' title='bbox 1900 508 2043 563; x_wconf 79' lang='lat'>(685)</span> 
     </span>
     <span class='ocr_line' id='line_1_5' title="bbox 336 570 2042 634; baseline 0.002 -15"><span class='ocrx_word' id='word_1_31' title='bbox 336 577 542 634; x_wconf 86' lang='lat' dir='ltr'><strong>diximus,</strong></span> <span class='ocrx_word' id='word_1_32' title='bbox 579 592 658 634; x_wconf 86' lang='lat' dir='ltr'><strong>pro</strong></span> <span class='ocrx_word' id='word_1_33' title='bbox 698 576 912 633; x_wconf 86' lang='lat' dir='ltr'><strong>qualitate</strong></span> <span class='ocrx_word' id='word_1_34' title='bbox 943 592 1154 633; x_wconf 84' lang='lat' dir='ltr'><strong>personae</strong></span> <span class='ocrx_word' id='word_1_35' title='bbox 1185 592 1319 634; x_wconf 84' lang='lat' dir='ltr'><strong>pyrae</strong></span> <span class='ocrx_word' id='word_1_36' title='bbox 1350 570 1524 620; x_wconf 76' lang='lat' dir='ltr'><strong>fiebant.</strong></span> <span class='ocrx_word' id='word_1_37' title='bbox 1587 580 1782 634; x_wconf 91' lang='lat' dir='ltr'><strong>sepulcra</strong></span> <span class='ocrx_word' id='word_1_38' title='bbox 1813 579 1943 622; x_wconf 90' lang='lat' dir='ltr'><strong>etiam</strong></span> <span class='ocrx_word' id='word_1_39' title='bbox 1975 580 2042 622; x_wconf 87' lang='lat' dir='ltr'><strong>vel</strong></span> 
     </span>
    </p>
   </div>
   <div class='ocr_carea' id='block_1_3' title="bbox 288 649 1056 705">
    <p class='ocr_par' dir='ltr' id='par_1_4' title="bbox 288 649 1056 705">
     <span class='ocr_line' id='line_1_6' title="bbox 288 649 1056 705; baseline 0.004 -17"><span class='ocrx_word' id='word_1_40' title='bbox 288 656 309 688; x_wconf 81' lang='lat'>5</span> <span class='ocrx_word' id='word_1_41' title='bbox 335 649 506 692; x_wconf 86' lang='lat' dir='ltr'><strong>minora</strong></span> <span class='ocrx_word' id='word_1_42' title='bbox 537 650 605 693; x_wconf 85' lang='lat' dir='ltr'><strong>vel</strong></span> <span class='ocrx_word' id='word_1_43' title='bbox 636 663 796 705; x_wconf 87' lang='lat' dir='ltr'><strong>magna</strong></span> <span class='ocrx_word' id='word_1_44' title='bbox 826 649 1056 692; x_wconf 87' lang='lat' dir='ltr'><strong>faciebant.</strong></span> 
     </span>
    </p>
   </div>
   <div class='ocr_carea' id='block_1_4' title="bbox 328 720 2044 990">
    <p class='ocr_par' dir='ltr' id='par_1_5' title="bbox 328 720 2043 919">
     <span class='ocr_line' id='line_1_7' title="bbox 452 720 2043 778; baseline 0.001 -15"><span class='ocrx_word' id='word_1_45' title='bbox 452 720 551 763; x_wconf 81' lang='lat'><strong>228.</strong></span> <span class='ocrx_word' id='word_1_46' title='bbox 601 731 806 771; x_wconf 79' lang='lat' dir='ltr'><strong>OSSAQVE</strong></span> <span class='ocrx_word' id='word_1_47' title='bbox 832 732 981 763; x_wconf 81' lang='lat' dir='ltr'><strong>LEGTA</strong></span> <span class='ocrx_word' id='word_1_48' title='bbox 1007 722 1082 763; x_wconf 90' lang='lat' dir='ltr'><strong>aut</strong></span> <span class='ocrx_word' id='word_1_49' title='bbox 1107 720 1306 775; x_wconf 90' lang='lat' dir='ltr'><strong>collecta,</strong></span> <span class='ocrx_word' id='word_1_50' title='bbox 1332 722 1407 762; x_wconf 89' lang='lat' dir='ltr'><strong>aut</strong></span> <span class='ocrx_word' id='word_1_51' title='bbox 1431 720 1543 763; x_wconf 92' lang='lat' dir='ltr'><strong>lecta</strong></span> <span class='ocrx_word' id='word_1_52' title='bbox 1567 720 1664 764; x_wconf 89' lang='lat' dir='ltr'><strong>ideo</strong></span> <span class='ocrx_word' id='word_1_53' title='bbox 1690 722 1807 777; x_wconf 88' lang='lat' dir='ltr'><strong>quia,</strong></span> <span class='ocrx_word' id='word_1_54' title='bbox 1839 723 1887 764; x_wconf 93' lang='lat' dir='ltr'><strong>ut</strong></span> <span class='ocrx_word' id='word_1_55' title='bbox 1913 736 2043 778; x_wconf 87' lang='lat' dir='ltr'><strong>supra</strong></span> 
     </span>
     <span class='ocr_line' id='line_1_8' title="bbox 328 790 2043 848; baseline 0.001 -14"><span class='ocrx_word' id='word_1_56' title='bbox 328 790 402 846; x_wconf 77' lang='lat' dir='ltr'><strong>&lt;V</strong></span> <span class='ocrx_word' id='word_1_57' title='bbox 433 791 519 847; x_wconf 85' lang='lat'><strong>95&gt;</strong></span> <span class='ocrx_word' id='word_1_58' title='bbox 562 791 768 847; x_wconf 83' lang='lat' dir='ltr'><strong>diximus,</strong></span> <span class='ocrx_word' id='word_1_59' title='bbox 811 792 978 834; x_wconf 89' lang='lat' dir='ltr'><strong>nobiles</strong></span> <span class='ocrx_word' id='word_1_60' title='bbox 1023 807 1258 847; x_wconf 85' lang='lat' dir='ltr'><strong>numquam</strong></span> <span class='ocrx_word' id='word_1_61' title='bbox 1297 791 1380 834; x_wconf 89' lang='lat' dir='ltr'><strong>soli</strong></span> <span class='ocrx_word' id='word_1_62' title='bbox 1418 792 1785 848; x_wconf 71' lang='lat' dir='ltr'><strong>conburebantur,</strong></span> <span class='ocrx_word' id='word_1_63' title='bbox 1830 793 1903 835; x_wconf 87' lang='lat' dir='ltr'><strong>sed</strong></span> <span class='ocrx_word' id='word_1_64' title='bbox 1947 807 2043 836; x_wconf 91' lang='lat' dir='ltr'><strong>cum</strong></span> 
     </span>
     <span class='ocr_line' id='line_1_9' title="bbox 334 863 1275 919; baseline -0.001 -13"><span class='ocrx_word' id='word_1_65' title='bbox 334 863 502 906; x_wconf 88' lang='lat' dir='ltr'><strong>dilectis</strong></span> <span class='ocrx_word' id='word_1_66' title='bbox 535 864 655 919; x_wconf 90' lang='lat' dir='ltr'><strong>equis</strong></span> <span class='ocrx_word' id='word_1_67' title='bbox 687 864 756 907; x_wconf 86' lang='lat' dir='ltr'><strong>vel</strong></span> <span class='ocrx_word' id='word_1_68' title='bbox 788 863 967 906; x_wconf 90' lang='lat' dir='ltr'><strong>canibus</strong></span> <span class='ocrx_word' id='word_1_69' title='bbox 1000 864 1069 906; x_wconf 85' lang='lat' dir='ltr'><strong>vel</strong></span> <span class='ocrx_word' id='word_1_70' title='bbox 1099 863 1275 906; x_wconf 88' lang='lat' dir='ltr'><strong>famulo.</strong></span> 
     </span>
    </p>

    <p class='ocr_par' dir='ltr' id='par_1_6' title="bbox 450 935 2044 990">
     <span class='ocr_line' id='line_1_10' title="bbox 450 935 2044 990; baseline 0.001 -13"><span class='ocrx_word' id='word_1_71' title='bbox 450 935 549 978; x_wconf 81' lang='lat'><strong>229.</strong></span> <span class='ocrx_word' id='word_1_72' title='bbox 599 947 688 977; x_wconf 80' lang='lat' dir='ltr'><strong>TER</strong></span> <span class='ocrx_word' id='word_1_73' title='bbox 727 946 885 978; x_wconf 83' lang='lat' dir='ltr'>SOCIOS</span> <span class='ocrx_word' id='word_1_74' title='bbox 925 937 1000 977; x_wconf 89' lang='lat' dir='ltr'><strong>aut</strong></span> <span class='ocrx_word' id='word_1_75' title='bbox 1038 935 1226 990; x_wconf 87' lang='lat' dir='ltr'><strong>saepius,</strong></span> <span class='ocrx_word' id='word_1_76' title='bbox 1265 937 1339 977; x_wconf 90' lang='lat' dir='ltr'><strong>aut</strong></span> <span class='ocrx_word' id='word_1_77' title='bbox 1375 948 1421 977; x_wconf 90' lang='lat' dir='ltr'><strong>re</strong></span> <span class='ocrx_word' id='word_1_78' title='bbox 1460 949 1561 977; x_wconf 89' lang='lat' dir='ltr'><strong>vera</strong></span> <span class='ocrx_word' id='word_1_79' title='bbox 1598 936 1681 977; x_wconf 90' lang='lat' dir='ltr'><strong>ter:</strong></span> <span class='ocrx_word' id='word_1_80' title='bbox 1724 935 1825 978; x_wconf 89' lang='lat' dir='ltr'><strong>licet</strong></span> <span class='ocrx_word' id='word_1_81' title='bbox 1865 935 1979 978; x_wconf 90' lang='lat' dir='ltr'><strong>enim</strong></span> <span class='ocrx_word' id='word_1_82' title='bbox 2019 951 2044 978; x_wconf 87' lang='lat' dir='ltr'><strong>a</strong></span> 
     </span>
    </p>
   </div>
   <div class='ocr_carea' id='block_1_5' title="bbox 262 1006 2043 1063">
    <p class='ocr_par' dir='ltr' id='par_1_7' title="bbox 262 1006 2043 1063">
     <span class='ocr_line' id='line_1_11' title="bbox 262 1006 2043 1063; baseline 0.002 -17"><span class='ocrx_word' id='word_1_83' title='bbox 262 1013 307 1046; x_wconf 86' lang='lat'><strong>10</strong></span> <span class='ocrx_word' id='word_1_84' title='bbox 332 1007 481 1050; x_wconf 85' lang='lat' dir='ltr'><strong>funere</strong></span> <span class='ocrx_word' id='word_1_85' title='bbox 513 1007 811 1050; x_wconf 86' lang='lat' dir='ltr'><strong>contraxerint</strong></span> <span class='ocrx_word' id='word_1_86' title='bbox 849 1006 1155 1063; x_wconf 80' lang='lat' dir='ltr'><strong>pollutionem,</strong></span> <span class='ocrx_word' id='word_1_87' title='bbox 1191 1009 1337 1048; x_wconf 87' lang='lat' dir='ltr'><strong>tamen</strong></span> <span class='ocrx_word' id='word_1_88' title='bbox 1370 1006 1510 1049; x_wconf 89' lang='lat' dir='ltr'><strong>omnis</strong></span> <span class='ocrx_word' id='word_1_89' title='bbox 1543 1006 1746 1062; x_wconf 86' lang='lat' dir='ltr'><strong>purgatio</strong></span> <span class='ocrx_word' id='word_1_90' title='bbox 1780 1007 1831 1051; x_wconf 87' lang='lat' dir='ltr'><strong>ad</strong></span> <span class='ocrx_word' id='word_1_91' title='bbox 1865 1021 2043 1062; x_wconf 86' lang='lat' dir='ltr'><strong>superos</strong></span> 
     </span>
    </p>
   </div>
   <div class='ocr_carea' id='block_1_6' title="bbox 263 1370 306 1403">
    <p class='ocr_par' dir='ltr' id='par_1_8' title="bbox 263 1370 306 1403">
     <span class='ocr_line' id='line_1_12' title="bbox 263 1370 306 1403; baseline 0 0"><span class='ocrx_word' id='word_1_92' title='bbox 263 1370 306 1403; x_wconf 88' lang='lat'><strong>15</strong></span> 
     </span>
    </p>
   </div>
   <div class='ocr_carea' id='block_1_7' title="bbox 260 1730 306 1762">
    <p class='ocr_par' dir='ltr' id='par_1_9' title="bbox 260 1730 306 1762">
     <span class='ocr_line' id='line_1_13' title="bbox 260 1730 306 1762; baseline 0.022 -1"><span class='ocrx_word' id='word_1_93' title='bbox 260 1730 306 1762; x_wconf 76' lang='lat'><strong>20</strong></span> 
     </span>
    </p>
   </div>
   <div class='ocr_carea' id='block_1_8' title="bbox 262 2087 306 2119">
    <p class='ocr_par' dir='ltr' id='par_1_10' title="bbox 262 2087 306 2119">
     <span class='ocr_line' id='line_1_14' title="bbox 262 2087 306 2119; baseline 0 0"><span class='ocrx_word' id='word_1_94' title='bbox 262 2087 306 2119; x_wconf 84' lang='lat'><strong>25</strong></span> 
     </span>
    </p>
   </div>
   <div class='ocr_carea' id='block_1_9' title="bbox 331 1078 2062 1276">
    <p class='ocr_par' dir='ltr' id='par_1_11' title="bbox 331 1078 2062 1276">
     <span class='ocr_line' id='line_1_15' title="bbox 331 1078 2045 1135; baseline 0.001 -15"><span class='ocrx_word' id='word_1_95' title='bbox 331 1079 539 1134; x_wconf 82' lang='lat' dir='ltr'><strong>pertinet,</strong></span> <span class='ocrx_word' id='word_1_96' title='bbox 577 1078 689 1120; x_wconf 87' lang='lat' dir='ltr'><strong>unde</strong></span> <span class='ocrx_word' id='word_1_97' title='bbox 722 1081 765 1120; x_wconf 90' lang='lat' dir='ltr'><strong>et</strong></span> <span class='ocrx_word' id='word_1_98' title='bbox 796 1078 859 1120; x_wconf 91' lang='lat' dir='ltr'><strong>ait</strong></span> <span class='ocrx_word' id='word_1_99' title='bbox 890 1078 1084 1134; x_wconf 87' lang='lat' dir='ltr'><strong>inparem</strong></span> <span class='ocrx_word' id='word_1_100' title='bbox 1116 1092 1359 1120; x_wconf 85' lang='lat' dir='ltr'><strong>numerum:</strong></span> <span class='ocrx_word' id='word_1_101' title='bbox 1399 1080 1474 1120; x_wconf 90' lang='lat' dir='ltr'><strong>aut</strong></span> <span class='ocrx_word' id='word_1_102' title='bbox 1512 1078 1613 1133; x_wconf 88' lang='lat' dir='ltr'><strong>quia</strong></span> <span class='ocrx_word' id='word_1_103' title='bbox 1649 1078 1733 1120; x_wconf 91' lang='lat' dir='ltr'><strong>hoc</strong></span> <span class='ocrx_word' id='word_1_104' title='bbox 1763 1078 1876 1121; x_wconf 88' lang='lat' dir='ltr'><strong>ratio</strong></span> <span class='ocrx_word' id='word_1_105' title='bbox 1910 1078 2045 1135; x_wconf 85' lang='lat' dir='ltr'><strong>exigit</strong></span> 
     </span>
     <span class='ocr_line' id='line_1_16' title="bbox 331 1148 2062 1205; baseline -0.001 -14"><span class='ocrx_word' id='word_1_106' title='bbox 331 1149 618 1192; x_wconf 83' lang='lat' dir='ltr'><strong>lustrationis.</strong></span> <span class='ocrx_word' id='word_1_107' title='bbox 711 1160 1026 1192; x_wconf 76' lang='lat' dir='ltr'>CIRCVMTVLIT</span> <span class='ocrx_word' id='word_1_108' title='bbox 1060 1148 1276 1205; x_wconf 87' lang='lat' dir='ltr'><strong>purgavit.</strong></span> <span class='ocrx_word' id='word_1_109' title='bbox 1326 1149 1552 1205; x_wconf 84' lang='lat' dir='ltr'><strong>antiquum</strong></span> <span class='ocrx_word' id='word_1_110' title='bbox 1583 1149 1763 1193; x_wconf 87' lang='lat' dir='ltr'><strong>verbum</strong></span> <span class='ocrx_word' id='word_1_111' title='bbox 1796 1152 1871 1192; x_wconf 90' lang='lat' dir='ltr'><strong>est.</strong></span> <span class='ocrx_word' id='word_1_112' title='bbox 1918 1149 2062 1192; x_wconf 89' lang='lat' dir='ltr'><strong>Plau-.</strong></span> 
     </span>
     <span class='ocr_line' id='line_1_17' title="bbox 331 1219 2042 1276; baseline 0 -13"><span class='ocrx_word' id='word_1_113' title='bbox 331 1224 401 1263; x_wconf 88' lang='lat' dir='ltr'><strong>tus</strong></span> <span class='ocrx_word' id='word_1_114' title='bbox 433 1236 523 1276; x_wconf 89' lang='lat' dir='ltr'><strong>pro</strong></span> <span class='ocrx_word' id='word_1_115' title='bbox 555 1222 760 1263; x_wconf 85' lang='lat' dir='ltr'><strong>larvato</strong></span> <span class='ocrx_word' id='word_1_116' title='bbox 792 1222 841 1262; x_wconf 88' lang='lat' dir='ltr'><strong>te</strong></span> <span class='ocrx_word' id='word_1_117' title='bbox 873 1219 1251 1274; x_wconf 87' lang='lat' dir='ltr'><strong>circumferam,</strong></span> <span class='ocrx_word' id='word_1_118' title='bbox 1288 1219 1332 1262; x_wconf 92' lang='lat' dir='ltr'><strong>id</strong></span> <span class='ocrx_word' id='word_1_119' title='bbox 1364 1222 1429 1262; x_wconf 89' lang='lat' dir='ltr'><strong>est</strong></span> <span class='ocrx_word' id='word_1_120' title='bbox 1459 1219 1675 1276; x_wconf 84' lang='lat' dir='ltr'><strong>purgabo:</strong></span> <span class='ocrx_word' id='word_1_121' title='bbox 1706 1234 1808 1263; x_wconf 90' lang='lat' dir='ltr'><strong>nam</strong></span> <span class='ocrx_word' id='word_1_122' title='bbox 1841 1220 2042 1263; x_wconf 81' lang='lat' dir='ltr'><strong>lustratio</strong></span> 
     </span>
    </p>
   </div>
   <div class='ocr_carea' id='block_1_10' title="bbox 310 1290 2044 1349">
    <p class='ocr_par' dir='ltr' id='par_1_12' title="bbox 310 1290 2044 1349">
     <span class='ocr_line' id='line_1_18' title="bbox 310 1290 2044 1349; baseline 0 -15"><span class='ocrx_word' id='word_1_123' title='bbox 310 1307 358 1349; x_wconf 25' lang='lat' dir='ltr'><strong>‚a</strong></span> <span class='ocrx_word' id='word_1_124' title='bbox 389 1292 715 1335; x_wconf 89' lang='lat' dir='ltr'><strong>circumlatione</strong></span> <span class='ocrx_word' id='word_1_125' title='bbox 754 1291 871 1334; x_wconf 90' lang='lat' dir='ltr'><strong>dicta</strong></span> <span class='ocrx_word' id='word_1_126' title='bbox 915 1293 981 1334; x_wconf 85' lang='lat' dir='ltr'><strong>est</strong></span> <span class='ocrx_word' id='word_1_127' title='bbox 1023 1291 1091 1334; x_wconf 82' lang='lat' dir='ltr'><strong>vel</strong></span> <span class='ocrx_word' id='word_1_128' title='bbox 1133 1290 1296 1333; x_wconf 86' lang='lat' dir='ltr'><strong>taedae</strong></span> <span class='ocrx_word' id='word_1_129' title='bbox 1322 1291 1391 1333; x_wconf 88' lang='lat' dir='ltr'><strong>vel</strong></span> <span class='ocrx_word' id='word_1_130' title='bbox 1431 1290 1662 1345; x_wconf 83' lang='lat' dir='ltr'><strong>sulphuris.</strong></span> <span class='ocrx_word' id='word_1_131' title='bbox 1723 1291 1940 1335; x_wconf 88' lang='lat' dir='ltr'><strong>Iuvenalis</strong></span> <span class='ocrx_word' id='word_1_132' title='bbox 1972 1291 2044 1347; x_wconf 86' lang='lat'><strong>&lt;11</strong></span> 
     </span>
    </p>
   </div>
   <div class='ocr_carea' id='block_1_11' title="bbox 330 1361 2044 2135">
    <p class='ocr_par' dir='ltr' id='par_1_13' title="bbox 338 1361 1574 1420">
     <span class='ocr_line' id='line_1_19' title="bbox 338 1361 1574 1420; baseline -0.002 -14"><span class='ocrx_word' id='word_1_133' title='bbox 338 1363 452 1418; x_wconf 84' lang='lat'>157&gt;</span> <span class='ocrx_word' id='word_1_134' title='bbox 485 1364 529 1406; x_wconf 87' lang='lat' dir='ltr'><strong>si</strong></span> <span class='ocrx_word' id='word_1_135' title='bbox 561 1379 658 1420; x_wconf 88' lang='lat' dir='ltr'><strong>qua</strong></span> <span class='ocrx_word' id='word_1_136' title='bbox 689 1364 937 1406; x_wconf 89' lang='lat' dir='ltr'><strong>darentur</strong></span> <span class='ocrx_word' id='word_1_137' title='bbox 967 1362 1219 1419; x_wconf 81' lang='lat' dir='ltr'><strong>sulphura</strong></span> <span class='ocrx_word' id='word_1_138' title='bbox 1251 1377 1360 1405; x_wconf 92' lang='lat' dir='ltr'><strong>cum</strong></span> <span class='ocrx_word' id='word_1_139' title='bbox 1392 1361 1574 1404; x_wconf 88' lang='lat' dir='ltr'><strong>taedis.</strong></span> 
     </span>
    </p>

    <p class='ocr_par' dir='ltr' id='par_1_14' title="bbox 330 1433 2044 1979">
     <span class='ocr_line' id='line_1_20' title="bbox 452 1433 2043 1491; baseline -0.001 -13"><span class='ocrx_word' id='word_1_140' title='bbox 452 1435 550 1478; x_wconf 80' lang='lat'><strong>230.</strong></span> <span class='ocrx_word' id='word_1_141' title='bbox 601 1446 834 1478; x_wconf 80' lang='lat' dir='ltr'><strong>SPARGENS</strong></span> <span class='ocrx_word' id='word_1_142' title='bbox 875 1435 976 1491; x_wconf 89' lang='lat' dir='ltr'><strong>quia</strong></span> <span class='ocrx_word' id='word_1_143' title='bbox 1013 1449 1081 1477; x_wconf 89' lang='lat' dir='ltr'><strong>res</strong></span> <span class='ocrx_word' id='word_1_144' title='bbox 1113 1436 1302 1491; x_wconf 88' lang='lat' dir='ltr'><strong>aguntur</strong></span> <span class='ocrx_word' id='word_1_145' title='bbox 1332 1433 1540 1476; x_wconf 86' lang='lat' dir='ltr'><strong>infernae.</strong></span> <span class='ocrx_word' id='word_1_146' title='bbox 1601 1434 1646 1476; x_wconf 88' lang='lat' dir='ltr'><strong>in</strong></span> <span class='ocrx_word' id='word_1_147' title='bbox 1678 1434 1864 1477; x_wconf 86' lang='lat' dir='ltr'><strong>secundo</strong></span> <span class='ocrx_word' id='word_1_148' title='bbox 1899 1434 2043 1490; x_wconf 82' lang='lat'>&lt;719&gt;</span> 
     </span>
     <span class='ocr_line' id='line_1_21' title="bbox 331 1504 2044 1562; baseline -0.001 -12"><span class='ocrx_word' id='word_1_149' title='bbox 331 1506 502 1550; x_wconf 87' lang='lat' dir='ltr'><strong>Aeneas</strong></span> <span class='ocrx_word' id='word_1_150' title='bbox 540 1507 642 1550; x_wconf 88' lang='lat' dir='ltr'><strong>deos</strong></span> <span class='ocrx_word' id='word_1_151' title='bbox 679 1509 933 1562; x_wconf 89' lang='lat' dir='ltr'><strong>portaturus</strong></span> <span class='ocrx_word' id='word_1_152' title='bbox 973 1506 1035 1549; x_wconf 86' lang='lat' dir='ltr'><strong>ait</strong></span> <span class='ocrx_word' id='word_1_153' title='bbox 1078 1505 1235 1548; x_wconf 92' lang='lat' dir='ltr'><strong>donec</strong></span> <span class='ocrx_word' id='word_1_154' title='bbox 1279 1520 1357 1548; x_wconf 91' lang='lat' dir='ltr'><strong>me</strong></span> <span class='ocrx_word' id='word_1_155' title='bbox 1402 1504 1617 1547; x_wconf 89' lang='lat' dir='ltr'><strong>flumine</strong></span> <span class='ocrx_word' id='word_1_156' title='bbox 1660 1505 1776 1548; x_wconf 86' lang='lat' dir='ltr'><strong>vivo</strong></span> <span class='ocrx_word' id='word_1_157' title='bbox 1821 1506 2044 1555; x_wconf 82' lang='lat' dir='ltr'><strong>abluero,</strong></span> 
     </span>
     <span class='ocr_line' id='line_1_22' title="bbox 330 1577 2042 1634; baseline -0.001 -13"><span class='ocrx_word' id='word_1_158' title='bbox 330 1578 401 1621; x_wconf 90' lang='lat' dir='ltr'><strong>hic</strong></span> <span class='ocrx_word' id='word_1_159' title='bbox 440 1578 554 1621; x_wconf 91' lang='lat' dir='ltr'><strong>enim</strong></span> <span class='ocrx_word' id='word_1_160' title='bbox 593 1581 687 1621; x_wconf 89' lang='lat' dir='ltr'><strong>erat</strong></span> <span class='ocrx_word' id='word_1_161' title='bbox 725 1593 838 1634; x_wconf 84' lang='lat' dir='ltr'><strong>mos,</strong></span> <span class='ocrx_word' id='word_1_162' title='bbox 879 1580 928 1620; x_wconf 90' lang='lat' dir='ltr'><strong>ut</strong></span> <span class='ocrx_word' id='word_1_163' title='bbox 966 1578 1150 1620; x_wconf 84' lang='lat' dir='ltr'><strong>diximus</strong></span> <span class='ocrx_word' id='word_1_164' title='bbox 1189 1592 1331 1633; x_wconf 88' lang='lat' dir='ltr'><strong>supra.</strong></span> <span class='ocrx_word' id='word_1_165' title='bbox 1451 1587 1631 1619; x_wconf 82' lang='lat' dir='ltr'>FELICIS</span> <span class='ocrx_word' id='word_1_166' title='bbox 1665 1588 1835 1619; x_wconf 80' lang='lat' dir='ltr'>OLIVAE</span> <span class='ocrx_word' id='word_1_167' title='bbox 1879 1577 2042 1620; x_wconf 87' lang='lat' dir='ltr'><strong>arboris</strong></span> 
     </span>
     <span class='ocr_line' id='line_1_23' title="bbox 330 1647 2043 1704; baseline -0.001 -11"><span class='ocrx_word' id='word_1_168' title='bbox 330 1650 481 1693; x_wconf 85' lang='lat' dir='ltr'><strong>festae.</strong></span> <span class='ocrx_word' id='word_1_169' title='bbox 520 1651 594 1693; x_wconf 88' lang='lat' dir='ltr'><strong>sed</strong></span> <span class='ocrx_word' id='word_1_170' title='bbox 626 1651 759 1693; x_wconf 89' lang='lat' dir='ltr'><strong>moris</strong></span> <span class='ocrx_word' id='word_1_171' title='bbox 790 1649 935 1692; x_wconf 87' lang='lat' dir='ltr'><strong>fuerat</strong></span> <span class='ocrx_word' id='word_1_172' title='bbox 959 1651 1008 1692; x_wconf 91' lang='lat' dir='ltr'><strong>ut</strong></span> <span class='ocrx_word' id='word_1_173' title='bbox 1033 1649 1084 1691; x_wconf 86' lang='lat' dir='ltr'><strong>de</strong></span> <span class='ocrx_word' id='word_1_174' title='bbox 1116 1649 1238 1692; x_wconf 89' lang='lat' dir='ltr'><strong>lauro</strong></span> <span class='ocrx_word' id='word_1_175' title='bbox 1264 1648 1397 1690; x_wconf 85' lang='lat' dir='ltr'><strong>fieret.</strong></span> <span class='ocrx_word' id='word_1_176' title='bbox 1446 1661 1549 1689; x_wconf 89' lang='lat' dir='ltr'><strong>sane</strong></span> <span class='ocrx_word' id='word_1_177' title='bbox 1576 1647 1680 1691; x_wconf 91' lang='lat' dir='ltr'><strong>dicit</strong></span> <span class='ocrx_word' id='word_1_178' title='bbox 1704 1647 1902 1692; x_wconf 85' lang='lat' dir='ltr'><strong>Donatus</strong></span> <span class='ocrx_word' id='word_1_179' title='bbox 1930 1649 2043 1704; x_wconf 91' lang='lat' dir='ltr'><strong>quod</strong></span> 
     </span>
     <span class='ocr_line' id='line_1_24' title="bbox 332 1719 2042 1778; baseline -0.001 -13"><span class='ocrx_word' id='word_1_180' title='bbox 332 1722 415 1765; x_wconf 90' lang='lat' dir='ltr'><strong>hoc</strong></span> <span class='ocrx_word' id='word_1_181' title='bbox 447 1724 626 1778; x_wconf 89' lang='lat' dir='ltr'><strong>propter</strong></span> <span class='ocrx_word' id='word_1_182' title='bbox 657 1720 906 1777; x_wconf 88' lang='lat' dir='ltr'><strong>Augustum</strong></span> <span class='ocrx_word' id='word_1_183' title='bbox 943 1720 1140 1763; x_wconf 87' lang='lat' dir='ltr'><strong>mutavit.</strong></span> <span class='ocrx_word' id='word_1_184' title='bbox 1201 1735 1302 1764; x_wconf 87' lang='lat' dir='ltr'><strong>nam</strong></span> <span class='ocrx_word' id='word_1_185' title='bbox 1339 1721 1443 1761; x_wconf 87' lang='lat' dir='ltr'><strong>nata</strong></span> <span class='ocrx_word' id='word_1_186' title='bbox 1481 1721 1573 1761; x_wconf 90' lang='lat' dir='ltr'><strong>erat</strong></span> <span class='ocrx_word' id='word_1_187' title='bbox 1610 1719 1756 1762; x_wconf 89' lang='lat' dir='ltr'><strong>laurus</strong></span> <span class='ocrx_word' id='word_1_188' title='bbox 1795 1720 1842 1761; x_wconf 91' lang='lat' dir='ltr'><strong>in</strong></span> <span class='ocrx_word' id='word_1_189' title='bbox 1873 1719 2042 1763; x_wconf 89' lang='lat' dir='ltr'><strong>Palatio</strong></span> 
     </span>
     <span class='ocr_line' id='line_1_25' title="bbox 333 1791 2044 1849; baseline -0.001 -14"><span class='ocrx_word' id='word_1_190' title='bbox 333 1808 382 1835; x_wconf 90' lang='lat' dir='ltr'><strong>eo</strong></span> <span class='ocrx_word' id='word_1_191' title='bbox 429 1793 515 1849; x_wconf 90' lang='lat' dir='ltr'><strong>die,</strong></span> <span class='ocrx_word' id='word_1_192' title='bbox 560 1807 644 1849; x_wconf 89' lang='lat' dir='ltr'><strong>quo</strong></span> <span class='ocrx_word' id='word_1_193' title='bbox 682 1793 925 1849; x_wconf 88' lang='lat' dir='ltr'><strong>Augustus:</strong></span> <span class='ocrx_word' id='word_1_194' title='bbox 969 1791 1082 1834; x_wconf 90' lang='lat' dir='ltr'><strong>unde</strong></span> <span class='ocrx_word' id='word_1_195' title='bbox 1126 1791 1445 1847; x_wconf 87' lang='lat' dir='ltr'><strong>triumphantes</strong></span> <span class='ocrx_word' id='word_1_196' title='bbox 1484 1791 1684 1833; x_wconf 88' lang='lat' dir='ltr'><strong>coronari</strong></span> <span class='ocrx_word' id='word_1_197' title='bbox 1722 1793 2044 1834; x_wconf 87' lang='lat' dir='ltr'><strong>consueverant.</strong></span> 
     </span>
     <span class='ocr_line' id='line_1_26' title="bbox 331 1862 2042 1920; baseline -0.001 -13"><span class='ocrx_word' id='word_1_198' title='bbox 331 1867 512 1920; x_wconf 89' lang='lat' dir='ltr'><strong>propter</strong></span> <span class='ocrx_word' id='word_1_199' title='bbox 551 1879 681 1920; x_wconf 89' lang='lat' dir='ltr'><strong>quam</strong></span> <span class='ocrx_word' id='word_1_200' title='bbox 720 1878 812 1907; x_wconf 92' lang='lat' dir='ltr'><strong>rem</strong></span> <span class='ocrx_word' id='word_1_201' title='bbox 848 1863 991 1906; x_wconf 91' lang='lat' dir='ltr'><strong>noluit</strong></span> <span class='ocrx_word' id='word_1_202' title='bbox 1026 1863 1197 1905; x_wconf 87' lang='lat' dir='ltr'><strong>laurum</strong></span> <span class='ocrx_word' id='word_1_203' title='bbox 1235 1863 1372 1905; x_wconf 88' lang='lat' dir='ltr'><strong>dicere</strong></span> <span class='ocrx_word' id='word_1_204' title='bbox 1411 1862 1464 1904; x_wconf 89' lang='lat' dir='ltr'><strong>ad</strong></span> <span class='ocrx_word' id='word_1_205' title='bbox 1503 1862 1696 1905; x_wconf 87' lang='lat' dir='ltr'><strong>officium</strong></span> <span class='ocrx_word' id='word_1_206' title='bbox 1735 1862 1917 1919; x_wconf 81' lang='lat' dir='ltr'><strong>lugubre</strong></span> <span class='ocrx_word' id='word_1_207' title='bbox 1947 1877 2042 1919; x_wconf 89' lang='lat' dir='ltr'><strong>per-</strong></span> 
     </span>
     <span class='ocr_line' id='line_1_27' title="bbox 333 1935 484 1979; baseline 0.013 -2"><span class='ocrx_word' id='word_1_208' title='bbox 333 1935 484 1979; x_wconf 91' lang='lat' dir='ltr'><strong>tinere.</strong></span> 
     </span>
    </p>

    <p class='ocr_par' dir='ltr' id='par_1_15' title="bbox 333 1991 2044 2135">
     <span class='ocr_line' id='line_1_28' title="bbox 454 1991 2044 2062; baseline 0 -13"><span class='ocrx_word' id='word_1_209' title='bbox 454 2007 553 2049; x_wconf 84' lang='lat'><strong>231.</strong></span> <span class='ocrx_word' id='word_1_210' title='bbox 602 2016 854 2050; x_wconf 81' lang='lat' dir='ltr'>NOVISSIMA</span> <span class='ocrx_word' id='word_1_211' title='bbox 880 1992 1038 2049; x_wconf 37' lang='lat' dir='ltr'><strong><em>VERBA*</em></strong></span> <span class='ocrx_word' id='word_1_212' title='bbox 1056 2007 1100 2048; x_wconf 89' lang='lat' dir='ltr'><strong>id</strong></span> <span class='ocrx_word' id='word_1_213' title='bbox 1127 2008 1192 2049; x_wconf 87' lang='lat' dir='ltr'><strong>est</strong></span> <span class='ocrx_word' id='word_1_214' title='bbox 1219 2006 1382 2049; x_wconf 76' lang='lat' dir='ltr'><strong>‘ilicet&#39;z</strong></span> <span class='ocrx_word' id='word_1_215' title='bbox 1415 1991 1516 2049; x_wconf 54' lang='lat' dir='ltr'><strong>n‘am</strong></span> <span class='ocrx_word' id='word_1_216' title='bbox 1543 2004 1669 2049; x_wconf 77' lang='lat' dir='ltr'><strong>‘vale&#39;</strong></span> <span class='ocrx_word' id='word_1_217' title='bbox 1696 2005 1918 2048; x_wconf 86' lang='lat' dir='ltr'><strong>dicebatur</strong></span> <span class='ocrx_word' id='word_1_218' title='bbox 1942 2008 2044 2062; x_wconf 86' lang='lat' dir='ltr'><strong>post</strong></span> 
     </span>
     <span class='ocr_line' id='line_1_29' title="bbox 333 2067 1175 2135; baseline 0 -15"><span class='ocrx_word' id='word_1_219' title='bbox 333 2067 491 2121; x_wconf 82' lang='lat' dir='ltr'><strong>tumuli</strong></span> <span class='ocrx_word' id='word_1_220' title='bbox 525 2093 694 2134; x_wconf 89' lang='lat' dir='ltr'><strong>quoque</strong></span> <span class='ocrx_word' id='word_1_221' title='bbox 726 2081 904 2135; x_wconf 89' lang='lat' dir='ltr'><strong>peracta</strong></span> <span class='ocrx_word' id='word_1_222' title='bbox 936 2078 1175 2121; x_wconf 88' lang='lat' dir='ltr'><strong>sollemnia.</strong></span> 
     </span>
    </p>
   </div>
   <div class='ocr_carea' id='block_1_12' title="bbox 334 2163 619 2167">
    <p class='ocr_par' dir='ltr' id='par_1_16' title="bbox 334 2163 619 2167">
     <span class='ocr_line' id='line_1_30' title="bbox 334 2163 619 2167; baseline 0 0"><span class='ocrx_word' id='word_1_223' title='bbox 334 2163 619 2167; x_wconf 95' lang='lat' dir='ltr'><strong> </strong></span> 
     </span>
    </p>
   </div>
   <div class='ocr_carea' id='block_1_13' title="bbox 336 2206 2041 2302">
    <p class='ocr_par' dir='ltr' id='par_1_17' title="bbox 336 2206 2041 2302">
     <span class='ocr_line' id='line_1_31' title="bbox 431 2206 2041 2255; baseline 0 -13"><span class='ocrx_word' id='word_1_224' title='bbox 431 2212 449 2242; x_wconf 90' lang='lat'>1</span> <span class='ocrx_word' id='word_1_225' title='bbox 478 2207 638 2255; x_wconf 83' lang='lat' dir='ltr'><strong>Statius]</strong></span> <span class='ocrx_word' id='word_1_226' title='bbox 664 2208 780 2244; x_wconf 88' lang='lat' dir='ltr'><strong>Theb.</strong></span> <span class='ocrx_word' id='word_1_227' title='bbox 801 2208 852 2244; x_wconf 95' lang='lat' dir='ltr'><strong>IV</strong></span> <span class='ocrx_word' id='word_1_228' title='bbox 872 2212 941 2244; x_wconf 89' lang='grc'><strong>206</strong></span> <span class='ocrx_word' id='word_1_229' title='bbox 957 2219 1035 2254; x_wconf 85' lang='lat' dir='ltr'><strong>sqq.</strong></span> <span class='ocrx_word' id='word_1_230' title='bbox 1061 2209 1073 2254; x_wconf 86' lang='grc' dir='ltr'><strong>ΙΙ</strong></span> <span class='ocrx_word' id='word_1_231' title='bbox 1106 2211 1147 2243; x_wconf 98' lang='grc'><strong>12</strong></span> <span class='ocrx_word' id='word_1_232' title='bbox 1174 2219 1406 2243; x_wconf 63' lang='grc' dir='ltr'><strong>οιηονΜΤνιῑτ</strong></span> <span class='ocrx_word' id='word_1_233' title='bbox 1430 2206 1622 2253; x_wconf 84' lang='lat' dir='ltr'><strong>purgavit]</strong></span> <span class='ocrx_word' id='word_1_234' title='bbox 1650 2206 1695 2242; x_wconf 86' lang='lat' dir='ltr'><strong>cf.</strong></span> <span class='ocrx_word' id='word_1_235' title='bbox 1715 2206 1810 2242; x_wconf 91' lang='lat' dir='ltr'><strong>Non.</strong></span> <span class='ocrx_word' id='word_1_236' title='bbox 1837 2218 1873 2251; x_wconf 88' lang='lat' dir='ltr'><strong>p.</strong></span> <span class='ocrx_word' id='word_1_237' title='bbox 1894 2209 1975 2250; x_wconf 91' lang='grc'><strong>261,</strong></span> <span class='ocrx_word' id='word_1_238' title='bbox 1996 2210 2041 2242; x_wconf 90' lang='grc'><strong>26</strong></span> 
     </span>
     <span class='ocr_line' id='line_1_32' title="bbox 336 2255 1512 2302; baseline -0.001 -12"><span class='ocrx_word' id='word_1_239' title='bbox 336 2256 386 2290; x_wconf 89' lang='lat' dir='ltr'><em>M</em></span> <span class='ocrx_word' id='word_1_240' title='bbox 402 2256 414 2300; x_wconf 90' lang='grc' dir='ltr'><strong>ΙΙ</strong></span> <span class='ocrx_word' id='word_1_241' title='bbox 435 2259 478 2291; x_wconf 89' lang='grc'><strong>16</strong></span> <span class='ocrx_word' id='word_1_242' title='bbox 504 2255 668 2300; x_wconf 87' lang='lat' dir='ltr'><strong>quia...</strong></span> <span class='ocrx_word' id='word_1_243' title='bbox 690 2255 859 2302; x_wconf 87' lang='lat' dir='ltr'><strong>abluero]</strong></span> <span class='ocrx_word' id='word_1_244' title='bbox 887 2256 932 2293; x_wconf 89' lang='lat' dir='ltr'><strong>cf.</strong></span> <span class='ocrx_word' id='word_1_245' title='bbox 959 2255 1122 2291; x_wconf 87' lang='lat' dir='ltr'><strong>Macrob.</strong></span> <span class='ocrx_word' id='word_1_246' title='bbox 1151 2255 1227 2291; x_wconf 86' lang='lat' dir='ltr'><strong>Sat.</strong></span> <span class='ocrx_word' id='word_1_247' title='bbox 1253 2255 1306 2289; x_wconf 86' lang='lat' dir='ltr'><strong>III</strong></span> <span class='ocrx_word' id='word_1_248' title='bbox 1333 2258 1363 2299; x_wconf 88' lang='lat'><strong>1,</strong></span> <span class='ocrx_word' id='word_1_249' title='bbox 1391 2258 1411 2290; x_wconf 88' lang='grc'><strong>6</strong></span> <span class='ocrx_word' id='word_1_250' title='bbox 1432 2266 1512 2299; x_wconf 85' lang='lat' dir='ltr'><strong>sqq.</strong></span> 
     </span>
    </p>
   </div>
   <div class='ocr_carea' id='block_1_14' title="bbox 334 2330 618 2334">
    <p class='ocr_par' dir='ltr' id='par_1_18' title="bbox 334 2330 618 2334">
     <span class='ocr_line' id='line_1_33' title="bbox 334 2330 618 2334; baseline 0 0"><span class='ocrx_word' id='word_1_251' title='bbox 334 2330 618 2334; x_wconf 95' lang='lat' dir='ltr'><strong> </strong></span> 
     </span>
    </p>
   </div>
   <div class='ocr_carea' id='block_1_15' title="bbox 331 2371 2046 3262">
    <p class='ocr_par' dir='ltr' id='par_1_19' title="bbox 331 2371 2046 3262">
     <span class='ocr_line' id='line_1_34' title="bbox 430 2371 2040 2421; baseline -0.001 -13"><span class='ocrx_word' id='word_1_252' title='bbox 430 2378 448 2408; x_wconf 90' lang='lat'>1</span> <span class='ocrx_word' id='word_1_253' title='bbox 477 2375 656 2421; x_wconf 85' lang='lat' dir='ltr'><strong>crateres]</strong></span> <span class='ocrx_word' id='word_1_254' title='bbox 684 2373 807 2410; x_wconf 90' lang='lat' dir='ltr'><strong>oliuae</strong></span> <span class='ocrx_word' id='word_1_255' title='bbox 833 2374 917 2410; x_wconf 84' lang='lat' dir='ltr'><strong>add.</strong></span> <span class='ocrx_word' id='word_1_256' title='bbox 940 2374 973 2409; x_wconf 99' lang='lat' dir='ltr'><em>G</em></span> <span class='ocrx_word' id='word_1_257' title='bbox 993 2375 1012 2420; x_wconf 85' lang='grc' dir='ltr'><strong>ΙΙ</strong></span> <span class='ocrx_word' id='word_1_258' title='bbox 1023 2373 1164 2409; x_wconf 85' lang='lat' dir='ltr'><strong>stacius</strong></span> <span class='ocrx_word' id='word_1_259' title='bbox 1192 2373 1242 2407; x_wconf 90' lang='lat' dir='ltr'><em>M</em></span> <span class='ocrx_word' id='word_1_260' title='bbox 1258 2374 1268 2419; x_wconf 82' lang='grc' dir='ltr'><strong>ΙΙ</strong></span> <span class='ocrx_word' id='word_1_261' title='bbox 1288 2372 1511 2409; x_wconf 88' lang='lat' dir='ltr'><strong>arcaemoris</strong></span> <span class='ocrx_word' id='word_1_262' title='bbox 1537 2372 1573 2408; x_wconf 77' lang='lat' dir='ltr'><em>R</em></span> <span class='ocrx_word' id='word_1_263' title='bbox 1611 2371 1840 2407; x_wconf 87' lang='lat' dir='ltr'><strong>archaemori</strong></span> <span class='ocrx_word' id='word_1_264' title='bbox 1866 2372 1902 2406; x_wconf 89' lang='lat' dir='ltr'><strong><em>A</em></strong></span> <span class='ocrx_word' id='word_1_265' title='bbox 1940 2383 2040 2407; x_wconf 88' lang='lat' dir='ltr'><strong>arce-</strong></span> 
     </span>
     <span class='ocr_line' id='line_1_35' title="bbox 333 2416 2042 2468; baseline -0.002 -11"><span class='ocrx_word' id='word_1_266' title='bbox 333 2421 445 2457; x_wconf 87' lang='lat' dir='ltr'><strong>moris</strong></span> <span class='ocrx_word' id='word_1_267' title='bbox 471 2421 512 2456; x_wconf 86' lang='lat' dir='ltr'><em>H</em></span> <span class='ocrx_word' id='word_1_268' title='bbox 531 2423 543 2468; x_wconf 87' lang='grc'><strong>11</strong></span> <span class='ocrx_word' id='word_1_269' title='bbox 568 2422 799 2467; x_wconf 85' lang='lat' dir='ltr'><strong>sepulturam</strong></span> <span class='ocrx_word' id='word_1_270' title='bbox 824 2421 861 2457; x_wconf 84' lang='lat' dir='ltr'><strong><em>R</em></strong></span> <span class='ocrx_word' id='word_1_271' title='bbox 886 2422 898 2468; x_wconf 80' lang='lat' dir='ltr'><strong>{l</strong></span> <span class='ocrx_word' id='word_1_272' title='bbox 926 2425 946 2457; x_wconf 84' lang='lat'>2</span> <span class='ocrx_word' id='word_1_273' title='bbox 974 2420 1136 2457; x_wconf 87' lang='lat' dir='ltr'><strong>olivum.</strong></span> <span class='ocrx_word' id='word_1_274' title='bbox 1176 2420 1395 2457; x_wconf 80' lang='lat' dir='ltr'><strong>,faciebant</strong></span> <span class='ocrx_word' id='word_1_275' title='bbox 1418 2430 1485 2455; x_wconf 87' lang='lat' dir='ltr'><strong>om.</strong></span> <span class='ocrx_word' id='word_1_276' title='bbox 1513 2420 1546 2455; x_wconf 92' lang='lat' dir='ltr'><em>G</em></span> <span class='ocrx_word' id='word_1_277' title='bbox 1571 2421 1583 2465; x_wconf 88' lang='grc' dir='ltr'><strong>ΙΙ</strong></span> <span class='ocrx_word' id='word_1_278' title='bbox 1608 2418 1759 2465; x_wconf 87' lang='lat' dir='ltr'><strong>dicitur]</strong></span> <span class='ocrx_word' id='word_1_279' title='bbox 1787 2419 1848 2455; x_wconf 89' lang='lat' dir='ltr'><strong>vel</strong></span> <span class='ocrx_word' id='word_1_280' title='bbox 1872 2416 1949 2454; x_wconf 74' lang='grc' dir='ltr'><strong>ἀπὸ</strong></span> <span class='ocrx_word' id='word_1_281' title='bbox 1976 2419 2042 2464; x_wconf 80' lang='grc' dir='ltr'><strong>τῆς</strong></span> 
     </span>
     <span class='ocr_line' id='line_1_36' title="bbox 335 2464 2042 2515; baseline -0.002 -11"><span class='ocrx_word' id='word_1_282' title='bbox 335 2466 463 2509; x_wconf 78' lang='grc' dir='ltr'><strong><em>ἐλαίας</em></strong></span> <span class='ocrx_word' id='word_1_283' title='bbox 488 2464 511 2513; x_wconf 78' lang='grc' dir='ltr'>ἢ</span> <span class='ocrx_word' id='word_1_284' title='bbox 539 2466 653 2510; x_wconf 76' lang='grc' dir='ltr'><strong><em>ἐλάας</em></strong></span> <span class='ocrx_word' id='word_1_285' title='bbox 687 2470 772 2506; x_wconf 78' lang='lat' dir='ltr'><strong>add.</strong></span> <span class='ocrx_word' id='word_1_286' title='bbox 799 2469 838 2504; x_wconf 91' lang='lat' dir='ltr'><em>D</em></span> <span class='ocrx_word' id='word_1_287' title='bbox 875 2470 886 2515; x_wconf 81' lang='grc' dir='ltr'><strong>ΙΙ</strong></span> <span class='ocrx_word' id='word_1_288' title='bbox 924 2473 944 2504; x_wconf 93' lang='grc'><strong>3</strong></span> <span class='ocrx_word' id='word_1_289' title='bbox 972 2468 1123 2514; x_wconf 87' lang='lat' dir='ltr'><strong>quarto]</strong></span> <span class='ocrx_word' id='word_1_290' title='bbox 1159 2481 1216 2502; x_wconf 84' lang='lat'>1111</span> <span class='ocrx_word' id='word_1_291' title='bbox 1240 2479 1284 2503; x_wconf 72' lang='lat' dir='ltr'><strong>em</strong></span> <span class='ocrx_word' id='word_1_292' title='bbox 1307 2480 1349 2502; x_wconf 86' lang='lat' dir='ltr'><strong>m</strong></span> <span class='ocrx_word' id='word_1_293' title='bbox 1374 2467 1403 2503; x_wconf 98' lang='lat' dir='ltr'><strong><em>S</em></strong></span> <span class='ocrx_word' id='word_1_294' title='bbox 1438 2480 1466 2501; x_wconf 94' lang='lat'><strong>11</strong></span> <span class='ocrx_word' id='word_1_295' title='bbox 1491 2464 1536 2502; x_wconf 98' lang='lat' dir='ltr'><em>H</em></span> <span class='ocrx_word' id='word_1_296' title='bbox 1567 2468 1579 2513; x_wconf 75' lang='grc' dir='ltr'><strong>ΙΙ</strong></span> <span class='ocrx_word' id='word_1_297' title='bbox 1617 2471 1638 2502; x_wconf 88' lang='lat'>5</span> <span class='ocrx_word' id='word_1_298' title='bbox 1663 2466 1868 2512; x_wconf 83' lang='lat' dir='ltr'><strong>faciebant]</strong></span> <span class='ocrx_word' id='word_1_299' title='bbox 1902 2466 2042 2502; x_wconf 86' lang='lat' dir='ltr'><strong>fiebant</strong></span> 
     </span>
     <span class='ocr_line' id='line_1_37' title="bbox 334 2513 2041 2574; baseline -0.001 -23"><span class='ocrx_word' id='word_1_300' title='bbox 334 2516 407 2551; x_wconf 89' lang='lat' dir='ltr'><strong>AS</strong></span> <span class='ocrx_word' id='word_1_301' title='bbox 415 2517 465 2551; x_wconf 86' lang='lat' dir='ltr'><em>M</em></span> <span class='ocrx_word' id='word_1_302' title='bbox 487 2517 499 2563; x_wconf 81' lang='grc' dir='ltr'><strong>ΙΙ</strong></span> <span class='ocrx_word' id='word_1_303' title='bbox 529 2521 550 2551; x_wconf 87' lang='grc'><strong>6</strong></span> <span class='ocrx_word' id='word_1_304' title='bbox 576 2518 641 2552; x_wconf 87' lang='lat' dir='ltr'><strong>aut</strong></span> <span class='ocrx_word' id='word_1_305' title='bbox 665 2516 764 2552; x_wconf 88' lang='lat' dir='ltr'><strong>lecta</strong></span> <span class='ocrx_word' id='word_1_306' title='bbox 789 2527 854 2552; x_wconf 88' lang='lat' dir='ltr'><strong>om.</strong></span> <span class='ocrx_word' id='word_1_307' title='bbox 883 2516 916 2552; x_wconf 88' lang='lat' dir='ltr'><em>G</em></span> <span class='ocrx_word' id='word_1_308' title='bbox 934 2517 946 2562; x_wconf 83' lang='grc'><strong>11</strong></span> <span class='ocrx_word' id='word_1_309' title='bbox 971 2518 1014 2552; x_wconf 92' lang='lat' dir='ltr'><strong>ut</strong></span> <span class='ocrx_word' id='word_1_310' title='bbox 1039 2527 1159 2574; x_wconf 56' lang='lat' dir='ltr'><strong>supra,</strong></span> <span class='ocrx_word' id='word_1_311' title='bbox 1175 2515 1333 2551; x_wconf 87' lang='lat' dir='ltr'><strong>diximus</strong></span> <span class='ocrx_word' id='word_1_312' title='bbox 1357 2525 1422 2551; x_wconf 88' lang='lat' dir='ltr'><strong>om.</strong></span> <span class='ocrx_word' id='word_1_313' title='bbox 1450 2515 1490 2550; x_wconf 85' lang='lat' dir='ltr'><strong><em>F</em></strong></span> <span class='ocrx_word' id='word_1_314' title='bbox 1498 2514 1612 2550; x_wconf 90' lang='lat' dir='ltr'><strong>GAS</strong></span> <span class='ocrx_word' id='word_1_315' title='bbox 1637 2515 1648 2560; x_wconf 76' lang='lat' dir='ltr'>ss</span> <span class='ocrx_word' id='word_1_316' title='bbox 1682 2518 1702 2550; x_wconf 81' lang='lat'><strong>7</strong></span> <span class='ocrx_word' id='word_1_317' title='bbox 1729 2513 2041 2571; x_wconf 85' lang='lat' dir='ltr'><strong>conburebantur]</strong></span> 
     </span>
     <span class='ocr_line' id='line_1_38' title="bbox 331 2557 2040 2609; baseline -0.001 -11"><span class='ocrx_word' id='word_1_318' title='bbox 331 2563 429 2598; x_wconf 88' lang='lat' dir='ltr'><strong>unde</strong></span> <span class='ocrx_word' id='word_1_319' title='bbox 462 2564 645 2599; x_wconf 87' lang='lat' dir='ltr'><strong>Homerus</strong></span> <span class='ocrx_word' id='word_1_320' title='bbox 677 2564 741 2609; x_wconf 84' lang='lat' dir='ltr'><strong>(Il.</strong></span> <span class='ocrx_word' id='word_1_321' title='bbox 767 2564 889 2599; x_wconf 92' lang='lat' dir='ltr'>XXIII</span> <span class='ocrx_word' id='word_1_322' title='bbox 915 2566 999 2607; x_wconf 83' lang='lat'>241)</span> <span class='ocrx_word' id='word_1_323' title='bbox 1031 2563 1090 2599; x_wconf 82' lang='grc' dir='ltr'><strong>τοὶ</strong></span> <span class='ocrx_word' id='word_1_324' title='bbox 1121 2560 1159 2598; x_wconf 83' lang='grc' dir='ltr'><strong>δ’</strong></span> <span class='ocrx_word' id='word_1_325' title='bbox 1193 2560 1296 2598; x_wconf 75' lang='grc' dir='ltr'><em>ἄλλοι</em></span> <span class='ocrx_word' id='word_1_326' title='bbox 1329 2559 1500 2597; x_wconf 78' lang='grc' dir='ltr'><strong><em>ανευθεν</em></strong></span> <span class='ocrx_word' id='word_1_327' title='bbox 1533 2559 1684 2608; x_wconf 78' lang='grc' dir='ltr'><strong><em>ἐσχατιῇ</em></strong></span> <span class='ocrx_word' id='word_1_328' title='bbox 1717 2557 1867 2597; x_wconf 76' lang='grc' dir='ltr'><strong><em>καίοντ’</em></strong></span> <span class='ocrx_word' id='word_1_329' title='bbox 1904 2558 2040 2606; x_wconf 78' lang='grc' dir='ltr'><strong><em>ἐπιμίξ,</em></strong></span> 
     </span>
     <span class='ocr_line' id='line_1_39' title="bbox 333 2607 2033 2658; baseline -0.001 -13"><span class='ocrx_word' id='word_1_330' title='bbox 333 2611 442 2646; x_wconf 79' lang='grc' dir='ltr'><em>ἵπποι</em></span> <span class='ocrx_word' id='word_1_331' title='bbox 466 2623 505 2646; x_wconf 84' lang='grc' dir='ltr'><strong>τε</strong></span> <span class='ocrx_word' id='word_1_332' title='bbox 527 2612 598 2646; x_wconf 83' lang='grc' dir='ltr'><strong>καὶ</strong></span> <span class='ocrx_word' id='word_1_333' title='bbox 623 2608 760 2655; x_wconf 76' lang='grc' dir='ltr'><strong><em>ἄνδρες</em></strong></span> <span class='ocrx_word' id='word_1_334' title='bbox 785 2612 869 2647; x_wconf 83' lang='lat' dir='ltr'><strong>add.</strong></span> <span class='ocrx_word' id='word_1_335' title='bbox 891 2611 930 2646; x_wconf 89' lang='lat' dir='ltr'><em>D</em></span> <span class='ocrx_word' id='word_1_336' title='bbox 949 2613 960 2658; x_wconf 88' lang='grc' dir='ltr'><strong>ΙΙ</strong></span> <span class='ocrx_word' id='word_1_337' title='bbox 980 2614 1001 2646; x_wconf 88' lang='grc'>8</span> <span class='ocrx_word' id='word_1_338' title='bbox 1028 2610 1183 2647; x_wconf 87' lang='lat' dir='ltr'><strong>delectis</strong></span> <span class='ocrx_word' id='word_1_339' title='bbox 1208 2610 1336 2655; x_wconf 86' lang='lat' dir='ltr'><strong>aequis</strong></span> <span class='ocrx_word' id='word_1_340' title='bbox 1362 2610 1396 2645; x_wconf 85' lang='lat' dir='ltr'><em>G</em></span> <span class='ocrx_word' id='word_1_341' title='bbox 1414 2610 1425 2656; x_wconf 81' lang='grc' dir='ltr'>Η</span> <span class='ocrx_word' id='word_1_342' title='bbox 1444 2609 1595 2645; x_wconf 87' lang='lat' dir='ltr'><strong>famulis</strong></span> <span class='ocrx_word' id='word_1_343' title='bbox 1621 2609 1712 2653; x_wconf 85' lang='lat' dir='ltr'><strong>FG,</strong></span> <span class='ocrx_word' id='word_1_344' title='bbox 1737 2609 1890 2653; x_wconf 78' lang='lat' dir='ltr'><strong>fortasse</strong></span> <span class='ocrx_word' id='word_1_345' title='bbox 1914 2611 2013 2644; x_wconf 79' lang='lat' dir='ltr'><strong>recte</strong></span> <span class='ocrx_word' id='word_1_346' title='bbox 2029 2607 2033 2655; x_wconf 81' lang='grc' dir='ltr'>Ι</span> 
     </span>
     <span class='ocr_line' id='line_1_40' title="bbox 333 2655 2046 2705; baseline -0.001 -12"><span class='ocrx_word' id='word_1_347' title='bbox 333 2662 354 2693; x_wconf 82' lang='grc'><strong>9</strong></span> <span class='ocrx_word' id='word_1_348' title='bbox 380 2659 447 2693; x_wconf 91' lang='lat' dir='ltr'><strong>aut</strong></span> <span class='ocrx_word' id='word_1_349' title='bbox 471 2661 556 2693; x_wconf 75' lang='lat' dir='ltr'><strong>ante</strong></span> <span class='ocrx_word' id='word_1_350' title='bbox 581 2659 730 2703; x_wconf 87' lang='lat' dir='ltr'><strong>saepius</strong></span> <span class='ocrx_word' id='word_1_351' title='bbox 756 2670 822 2695; x_wconf 88' lang='lat' dir='ltr'><strong>om.</strong></span> <span class='ocrx_word' id='word_1_352' title='bbox 849 2658 1009 2694; x_wconf 87' lang='lat' dir='ltr'><strong>FGAS</strong></span> <span class='ocrx_word' id='word_1_353' title='bbox 1026 2660 1038 2705; x_wconf 83' lang='grc' dir='ltr'><strong>ΙΙ</strong></span> <span class='ocrx_word' id='word_1_354' title='bbox 1063 2658 1144 2705; x_wconf 89' lang='lat' dir='ltr'><strong>aut]</strong></span> <span class='ocrx_word' id='word_1_355' title='bbox 1172 2657 1228 2693; x_wconf 89' lang='lat' dir='ltr'><strong>ait</strong></span> <span class='ocrx_word' id='word_1_356' title='bbox 1252 2657 1331 2693; x_wconf 85' lang='lat' dir='ltr'><strong>FG</strong></span> <span class='ocrx_word' id='word_1_357' title='bbox 1349 2658 1360 2703; x_wconf 77' lang='grc' dir='ltr'><strong>ΙΙ</strong></span> <span class='ocrx_word' id='word_1_358' title='bbox 1391 2661 1435 2692; x_wconf 89' lang='grc'><strong>10</strong></span> <span class='ocrx_word' id='word_1_359' title='bbox 1461 2657 1591 2692; x_wconf 84' lang='lat' dir='ltr'><strong>funera</strong></span> <span class='ocrx_word' id='word_1_360' title='bbox 1616 2657 1649 2692; x_wconf 90' lang='lat' dir='ltr'><em>G</em></span> <span class='ocrx_word' id='word_1_361' title='bbox 1668 2658 1679 2703; x_wconf 87' lang='grc' dir='ltr'><strong>ΙΙ</strong></span> <span class='ocrx_word' id='word_1_362' title='bbox 1699 2655 1925 2692; x_wconf 84' lang='lat' dir='ltr'><strong>contraxerit</strong></span> <span class='ocrx_word' id='word_1_363' title='bbox 1949 2655 2046 2691; x_wconf 77' lang='grc' dir='ltr'><strong>ΒΜ</strong></span> 
     </span>
     <span class='ocr_line' id='line_1_41' title="bbox 333 2702 2033 2751; baseline -0.002 -10"><span class='ocrx_word' id='word_1_364' title='bbox 333 2706 598 2745; x_wconf 85' lang='lat' dir='ltr'><strong>contraxerunt</strong></span> <span class='ocrx_word' id='word_1_365' title='bbox 622 2705 663 2740; x_wconf 88' lang='lat' dir='ltr'><em>F</em></span> <span class='ocrx_word' id='word_1_366' title='bbox 697 2707 894 2741; x_wconf 78' lang='lat' dir='ltr'><strong>contraxes·</strong></span> <span class='ocrx_word' id='word_1_367' title='bbox 923 2706 957 2740; x_wconf 92' lang='lat' dir='ltr'><em>G</em></span> <span class='ocrx_word' id='word_1_368' title='bbox 975 2707 986 2751; x_wconf 74' lang='grc' dir='ltr'><strong>ΙΙ</strong></span> <span class='ocrx_word' id='word_1_369' title='bbox 1014 2710 1055 2740; x_wconf 91' lang='grc'><strong>11</strong></span> <span class='ocrx_word' id='word_1_370' title='bbox 1084 2705 1122 2740; x_wconf 91' lang='lat' dir='ltr'><strong>et</strong></span> <span class='ocrx_word' id='word_1_371' title='bbox 1146 2716 1213 2741; x_wconf 87' lang='lat' dir='ltr'><strong>om.</strong></span> <span class='ocrx_word' id='word_1_372' title='bbox 1235 2705 1347 2740; x_wconf 85' lang='lat' dir='ltr'><strong>GAS</strong></span> <span class='ocrx_word' id='word_1_373' title='bbox 1371 2707 1474 2747; x_wconf 77' lang='lat' dir='ltr'><strong>recte,</strong></span> <span class='ocrx_word' id='word_1_374' title='bbox 1498 2708 1540 2740; x_wconf 76' lang='lat' dir='ltr'><strong>ut</strong></span> <span class='ocrx_word' id='word_1_375' title='bbox 1564 2705 1707 2740; x_wconf 79' lang='lat' dir='ltr'><strong>videtur</strong></span> <span class='ocrx_word' id='word_1_376' title='bbox 1726 2705 1737 2750; x_wconf 74' lang='grc' dir='ltr'><strong>Ι]</strong></span> <span class='ocrx_word' id='word_1_377' title='bbox 1755 2703 1900 2739; x_wconf 85' lang='lat' dir='ltr'><strong>ratione</strong></span> <span class='ocrx_word' id='word_1_378' title='bbox 1924 2702 2006 2738; x_wconf 72' lang='grc' dir='ltr'><strong>ΕΘ</strong></span> <span class='ocrx_word' id='word_1_379' title='bbox 2029 2702 2033 2749; x_wconf 62' lang='grc'><strong>1</strong></span> 
     </span>
     <span class='ocr_line' id='line_1_42' title="bbox 334 2751 2040 2798; baseline -0.001 -11"><span class='ocrx_word' id='word_1_380' title='bbox 334 2757 377 2787; x_wconf 89' lang='grc'><strong>12</strong></span> <span class='ocrx_word' id='word_1_381' title='bbox 404 2753 511 2787; x_wconf 84' lang='lat' dir='ltr'><strong>schol.</strong></span> <span class='ocrx_word' id='word_1_382' title='bbox 537 2753 587 2788; x_wconf 80' lang='lat' dir='ltr'><strong>ad</strong></span> <span class='ocrx_word' id='word_1_383' title='bbox 612 2765 846 2788; x_wconf 68' lang='lat' dir='ltr'><strong>cmcvwrvnrr</strong></span> <span class='ocrx_word' id='word_1_384' title='bbox 870 2763 936 2788; x_wconf 86' lang='lat' dir='ltr'><strong>om.</strong></span> <span class='ocrx_word' id='word_1_385' title='bbox 960 2754 994 2788; x_wconf 90' lang='lat' dir='ltr'><em>G</em></span> <span class='ocrx_word' id='word_1_386' title='bbox 1012 2754 1023 2798; x_wconf 81' lang='grc' dir='ltr'><strong>ΙΙ</strong></span> <span class='ocrx_word' id='word_1_387' title='bbox 1044 2757 1088 2787; x_wconf 91' lang='grc'><strong>13</strong></span> <span class='ocrx_word' id='word_1_388' title='bbox 1116 2752 1371 2788; x_wconf 86' lang='lat' dir='ltr'><strong>circumferem</strong></span> <span class='ocrx_word' id='word_1_389' title='bbox 1396 2751 1431 2786; x_wconf 86' lang='lat' dir='ltr'><strong><em>A</em></strong></span> <span class='ocrx_word' id='word_1_390' title='bbox 1451 2753 1462 2797; x_wconf 88' lang='grc' dir='ltr'><strong>ΙΙ</strong></span> <span class='ocrx_word' id='word_1_391' title='bbox 1492 2756 1536 2787; x_wconf 86' lang='grc'><strong>14</strong></span> <span class='ocrx_word' id='word_1_392' title='bbox 1564 2751 1623 2787; x_wconf 92' lang='lat' dir='ltr'><strong>vel</strong></span> <span class='ocrx_word' id='word_1_393' title='bbox 1646 2751 1821 2787; x_wconf 86' lang='lat' dir='ltr'><strong>taedae..</strong></span> <span class='ocrx_word' id='word_1_394' title='bbox 1837 2761 1937 2787; x_wconf 87' lang='lat' dir='ltr'><strong>.cum</strong></span> <span class='ocrx_word' id='word_1_395' title='bbox 1962 2751 2040 2786; x_wconf 88' lang='lat' dir='ltr'><strong>tae-</strong></span> 
     </span>
     <span class='ocr_line' id='line_1_43' title="bbox 334 2796 2040 2846; baseline -0.001 -12"><span class='ocrx_word' id='word_1_396' title='bbox 334 2799 392 2835; x_wconf 91' lang='lat' dir='ltr'><strong>dis</strong></span> <span class='ocrx_word' id='word_1_397' title='bbox 418 2810 484 2835; x_wconf 88' lang='lat' dir='ltr'><strong>om.</strong></span> <span class='ocrx_word' id='word_1_398' title='bbox 513 2799 554 2834; x_wconf 87' lang='lat' dir='ltr'><em>F</em></span> <span class='ocrx_word' id='word_1_399' title='bbox 574 2800 587 2845; x_wconf 82' lang='grc' dir='ltr'><strong>ΙΙ</strong></span> <span class='ocrx_word' id='word_1_400' title='bbox 614 2800 674 2835; x_wconf 88' lang='lat' dir='ltr'><strong>vel</strong></span> <span class='ocrx_word' id='word_1_401' title='bbox 700 2810 767 2835; x_wconf 85' lang='lat' dir='ltr'><strong>om.</strong></span> <span class='ocrx_word' id='word_1_402' title='bbox 794 2799 866 2834; x_wconf 82' lang='lat' dir='ltr'><strong>AS</strong></span> <span class='ocrx_word' id='word_1_403' title='bbox 892 2801 1006 2844; x_wconf 79' lang='lat' dir='ltr'><strong>(supr.</strong></span> <span class='ocrx_word' id='word_1_404' title='bbox 1031 2804 1120 2835; x_wconf 74' lang='lat' dir='ltr'><strong>ver-3.</strong></span> <span class='ocrx_word' id='word_1_405' title='bbox 1148 2801 1232 2836; x_wconf 78' lang='lat' dir='ltr'><strong>add.</strong></span> <span class='ocrx_word' id='word_1_406' title='bbox 1259 2801 1295 2844; x_wconf 86' lang='lat' dir='ltr'><strong>a)</strong></span> <span class='ocrx_word' id='word_1_407' title='bbox 1321 2801 1332 2846; x_wconf 84' lang='grc' dir='ltr'><strong>ΙΙ</strong></span> <span class='ocrx_word' id='word_1_408' title='bbox 1359 2799 1509 2845; x_wconf 85' lang='lat' dir='ltr'><strong>taedae]</strong></span> <span class='ocrx_word' id='word_1_409' title='bbox 1536 2799 1648 2837; x_wconf 88' lang='lat' dir='ltr'><strong>tuede</strong></span> <span class='ocrx_word' id='word_1_410' title='bbox 1674 2798 1725 2835; x_wconf 90' lang='lat' dir='ltr'><strong>H.</strong></span> <span class='ocrx_word' id='word_1_411' title='bbox 1776 2797 1838 2833; x_wconf 91' lang='lat' dir='ltr'><strong>uel</strong></span> <span class='ocrx_word' id='word_1_412' title='bbox 1863 2796 2040 2833; x_wconf 88' lang='lat' dir='ltr'><strong>uictimae</strong></span> 
     </span>
     <span class='ocr_line' id='line_1_44' title="bbox 334 2839 2033 2899; baseline -0.002 -16"><span class='ocrx_word' id='word_1_413' title='bbox 334 2846 374 2883; x_wconf 90' lang='lat' dir='ltr'><strong>in</strong></span> <span class='ocrx_word' id='word_1_414' title='bbox 400 2846 626 2892; x_wconf 88' lang='lat' dir='ltr'><strong>quibusdam</strong></span> <span class='ocrx_word' id='word_1_415' title='bbox 651 2847 737 2883; x_wconf 80' lang='lat' dir='ltr'><strong>add.</strong></span> <span class='ocrx_word' id='word_1_416' title='bbox 755 2839 796 2881; x_wconf 90' lang='lat' dir='ltr'><em>D</em></span> <span class='ocrx_word' id='word_1_417' title='bbox 815 2847 826 2892; x_wconf 76' lang='grc' dir='ltr'><strong>Ι]</strong></span> <span class='ocrx_word' id='word_1_418' title='bbox 846 2846 1048 2892; x_wconf 87' lang='lat' dir='ltr'><strong>sulphuris]</strong></span> <span class='ocrx_word' id='word_1_419' title='bbox 1074 2847 1137 2882; x_wconf 90' lang='lat' dir='ltr'><strong>uel</strong></span> <span class='ocrx_word' id='word_1_420' title='bbox 1162 2847 1338 2883; x_wconf 88' lang='lat' dir='ltr'><strong>uictimae</strong></span> <span class='ocrx_word' id='word_1_421' title='bbox 1363 2847 1448 2882; x_wconf 81' lang='lat' dir='ltr'><strong>add.</strong></span> <span class='ocrx_word' id='word_1_422' title='bbox 1469 2847 1506 2882; x_wconf 83' lang='lat' dir='ltr'><em>R</em></span> <span class='ocrx_word' id='word_1_423' title='bbox 1531 2851 1563 2883; x_wconf 78' lang='lat' dir='ltr'><strong>et</strong></span> <span class='ocrx_word' id='word_1_424' title='bbox 1587 2846 1776 2882; x_wconf 75' lang='lat' dir='ltr'><strong>Leidensis</strong></span> <span class='ocrx_word' id='word_1_425' title='bbox 1797 2845 2033 2899; x_wconf 65' lang='lat' dir='ltr'><strong>Burmanni]</strong></span> 
     </span>
     <span class='ocr_line' id='line_1_45' title="bbox 334 2891 2042 2949; baseline -0.002 -20"><span class='ocrx_word' id='word_1_426' title='bbox 334 2893 522 2933; x_wconf 86' lang='lat' dir='ltr'><strong>quenalis</strong></span> <span class='ocrx_word' id='word_1_427' title='bbox 554 2895 732 2939; x_wconf 85' lang='lat' dir='ltr'><strong>cuperent</strong></span> <span class='ocrx_word' id='word_1_428' title='bbox 766 2893 919 2929; x_wconf 85' lang='lat' dir='ltr'><strong>lustrari</strong></span> <span class='ocrx_word' id='word_1_429' title='bbox 950 2893 980 2928; x_wconf 84' lang='lat' dir='ltr'><strong>si</strong></span> <span class='ocrx_word' id='word_1_430' title='bbox 1012 2904 1086 2938; x_wconf 89' lang='lat' dir='ltr'><strong>qua</strong></span> <span class='ocrx_word' id='word_1_431' title='bbox 1117 2894 1294 2930; x_wconf 86' lang='lat' dir='ltr'><strong>darentur</strong></span> <span class='ocrx_word' id='word_1_432' title='bbox 1326 2894 1504 2938; x_wconf 87' lang='lat' dir='ltr'><strong>sulphura</strong></span> <span class='ocrx_word' id='word_1_433' title='bbox 1532 2906 1620 2949; x_wconf 70' lang='lat' dir='ltr'><strong>cum</strong></span> <span class='ocrx_word' id='word_1_434' title='bbox 1650 2891 1772 2928; x_wconf 83' lang='lat' dir='ltr'><strong>taedis</strong></span> <span class='ocrx_word' id='word_1_435' title='bbox 1797 2893 1864 2928; x_wconf 86' lang='lat' dir='ltr'><strong>aut</strong></span> <span class='ocrx_word' id='word_1_436' title='bbox 1889 2891 1919 2927; x_wconf 89' lang='lat' dir='ltr'><strong>si</strong></span> <span class='ocrx_word' id='word_1_437' title='bbox 1944 2891 2042 2928; x_wconf 86' lang='lat' dir='ltr'><strong>foret</strong></span> 
     </span>
     <span class='ocr_line' id='line_1_46' title="bbox 334 2938 2039 2987; baseline -0.002 -10"><span class='ocrx_word' id='word_1_438' title='bbox 334 2941 489 2977; x_wconf 83' lang='lat' dir='ltr'><strong>humida</strong></span> <span class='ocrx_word' id='word_1_439' title='bbox 514 2941 639 2976; x_wconf 89' lang='lat' dir='ltr'><strong>laurus</strong></span> <span class='ocrx_word' id='word_1_440' title='bbox 664 2941 866 2976; x_wconf 79' lang='lat' dir='ltr'><strong>Fabricius</strong></span> <span class='ocrx_word' id='word_1_441' title='bbox 891 2942 902 2986; x_wconf 87' lang='grc' dir='ltr'><strong>ΙΙ</strong></span> <span class='ocrx_word' id='word_1_442' title='bbox 936 2944 979 2975; x_wconf 88' lang='grc'><strong>16</strong></span> <span class='ocrx_word' id='word_1_443' title='bbox 1005 2941 1170 2977; x_wconf 88' lang='lat' dir='ltr'><strong>infernae</strong></span> <span class='ocrx_word' id='word_1_444' title='bbox 1197 2943 1358 2987; x_wconf 86' lang='lat' dir='ltr'><strong>aguntur</strong></span> <span class='ocrx_word' id='word_1_445' title='bbox 1385 2941 1425 2975; x_wconf 83' lang='lat' dir='ltr'><em>F</em></span> <span class='ocrx_word' id='word_1_446' title='bbox 1432 2941 1466 2976; x_wconf 89' lang='lat' dir='ltr'><em>G</em></span> <span class='ocrx_word' id='word_1_447' title='bbox 1490 2943 1502 2987; x_wconf 78' lang='grc' dir='ltr'><strong>ΙΙ</strong></span> <span class='ocrx_word' id='word_1_448' title='bbox 1529 2941 1567 2977; x_wconf 89' lang='lat' dir='ltr'><strong>in</strong></span> <span class='ocrx_word' id='word_1_449' title='bbox 1593 2940 1754 2976; x_wconf 88' lang='lat' dir='ltr'><strong>secundo</strong></span> <span class='ocrx_word' id='word_1_450' title='bbox 1780 2950 1868 2975; x_wconf 89' lang='lat' dir='ltr'><strong>vero</strong></span> <span class='ocrx_word' id='word_1_451' title='bbox 1893 2938 2039 2974; x_wconf 83' lang='lat' dir='ltr'><strong>Aeneas</strong></span> 
     </span>
     <span class='ocr_line' id='line_1_47' title="bbox 334 2985 2002 3035; baseline -0.002 -12"><span class='ocrx_word' id='word_1_452' title='bbox 334 2989 374 3024; x_wconf 93' lang='lat' dir='ltr'><em>D</em></span> <span class='ocrx_word' id='word_1_453' title='bbox 398 2990 410 3035; x_wconf 76' lang='lat' dir='ltr'>ss</span> <span class='ocrx_word' id='word_1_454' title='bbox 443 2992 486 3023; x_wconf 80' lang='lat'><strong>17</strong></span> <span class='ocrx_word' id='word_1_455' title='bbox 518 2989 729 3033; x_wconf 86' lang='lat' dir='ltr'><strong>portaturos</strong></span> <span class='ocrx_word' id='word_1_456' title='bbox 756 2988 796 3022; x_wconf 80' lang='lat' dir='ltr'><em>F</em></span> <span class='ocrx_word' id='word_1_457' title='bbox 820 2989 831 3034; x_wconf 79' lang='grc' dir='ltr'><strong>ΙΙ</strong></span> <span class='ocrx_word' id='word_1_458' title='bbox 865 2991 908 3023; x_wconf 91' lang='grc'><strong>18</strong></span> <span class='ocrx_word' id='word_1_459' title='bbox 933 3000 1069 3023; x_wconf 69' lang='lat' dir='ltr'><strong>Famem</strong></span> <span class='ocrx_word' id='word_1_460' title='bbox 1101 3016 1109 3023; x_wconf 93' lang='lat'><strong>.</strong></span> <span class='ocrx_word' id='word_1_461' title='bbox 1137 3017 1145 3025; x_wconf 93' lang='lat'><strong>.</strong></span> <span class='ocrx_word' id='word_1_462' title='bbox 1174 3015 1181 3023; x_wconf 90' lang='lat'><strong>.</strong></span> <span class='ocrx_word' id='word_1_463' title='bbox 1216 3000 1304 3024; x_wconf 90' lang='lat' dir='ltr'><strong>sane</strong></span> <span class='ocrx_word' id='word_1_464' title='bbox 1336 2988 1429 3024; x_wconf 88' lang='lat' dir='ltr'><strong>dicit</strong></span> <span class='ocrx_word' id='word_1_465' title='bbox 1460 3001 1526 3034; x_wconf 78' lang='lat' dir='ltr'><strong>om.</strong></span> <span class='ocrx_word' id='word_1_466' title='bbox 1552 2988 1632 3023; x_wconf 86' lang='lat' dir='ltr'><strong>FG</strong></span> <span class='ocrx_word' id='word_1_467' title='bbox 1661 2989 1677 3034; x_wconf 64' lang='grc' dir='ltr'><strong>ΙῙ</strong></span> <span class='ocrx_word' id='word_1_468' title='bbox 1706 2991 1748 3022; x_wconf 88' lang='grc'><strong>19</strong></span> <span class='ocrx_word' id='word_1_469' title='bbox 1783 2986 1865 3033; x_wconf 88' lang='lat' dir='ltr'><strong>sed]</strong></span> <span class='ocrx_word' id='word_1_470' title='bbox 1898 2985 1931 3022; x_wconf 84' lang='lat' dir='ltr'><strong>si</strong></span> <span class='ocrx_word' id='word_1_471' title='bbox 1955 2985 2002 3020; x_wconf 89' lang='lat' dir='ltr'><em>H</em></span> 
     </span>
     <span class='ocr_line' id='line_1_48' title="bbox 336 3033 2039 3082; baseline -0.002 -11"><span class='ocrx_word' id='word_1_472' title='bbox 336 3047 452 3072; x_wconf 91' lang='lat' dir='ltr'><strong>sane.</strong></span> <span class='ocrx_word' id='word_1_473' title='bbox 492 3035 697 3082; x_wconf 83' lang='lat' dir='ltr'><strong>‚mutavit]</strong></span> <span class='ocrx_word' id='word_1_474' title='bbox 734 3036 835 3080; x_wconf 89' lang='lat' dir='ltr'><strong>quod</strong></span> <span class='ocrx_word' id='word_1_475' title='bbox 859 3035 932 3071; x_wconf 91' lang='lat' dir='ltr'><strong>hoc</strong></span> <span class='ocrx_word' id='word_1_476' title='bbox 962 3036 1116 3080; x_wconf 89' lang='lat' dir='ltr'><strong>propter</strong></span> <span class='ocrx_word' id='word_1_477' title='bbox 1146 3037 1348 3081; x_wconf 82' lang='lat' dir='ltr'><strong>augustum</strong></span> <span class='ocrx_word' id='word_1_478' title='bbox 1379 3036 1540 3071; x_wconf 87' lang='lat' dir='ltr'><strong>mutavit</strong></span> <span class='ocrx_word' id='word_1_479' title='bbox 1569 3036 1612 3070; x_wconf 91' lang='lat' dir='ltr'><strong>ut</strong></span> <span class='ocrx_word' id='word_1_480' title='bbox 1643 3034 1737 3070; x_wconf 90' lang='lat' dir='ltr'><strong>dicit</strong></span> <span class='ocrx_word' id='word_1_481' title='bbox 1768 3034 1928 3069; x_wconf 83' lang='lat' dir='ltr'><strong>donatus</strong></span> <span class='ocrx_word' id='word_1_482' title='bbox 1954 3033 2005 3068; x_wconf 88' lang='lat' dir='ltr'><strong><em>M</em></strong></span> <span class='ocrx_word' id='word_1_483' title='bbox 2036 3061 2039 3079; x_wconf 72' lang='grc'><em>,</em></span> 
     </span>
     <span class='ocr_line' id='line_1_49' title="bbox 336 3081 2040 3129; baseline -0.002 -10"><span class='ocrx_word' id='word_1_484' title='bbox 336 3088 382 3120; x_wconf 90' lang='grc'><strong>20</strong></span> <span class='ocrx_word' id='word_1_485' title='bbox 408 3084 498 3119; x_wconf 86' lang='lat' dir='ltr'><strong>nata</strong></span> <span class='ocrx_word' id='word_1_486' title='bbox 522 3083 618 3129; x_wconf 84' lang='lat' dir='ltr'><strong>erat]</strong></span> <span class='ocrx_word' id='word_1_487' title='bbox 646 3083 766 3118; x_wconf 85' lang='lat' dir='ltr'><strong>creuit</strong></span> <span class='ocrx_word' id='word_1_488' title='bbox 788 3094 966 3128; x_wconf 73' lang='lat' dir='ltr'><strong>super-scr.</strong></span> <span class='ocrx_word' id='word_1_489' title='bbox 994 3094 1018 3118; x_wconf 89' lang='lat' dir='ltr'><strong>a</strong></span> <span class='ocrx_word' id='word_1_490' title='bbox 1036 3084 1047 3129; x_wconf 78' lang='grc' dir='ltr'><strong>ΙΙ</strong></span> <span class='ocrx_word' id='word_1_491' title='bbox 1072 3093 1145 3128; x_wconf 87' lang='lat' dir='ltr'><strong>quo</strong></span> <span class='ocrx_word' id='word_1_492' title='bbox 1170 3084 1279 3118; x_wconf 87' lang='lat' dir='ltr'><strong>natus</strong></span> <span class='ocrx_word' id='word_1_493' title='bbox 1305 3085 1361 3118; x_wconf 87' lang='lat' dir='ltr'><strong>est</strong></span> <span class='ocrx_word' id='word_1_494' title='bbox 1385 3085 1565 3127; x_wconf 87' lang='lat' dir='ltr'><strong>augustus</strong></span> <span class='ocrx_word' id='word_1_495' title='bbox 1591 3094 1615 3118; x_wconf 85' lang='lat' dir='ltr'><strong>a</strong></span> <span class='ocrx_word' id='word_1_496' title='bbox 1638 3083 1650 3128; x_wconf 85' lang='grc' dir='ltr'><strong>ΙΙ</strong></span> <span class='ocrx_word' id='word_1_497' title='bbox 1679 3086 1722 3116; x_wconf 90' lang='grc'><strong>21</strong></span> <span class='ocrx_word' id='word_1_498' title='bbox 1750 3081 1972 3116; x_wconf 86' lang='lat' dir='ltr'><strong>consuerant</strong></span> <span class='ocrx_word' id='word_1_499' title='bbox 1995 3092 2040 3116; x_wconf 75' lang='lat' dir='ltr'><strong>ex</strong></span> 
     </span>
     <span class='ocr_line' id='line_1_50' title="bbox 336 3127 2038 3174; baseline -0.003 -8"><span class='ocrx_word' id='word_1_500' title='bbox 336 3131 607 3166; x_wconf 83' lang='lat' dir='ltr'><strong>consueuerant</strong></span> <span class='ocrx_word' id='word_1_501' title='bbox 633 3130 669 3165; x_wconf 81' lang='lat' dir='ltr'><em>R</em></span> <span class='ocrx_word' id='word_1_502' title='bbox 713 3131 935 3166; x_wconf 87' lang='lat' dir='ltr'><strong>consuerant</strong></span> <span class='ocrx_word' id='word_1_503' title='bbox 959 3129 996 3165; x_wconf 84' lang='lat' dir='ltr'><strong><em>A</em></strong></span> <span class='ocrx_word' id='word_1_504' title='bbox 1033 3131 1253 3165; x_wconf 87' lang='lat' dir='ltr'><strong>consuerant</strong></span> <span class='ocrx_word' id='word_1_505' title='bbox 1276 3141 1320 3165; x_wconf 75' lang='lat' dir='ltr'><strong>ex</strong></span> <span class='ocrx_word' id='word_1_506' title='bbox 1345 3131 1567 3165; x_wconf 86' lang='lat' dir='ltr'><strong>consuerunt</strong></span> <span class='ocrx_word' id='word_1_507' title='bbox 1591 3129 1620 3164; x_wconf 89' lang='lat' dir='ltr'><strong><em>S</em></strong></span> <span class='ocrx_word' id='word_1_508' title='bbox 1663 3128 1937 3163; x_wconf 83' lang='lat' dir='ltr'><strong>consuauerant</strong></span> <span class='ocrx_word' id='word_1_509' title='bbox 1961 3127 2038 3174; x_wconf 41' lang='grc' dir='ltr'><strong>Ηῇι,</strong></span> 
     </span>
     <span class='ocr_line' id='line_1_51' title="bbox 337 3141 2039 3260; baseline -0.002 -47"><span class='ocrx_word' id='word_1_510' title='bbox 337 3182 382 3214; x_wconf 90' lang='grc'><strong>22</strong></span> <span class='ocrx_word' id='word_1_511' title='bbox 407 3177 546 3260; x_wconf 70' lang='grc' dir='ltr'><strong>110111ιὲ</strong></span> <span class='ocrx_word' id='word_1_512' title='bbox 552 3189 597 3214; x_wconf 79' lang='lat' dir='ltr'><strong>ex</strong></span> <span class='ocrx_word' id='word_1_513' title='bbox 621 3177 742 3213; x_wconf 89' lang='lat' dir='ltr'><strong>uoluit</strong></span> <span class='ocrx_word' id='word_1_514' title='bbox 766 3178 795 3213; x_wconf 90' lang='lat' dir='ltr'><strong><em>S</em></strong></span> <span class='ocrx_word' id='word_1_515' title='bbox 813 3179 824 3223; x_wconf 78' lang='grc' dir='ltr'><strong>ΙΙ</strong></span> <span class='ocrx_word' id='word_1_516' title='bbox 850 3181 895 3213; x_wconf 81' lang='grc'><strong>24</strong></span> <span class='ocrx_word' id='word_1_517' title='bbox 919 3178 1056 3214; x_wconf 79' lang='lat' dir='ltr'><strong>scholia</strong></span> <span class='ocrx_word' id='word_1_518' title='bbox 1081 3177 1130 3212; x_wconf 82' lang='lat' dir='ltr'><strong>ad</strong></span> <span class='ocrx_word' id='word_1_519' title='bbox 1153 3188 1185 3212; x_wconf 84' lang='lat' dir='ltr'><strong>v.</strong></span> <span class='ocrx_word' id='word_1_520' title='bbox 1212 3179 1279 3211; x_wconf 82' lang='lat'><strong>231</strong></span> <span class='ocrx_word' id='word_1_521' title='bbox 1307 3179 1340 3211; x_wconf 79' lang='lat' dir='ltr'><strong>et</strong></span> <span class='ocrx_word' id='word_1_522' title='bbox 1364 3181 1431 3211; x_wconf 89' lang='grc'><strong>233</strong></span> <span class='ocrx_word' id='word_1_523' title='bbox 1458 3187 1524 3212; x_wconf 86' lang='lat' dir='ltr'><strong>om.</strong></span> <span class='ocrx_word' id='word_1_524' title='bbox 1551 3175 1584 3211; x_wconf 94' lang='lat' dir='ltr'><em>G</em></span> <span class='ocrx_word' id='word_1_525' title='bbox 1613 3178 1625 3222; x_wconf 82' lang='grc' dir='ltr'><strong>ΙΙ</strong></span> <span class='ocrx_word' id='word_1_526' title='bbox 1653 3178 1698 3210; x_wconf 84' lang='lat'><strong>25</strong></span> <span class='ocrx_word' id='word_1_527' title='bbox 1724 3174 1862 3209; x_wconf 90' lang='lat' dir='ltr'><strong>cumoli</strong></span> <span class='ocrx_word' id='word_1_528' title='bbox 1887 3174 1933 3209; x_wconf 89' lang='lat' dir='ltr'><em>H</em></span> <span class='ocrx_word' id='word_1_529' title='bbox 1947 3175 1958 3221; x_wconf 90' lang='grc' dir='ltr'><strong>ΙΙ</strong></span> <span class='ocrx_word' id='word_1_530' title='bbox 1983 3141 2039 3210; x_wconf 63' lang='grc' dir='ltr'><strong>εοΙ-Ι</strong></span> 
     </span>
     <span class='ocr_line' id='line_1_52' title="bbox 336 3226 475 3262; baseline 0.014 -2"><span class='ocrx_word' id='word_1_531' title='bbox 336 3226 475 3262; x_wconf 83' lang='lat' dir='ltr'><strong>lemnia</strong></span> 
     </span>
    </p>
   </div>
   <div class='ocr_carea' id='block_1_16' title="bbox 2039 2608 2041 3146">
    <p class='ocr_par' dir='ltr' id='par_1_20' title="bbox 2039 2608 2041 3146">
     <span class='ocr_line' id='line_1_53' title="bbox 2039 2608 2041 3146; baseline 0 0"><span class='ocrx_word' id='word_1_532' title='bbox 2039 2608 2041 3146; x_wconf 95' lang='lat' dir='ltr'><strong> </strong></span> 
     </span>
    </p>
   </div>
  </div>
 </body>
</html>
