2092 3614
544 232 696 271 ΟΟΜΜ.
723 234 778 270 ΙΝ
802 233 947 270 VERG.
975 233 1087 270 AEN.
1114 235 1167 271 XI
1193 239 1392 271 231-243.
1735 236 1823 278 503

108 345 262 399 postea
299 346 535 399 coeperunt
571 345 744 386 tantum
781 358 833 386 ex
871 344 1121 386 consulibus
1159 349 1318 399 sceptra
1350 349 1525 402 ²ove-stare,
1569 348 1612 388 et
1650 347 1822 401 signum

110 417 202 457 erat
233 429 307 458 eos
339 415 539 458 consules
570 415 718 458 fuisse.
768 418 844 458 aut
872 416 973 470 qaia
1006 419 1045 458 et
1073 416 1152 458 alii
1182 417 1359 459 eiusdem
1381 418 1523 472 partis
1554 431 1663 472 reyes
1693 421 1823 473 erant,

107 489 156 528 at
186 487 366 530 Turnus.
427 487 485 529 sie
515 486 802 542 Agamemnon
832 487 918 531 dax
950 484 1076 544 (fait)
1110 488 1233 531 totins
1262 489 1482 544 exercitas,
1513 489 1695 532 diversae
1725 489 1820 531 eivi-

109 560 210 601 tates
231 559 427 613 proprios
456 551 567 614 reyes
596 558 835 602 habuerant.

228 630 327 672 239.
376 641 562 673 AETOLA
592 642 654 672 nx
686 642 807 673 VRBE
839 618 1062 674 nnmssos
1102 646 1233 687 quam
1272 627 1555 674 e'ondiderunt
1586 631 1632 673 hi
1664 632 1738 687 qui
1769 631 1820 675 de

109 701 283 744 Aetolia
313 704 544 756 venerunt,
575 700 781 743 Graeciae
812 702 1053 758 provincia,
1087 703 1199 745 unde
1231 703 1461 746 Diomedes
1492 703 1648 745 habuit
1679 703 1819 746 socios

109 773 160 815 de
185 773 326 815 tribus
353 773 444 815 eius
472 772 737 829 civitatibus,
768 788 875 829 quas
903 773 1037 816 habet
1061 774 1249 830 Aetolia,
1282 774 1509 831 Pleurona,
1536 774 1713 830 Olenon,
1739 773 1820 817 Ca-

106 844 274 899 lydona.
337 844 398 887 sic
442 857 545 900 ergo
590 843 700 886 dixit
739 843 910 887 ‘Aetola
955 860 1006 887 ex
1043 845 1177 902 urbe'‚
1220 848 1270 888 ut
1308 845 1401 901 <VI
1432 846 1489 901 2>
1529 848 1579 888 et
1615 846 1819 888 tandem

108 915 358 959 Euboicis
393 915 661 960 Cumarum
694 915 960 958 adlabitur
991 917 1108 960 oris.
1151 918 1239 960 ideo
1269 921 1407 960 autem
1430 917 1671 961 Diomedem
1695 917 1818 961 Aeto-

108 987 194 1030 an
219 988 329 1044 dicit,
359 988 460 1042 qaia
477 990 601 1042 pater
625 987 712 1030 eins
739 987 900 1042 Tydeus
923 987 1094 1031 Aetobas
1114 989 1212 1045 fnit,
1242 990 1315 1044 qni
1339 990 1397 1032 ad
1419 989 1556 1044 Aryos
1577 990 1698 1045 fayit,
1723 1003 1818 1044 qao-

105 1059 224 1101 niam
251 1059 429 1112 fratrem
453 1060 591 1114 patris
621 1059 689 1102 sni
720 1059 930 1101 occiderat.

224 1131 324 1173 240.
374 1143 432 1173 ET
463 1142 704 1174 RESPONSA
730 1141 960 1173 REPOSCIT
986 1131 1095 1173 mire
1123 1131 1186 1174 ait
1211 1131 1446 1188 ‘reposcit':
1479 1135 1578 1175 ante
1604 1132 1718 1175 enim
1744 1148 1819 1176 rex

106 1202 218 1245 solet
242 1217 268 1244 a
293 1202 451 1257 legatis
477 1201 679 1244 universa
705 1215 966 1257 cognoscere
989 1204 1033 1244 et
1053 1203 1115 1245 sic
1136 1217 1209 1246 eos
1228 1207 1455 1259 praesente
1475 1204 1636 1261 populo
1657 1204 1817 1247 iterum

106 1273 252 1316 01111113,
289 1273 435 1315 iubere
471 1287 661 1316 narrare.
735 1272 848 1315 unde
887 1276 953 1316 est
991 1285 1169 1317 ORDINE
1209 1287 1393 1319 GVNCTA
1425 1287 1531 1319 svo:
1568 1291 1670 1320 nam
1707 1276 1817 1319 nihil

106 1345 208 1387 licet
239 1344 604 1400 praetermittere:
636 1344 748 1387 unde
780 1347 824 1387 et
856 1345 1070 1401 superflua
1099 1361 1275 1389 narrare
1289 1351 1579 1393 .consuerunt.

223 1417 322 1460 243.
372 1428 565 1460 VIDIMVS
599 1428 627 1459 0
661 1427 792 1460 GIVES
819 1428 1073 1460 DIOMEDEM
1103 1418 1297 1461 rhetorice
1319 1419 1514 1474 protinas
1544 1433 1572 1461 a
1595 1433 1640 1461 re
1669 1420 1817 1473 eoepit;

103 1502 229 1543 neque
253 1489 362 1531 enim
388 1502 489 1543 opas
512 1492 601 1531 erat
616 1489 829 1543 principio
854 1488 995 1543 aliquo
1022 1489 1261 1544 teyationem
1285 1490 1487 1543 referenti.
1531 1493 1570 1533 et
1591 1490 1657 1533 hie
1679 1492 1818 1546 figura

103 1563 163 1603 est
196 1560 568 1615 hsysteroproteron:
605 1564 761 1603 natura
798 1561 908 1603 enim
943 1560 1017 1604 hoe
1050 1561 1138 1615 fuit
1168 1563 1290 1616 prius
1325 1563 1540 1605 dicendum
1575 1561 1711 1617 ‘atque
1739 1563 1818 1605 iter

87 1633 256 1675 emensi
285 1646 405 1675 casas
433 1633 719 1687 superavimus
750 1631 897 1675 omnis'
924 1636 962 1675 et
986 1636 1082 1676 tnnc
1106 1633 1300 1676 ‘vidimus
1318 1633 1561 1677 Diomedem
1579 1634 1817 1691 Aryivaqne

105 1701 270 1746 eastra'.
314 1704 385 1747 sed
412 1703 531 1746 habet
559 1705 801 1747 consuetudo
831 1708 880 1747 at
907 1706 980 1759 qni
1004 1705 1084 1748 tale
1108 1706 1272 1760 aliquid
1293 1706 1503 1762 nuntiant,
1524 1706 1722 1760 protinas
1746 1708 1816 1749 ad-

104 1778 307 1828 moneant,
338 1779 386 1818 at
411 1778 516 1830 pata
548 1774 649 1819 ‘vidi
678 1776 811 1831 illam,
842 1780 933 1819 erat
955 1777 1052 1829 illie,
1081 1777 1260 1830 faciebat
1283 1777 1422 1821 illad’:
1447 1779 1535 1821 ideo
1559 1778 1708 1820 adiecit
1732 1777 1816 1821 ‘ille

102 1847 243 1890 arbem
279 1847 537 1903 Aryyripam
570 1849 740 1902 patriae
781 1849 1016 1903 eoqnomine
1054 1848 1200 1904 qentis'
1241 1852 1279 1891 et
1314 1850 1486 1904 reliqna.
1548 1850 1656 1892 illud
1691 1850 1815 1892 etiam

105 1920 249 1962 ordine
279 1933 455 1974 eonyrno
479 1919 698 1962 subiunxit
721 1920 779 1963 ad
791 1920 1090 1975 pertieiendam
1114 1922 1305 1964 animam
1323 1922 1572 1976 prinsquam
1597 1922 1815 1976 quiequam

103 1991 249 2034 diceret
279 1989 469 2034 ‘manera
490 1991 798 2045 praeferimns’.
842 1992 936 2034 inde
966 1992 1108 2035 ordine
1140 1991 1301 2036 ‘nomen
1326 1994 1590 2047 patriamque
1619 1994 1814 2046 docemus,

103 2064 175 2117 qai
199 2063 348 2106 bellam
372 2063 616 2119 intulerint’,
646 2063 720 2107 hoe
743 2067 803 2107 est
825 2065 907 2118 qai,
937 2065 1055 2119 ande,
1081 2067 1224 2107 eontra
1248 2078 1359 2120 qnos,
1383 2079 1467 2119 qua
1490 2078 1627 2107 cansa.
1671 2065 1815 2108 deinde

98 2135 271 2189 ponitur
301 2135 432 2178 oratio
456 2134 684 2190 Diomedis,
715 2136 832 2179 enias
862 2138 961 2178 sant
982 2138 1125 2190 partes
1155 2137 1282 2179 dnae:
1313 2150 1412 2188 ana,
1443 2150 1527 2190 qua
1556 2150 1598 2179 se
1628 2140 1812 2188 exeasat;

102 2207 202 2262 alia,
232 2220 315 2261 qna
345 2207 470 2249 etiam
501 2207 587 2250 iltis
615 2208 761 2250 suadet
788 2209 836 2249 nt
864 2206 1012 2249 bellam
1042 2208 1267 2261 deponant:
1299 2221 1401 2250 nam
1430 2207 1502 2250 hoe
1533 2208 1579 2250 in
1608 2209 1692 2263 fine
1719 2222 1813 2251 ora-

198 2411 219 2442 2
253 2406 423 2442 consules
454 2405 569 2442 fuisse
601 2406 689 2443 AS:
728 2406 940 2443 consulares
971 2407 1085 2443 fuisse
1117 2407 1212 2442 ΒΜ
1218 2407 1259 2443 F
1299 2407 1511 2444 consulares
1550 2419 1630 2444 esse
1662 2409 1811 2446 Daniel.

103 2455 149 2498 ef.
178 2455 222 2490 de
251 2454 317 2490 hoc
340 2454 474 2490 scholio
499 2454 746 2490 Mommsenas
770 2454 892 2491 Roem.
919 2454 1076 2491 Staatsr.
1103 2454 1137 2490 Ι1
1156 2466 1196 2500 p.
1224 2459 1290 2491 341
1318 2457 1442 2493 adnot.
1470 2461 1490 2491 6
1527 2457 1540 2501 ΙΙ
1576 2457 1703 2502 partes
1730 2457 1771 2492 F
1810 2457 1813 2504 Ι

104 2506 124 2537 3
151 2501 247 2537 sicut
273 2501 480 2538 Masvieius
498 2503 511 2549 ΙΙ
538 2502 610 2538 fuit
634 2503 766 2539 addidi
784 2503 796 2550 ΙΙ
825 2502 997 2539 civitates
1025 2503 1249 2539 Masvieius:
1277 2503 1441 2539 ciuitatis
1466 2504 1508 2539 F
1523 2505 1535 2550 ΙΙ
1566 2508 1588 2539 4
1613 2504 1711 2550 regis
1739 2504 1779 2540 F
1809 2507 1810 2522 ¹

102 2547 304 2585 habuerint
328 2549 377 2593 F,
403 2551 545 2586 correxi
563 2551 575 2597 ΙΙ
606 2554 627 2585 6
653 2551 834 2586 uenerant
860 2551 910 2586 M
925 2551 937 2598 ΙΙ
965 2549 1150 2586 diomedis
1175 2551 1249 2587 AS
1265 2553 1278 2597 ΙΙ
1307 2551 1423 2587 sotios
1449 2552 1488 2587 et
1513 2552 1559 2587 de
1584 2551 1704 2588 tribus
1731 2553 1782 2588 M
1808 2525 1812 2600 f

105 2601 123 2631 7
151 2596 259 2632 oleon
286 2597 336 2631 M
371 2596 493 2633 oleum
518 2597 559 2632 F
574 2599 586 2644 ΙΙ
612 2597 828 2634 calcedonia
853 2598 890 2634 R
914 2599 926 2644 ΙΙ
957 2602 978 2634 9
1004 2597 1213 2634 adlabimur
1238 2599 1310 2634 AS
1328 2600 1340 2646 ΙΙ
1371 2600 1421 2635 ad
1445 2611 1476 2635 v.
1504 2603 1572 2635 239
1599 2599 1811 2636 diomedem

102 2643 187 2679 ideo
214 2642 306 2679 dicit
330 2644 495 2680 aetolum
519 2644 694 2690 quoniam
720 2647 827 2691 pater
847 2674 854 2682 .
876 2675 884 2682 .
907 2674 914 2682 .
936 2645 1126 2682 occiderat
1147 2646 1180 2681 T
1197 2648 1209 2693 ΙΙ
1228 2645 1427 2683 diomeden
1446 2646 1487 2682 F
1503 2648 1514 2693 ΙΙ
1536 2651 1579 2682 10
1598 2648 1727 2683 aeolus
1751 2648 1784 2682 T
1799 2647 1812 2695 [Ι

106 2695 149 2726 14
174 2691 318 2739 iubere]
344 2691 471 2727 uiuere
497 2691 537 2726 F
552 2693 565 2737 ss
594 2693 738 2729 narrari
763 2693 813 2728 M
837 2694 849 2740 ΙΙ
882 2696 924 2729 15
950 2694 1041 2729 lieet
1065 2704 1131 2729 om.
1158 2694 1247 2729 HF
1262 2695 1274 2742 ΙΙ
1301 2695 1610 2740 praetermittunt
1634 2694 1674 2729 F
1690 2696 1702 2742 fl
1730 2706 1811 2731 nar-

102 2739 176 2774 rari
203 2739 252 2774 M
268 2740 280 2785 ΙΙ
300 2739 496 2774 consuerat
520 2739 565 2774 H
598 2742 870 2776 consueuerunt
894 2741 935 2775 F
950 2742 963 2786 ΙΙ
990 2744 1032 2776 16
1058 2752 1216 2777 moment:
1242 2742 1315 2778 AS
1332 2744 1344 2788 ss
1369 2742 1552 2778 rhetorice
1578 2741 1698 2788 primo
1724 2754 1747 2778 a
1771 2754 1810 2778 re

104 2786 228 2832 coepit
253 2797 373 2832 neque
399 2787 498 2822 enim
522 2786 707 2833 principio
727 2799 821 2834 opus
840 2788 963 2824 fuerat
981 2788 1210 2834 legationem
1228 2789 1414 2825 referenti.
1454 2791 1492 2825 et
1512 2791 1569 2825 est
1587 2789 1648 2825 hic
1667 2791 1810 2835 ystero-

102 2835 289 2879 proteron.
329 2835 463 2869 natura
488 2834 587 2870 enim
611 2834 683 2870 hoc
707 2837 812 2881 prius
838 2835 1034 2871 dicendum
1058 2836 1183 2873 fuerat
1202 2865 1209 2872 .
1225 2864 1233 2873 .
1251 2867 1259 2875 .
1280 2836 1378 2873 sieut
1402 2837 1450 2872 ad
1470 2836 1619 2883 singula
1643 2837 1810 2873 inuenies

103 2881 246 2916 dictum
270 2882 352 2918 hab.
377 2881 411 2916 Τ
436 2883 448 2927 ΙΙ
480 2881 690 2918 rethoricae
717 2882 917 2928 (rethorice
945 2883 992 2928 G)
1028 2884 1199 2929 protinus
1225 2896 1287 2920 are
1315 2885 1416 2930 cepit
1440 2885 1481 2920 F
1513 2885 1702 2921 rhetorica
1726 2897 1810 2931 pro-

101 2928 201 2965 tinus
226 2929 306 2964 arte
333 2930 459 2974 coepit
483 2929 622 2965 Daniel
640 2930 652 2975 ΙΙ
673 2933 715 2965 17
742 2929 885 2976 aliquid
911 2930 945 2966 G
963 2932 975 2978 ΙΙ
996 2934 1039 2967 18
1065 2933 1178 2977 atque
1202 2932 1340 2968 iterum
1366 2944 1471 2968 casus
1495 2932 1536 2967 F
1550 2933 1563 2978 ΙΙ
1582 2936 1625 2968 21
1652 2933 1695 2968 ut
1720 2934 1812 2978 puta

102 2975 179 3012 vidi
207 2976 254 3012 T:
281 2977 324 3012 ut
347 2976 497 3022 putauit
522 2977 563 3011 F
583 2978 595 3023 fl
627 2976 774 3013 addidit
801 2978 835 3012 T
856 2978 869 3023 ΙΙ
900 2982 944 3013 22
971 2978 1175 3025 argiripam
1202 2979 1242 3015 F
1277 2979 1480 3025 agriripam
1506 2980 1540 3016 G
1559 2981 1570 3026 ΙΙ
1602 2980 1640 3016 et
1664 2980 1810 3026 reliqua

102 3034 169 3059 om.
197 3023 237 3058 F
261 3024 273 3071 ΙΙ
304 3028 348 3060 23
375 3024 522 3060 ordines
549 3024 583 3060 G
611 3025 622 3071 ΙΙ
654 3035 817 3070 congruo
843 3035 909 3062 om.
930 3025 972 3060 F
986 3028 998 3072 ΙΙ
1023 3026 1235 3063 subiuncxit
1260 3027 1294 3062 G
1317 3029 1330 3073 ΙΙ
1354 3027 1626 3072 perlioiendum
1656 3028 1702 3063 T:
1728 3039 1809 3073 per-

102 3070 290 3106 licendum
310 3071 344 3107 G
375 3071 647 3116 proliciendum
666 3072 707 3107 F
722 3074 734 3118 ΙΙ
752 3072 966 3118 priusquam
992 3074 1191 3120 quicquam
1218 3074 1360 3111 diceret
1384 3086 1450 3112 om.
1469 3076 1502 3110 T
1518 3077 1531 3121 ΙΙ
1550 3079 1595 3111 24
1617 3075 1703 3110 inde
1724 3085 1809 3110 con-

103 3129 193 3162 grue
223 3118 256 3153 T
271 3119 284 3164 ΙΙ
302 3119 399 3155 unde
426 3119 466 3154 F
480 3121 493 3166 ΙΙ
522 3123 567 3155 25
592 3119 772 3161 intulerat
796 3119 837 3155 F
852 3122 864 3165 ΙΙ
887 3120 959 3156 1100
986 3124 1043 3157 est
1063 3133 1132 3158 om.
1154 3122 1194 3157 F
1209 3123 1221 3168 ΙΙ
1240 3122 1329 3167 (11113,
1355 3133 1466 3158 causa
1490 3123 1531 3158 F
1546 3124 1558 3169 ΙΙ
1586 3127 1630 3158 26
1656 3121 1809 3167 ponitur

103 3177 169 3200 om.
185 3165 225 3200 F
240 3167 253 3211 ΙΙ
271 3167 394 3211 partes
420 3169 507 3203 sunt
532 3167 627 3203 duae
651 3167 684 3202 Τ
700 3169 712 3213 ΙΙ
731 3178 805 3202 11113,
824 3168 932 3213 quasi
950 3167 992 3203 F
1025 3170 1132 3215 quasi
1152 3181 1226 3205 una
1246 3169 1278 3206 G
1298 3171 1310 3216 ΙΙ
1329 3174 1373 3206 27
1394 3170 1469 3206 alia
1488 3171 1578 3216 qua]
1606 3169 1755 3214 aliaque
1771 3169 1813 3204 F

103 3212 223 3249 altera
247 3224 321 3259 qua
347 3213 381 3249 T
398 3216 411 3260 ΙΙ
437 3214 495 3250 1111
520 3219 553 3251 et
577 3215 741 3261 deponat
768 3215 802 3250 T
818 3216 830 3261 ΙΙ
858 3215 969 3252 finem
996 3215 1030 3253 G

1847 641 1867 672 ὅ

1847 999 1889 1030 10

1846 1358 1888 1390 15

1842 1717 1887 1749 20

1840 2075 1884 2107 25
