2092 3614
529 229 680 267 COMM.
707 229 760 266 IN
785 229 928 266 VERG.
955 230 1067 266 AEN.
1095 231 1145 266 1X
1173 234 1371 267 ‘zoe—724.
1720 231 1806 273 375

98 339 207 381 dicit.
267 339 339 381 sed
365 339 555 381 Inarime
591 354 702 382 nune
731 340 921 382 Aenaria
950 340 1113 382 dicitur.
1174 343 1212 382 et
1241 354 1358 394 saepe
1391 341 1621 395 fulqoribus
1650 342 1808 396 petitur

98 410 146 452 ob
175 410 248 452 hoc
277 412 385 464 quod
411 411 642 465 Typhoeum
666 415 848 467 premat,
879 415 917 454 et
945 412 1045 466 quia
1076 412 1121 453 in
1150 413 1176 465 †
1190 413 1326 454 eamdi
1349 413 1636 455 contumeliam
1660 414 1808 455 simiae

97 482 247 524 missae
276 486 390 538 sunt,
420 497 523 536 quas
547 483 819 525 Etruscorum
851 484 995 538 linqua
1025 483 1181 526 arimos
1210 484 1372 525 dicunt:
1405 484 1451 526 ob
1481 498 1606 538 quam
1637 498 1806 528 causam

99 552 357 596 Pithecusam
388 555 512 597 etiam
542 555 741 597 vocitant:
774 555 864 597 licet
892 555 1042 597 diversi
1066 557 1250 596 auctores
1274 555 1389 597 varie
1413 556 1573 597 dicant:
1604 571 1704 598 nam
1729 557 1808 598 alii

96 624 204 667 hanc
234 626 416 668 insulam
451 626 702 680 Typhoeum,
733 626 812 668 alii
843 627 1101 668 Enceladum
1133 627 1303 668 tradunt
1324 640 1520 679 premere.
1569 631 1607 669 et
1631 630 1807 682 putatur

96 710 196 738 nove
231 698 384 739 dictum
423 697 661 752 ‘Inarime',
703 698 812 751 quod
849 701 887 739 et
920 698 1128 752 sinyulari
1164 711 1351 749 numero,
1395 701 1434 740 et
1467 699 1611 740 addita
1647 699 1806 753 syllaba

96 768 262 822 dixerit,
306 782 397 810 cum
434 769 643 811 Homerus
683 771 747 811 εἰν
781 765 975 824 Ἀρίμοις
1006 769 1209 823 posuerit,
1253 772 1301 811 ut
1338 769 1457 823 prior
1491 770 1652 824 syllaba
1681 785 1804 824 prae-

89 839 309 892 positionis
341 840 472 882 locum
503 840 688 882 obtineat.
738 840 885 883 Livius
915 841 962 883 in
995 841 1098 883 libro
1128 841 1390 895 nonayesimo
1415 845 1561 895 quarto
1587 842 1806 884 Inarimen

95 911 142 952 in
167 910 390 954 Maeoniae
412 912 606 966 partibus
631 926 714 954 esse
739 913 853 963 dicit,
884 912 955 954 ubi
982 927 1055 966 per
1079 913 1381 967 quinquaqinta
1405 914 1526 956 milia
1557 917 1688 956 terrae
1718 914 1807 968 iyni

95 985 258 1024 exustae
299 986 406 1025 sunt.
467 983 540 1025 hoc
583 984 705 1025 etiam
749 984 979 1026 Homerum
1021 985 1274 1039 siynificasse
1315 985 1411 1027 vult.
1544 997 1803 1036 DVRVMQVE

95 1064 263 1095 CVBILE
294 1053 368 1096 hoc
397 1058 457 1097 est
489 1055 773 1110 mortiferum,
805 1055 858 1097 ad
892 1070 1074 1110 poenam
1109 1057 1330 1097 statutum.

215 1125 311 1168 715.
362 1137 588 1169 STIMVLOS
621 1137 767 1168 AORES
807 1126 1024 1168 saeviendi
1062 1127 1244 1169 scilicet:
1280 1142 1381 1170 nam
1420 1130 1523 1170 sunt
1560 1131 1603 1170 et
1633 1129 1803 1172 timoris

94 1198 137 1238 et
168 1196 361 1238 libidinis
394 1197 571 1240 stimuli.
621 1197 811 1239 notanda
844 1212 1012 1252 quoque
1043 1198 1393 1254 prooeconomia,
1427 1215 1535 1255 quae
1562 1200 1605 1241 id
1633 1201 1726 1257 agit
1756 1204 1805 1242 ut

92 1269 180 1310 veri
214 1269 354 1310 simile
386 1268 460 1323 sit,
493 1268 686 1310 Turnum
718 1269 926 1311 victorem
959 1268 1145 1311 evasisse
1178 1269 1230 1311 de
1262 1270 1429 1313 castris.

214 1341 310 1382 717.
361 1353 569 1391 VNDIQVE
608 1352 911 1383 CONVENIVNT
954 1355 1036 1383 non
1080 1341 1181 1383 (licit
1215 1343 1287 1395 qui
1323 1343 1581 1397 conveniunt,
1624 1345 1695 1385 sed
1736 1344 1803 1386 illi

92 1412 184 1454 sine
216 1412 365 1467 dubio,
403 1411 558 1467 quibus
591 1411 709 1454 Mars
741 1411 891 1453 iniecit
922 1411 1168 1466 audaciam,
1204 1413 1381 1455 inventa
1413 1414 1707 1468 oportunitate
1739 1415 1803 1457 in-

91 1485 300 1538 ruperunt
331 1485 473 1526 castra
504 1483 703 1525 Troiana.
827 1492 1002 1530 QVONIAM
1023 1487 1256 1537 postquam.

212 1556 309 1598 722.
360 1572 477 1598 οΒΝιΧ
486 1572 528 1597 vs
556 1555 734 1609 conisus,
766 1554 1038 1597 conabundus.

212 1627 309 1669 723.
359 1637 486 1668 Dvsso
518 1638 569 1668 IN
602 1615 872 1669 cER'rAMmE
906 1638 1067 1678 mom·
1101 1627 1192 1669 sine
1225 1642 1300 1682 spe
1333 1626 1549 1669 evadendi.

213 1698 310 1740 724.
360 1709 445 1740 AST
479 1709 613 1740 Amos
648 1709 797 1740 SECVM
829 1709 1057 1740 INCLVDIT
1082 1712 1163 1752 pro
1193 1698 1390 1753 hostibus,
1427 1700 1624 1752 quoniam
1655 1700 1803 1743 multos

90 1783 184 1812 suos
208 1769 460 1811 exclusisset:
488 1768 652 1811 Statius
678 1784 769 1824 par
795 1769 966 1824 operis
991 1769 1197 1812 iactura
1224 1771 1383 1812 lucro:
1410 1785 1624 1825 namque
1650 1771 1801 1814 hoste

91 1842 300 1895 recepto
340 1841 604 1882 exclusere
644 1854 774 1883 suos.
828 1843 963 1895 potest
1006 1844 1144 1883 tamen
1186 1845 1225 1883 et
1259 1841 1430 1884 dubium
1467 1855 1549 1884 esse
1585 1840 1802 1884 ‘includit'

89 1915 231 1954 utrum
261 1911 408 1964 hostes,
439 1926 498 1954 an
527 1912 651 1954 suos?
772 1923 926 1954 VLTRO
959 1912 1145 1967 insuper.

187 2033 207 2065 7
233 2029 432 2075 Homerus]
459 2029 500 2063 Il.
527 2030 560 2064 II
583 2033 650 2065 783
670 2030 682 2076 ΙΙ
702 2033 722 2065 8
748 2029 893 2075 Livius]
922 2029 1053 2073 fragm.
1080 2033 1123 2064 21
1151 2041 1210 2074 ap.
1239 2030 1360 2065 Hertz.
1390 2030 1438 2064 IV
1459 2042 1495 2075 p.
1516 2032 1680 2076 2281117
1703 2030 1800 2073 Quo-

89 2077 191 2112 niam
222 2077 440 2122 postquam]
473 2076 519 2112 cf.
548 2077 639 2112 Don.
667 2077 714 2111 ad
741 2077 823 2112 Ter.
850 2076 919 2111 Ad.
947 2077 1041 2121 prol.
1071 2081 1085 2111 1
1121 2079 1133 2123 1]
1174 2081 1215 2112 18
1251 2076 1418 2113 Obnixus
1445 2105 1452 2112 .
1475 2106 1482 2113 .
1505 2104 1513 2112 .
1540 2077 1798 2126 conabundus]

91 2126 136 2161 cf.
164 2125 249 2160 leid.
277 2135 328 2159 or.
355 2124 389 2159 X
417 2128 482 2160 198
515 2125 526 2170 ΙΙ
558 2128 602 2159 21
631 2124 788 2170 Statius]
817 2123 930 2159 Theb.
959 2123 992 2158 X
1018 2127 1086 2159 513

188 2225 204 2254 1
238 2220 397 2255 Inarime
429 2219 635 2256 Salmasius
666 2220 767 2255 Plin.
800 2220 982 2255 eoeercitat.
1003 2230 1042 2265 p.
1072 2224 1133 2255 68:
1166 2220 1328 2255 narimes
1353 2220 1393 2255 F
1427 2221 1439 2266 ΙΙ
1476 2220 1620 2256 etnaria.
1651 2221 1696 2256 di
1725 2222 1758 2257 G
1790 2222 1801 2268 Η

90 2270 127 2304 et
157 2279 268 2313 saepe
295 2295 302 2303 .
325 2295 361 2303 ..
389 2270 533 2313 premat
563 2268 664 2303 haud
695 2268 769 2303 scio
801 2279 852 2302 an
877 2271 961 2312 post
994 2266 1162 2303 vocitant
1187 2269 1400 2303 collocanda
1424 2269 1517 2311 sint,
1553 2273 1593 2304 ut
1617 2270 1802 2305 scribatur

89 2316 155 2351 sed
173 2315 344 2361 Inarime,
370 2326 466 2360 quae
485 2327 519 2350 n.
535 2314 578 2352 A.
599 2314 747 2359 dicitur,
773 2313 875 2350 dicta
895 2316 953 2350 est
972 2314 1060 2359 quia
1079 2326 1105 2351 e.
1127 2327 1158 2360 q.
1178 2327 1205 2350 s.
1226 2316 1238 2362 ΙΙ
1256 2320 1277 2350 2
1299 2316 1346 2351 ob
1366 2316 1437 2351 hoc
1457 2315 1713 2361 cottiphoeum
1735 2317 1775 2352 F
1790 2318 1801 2363 Η

89 2364 129 2399 in
154 2375 236 2398 eam
262 2361 517 2398 dictumeliam
545 2363 579 2398 G
616 2364 655 2398 in
688 2363 845 2398 eandem
877 2362 1143 2398 contumeliam
1169 2364 1309 2399 Daniel
1345 2364 1384 2398 in
1417 2375 1499 2399 eam
1531 2364 1579 2399 ad
1611 2366 1798 2400 contume-

90 2410 179 2445 liam
206 2410 410 2446 Salmasius
436 2411 457 2445 l.
485 2411 527 2454 l.,
560 2412 714 2454 fortasse
737 2413 841 2446 recte.
883 2411 944 2446 sed
974 2421 1050 2446 non
1081 2411 1208 2446 dubito
1238 2412 1329 2456 quin
1358 2415 1460 2447 vetus
1489 2412 1668 2457 interpres
1693 2413 1799 2448 cuius

89 2458 312 2504 eoepositione
331 2459 429 2502 plen.
457 2462 637 2494 comment.
665 2462 793 2493 auctor
824 2469 912 2493 usus
944 2461 1011 2502 est,
1043 2462 1167 2494 notam
1198 2459 1301 2494 illam
1332 2459 1375 2494 de
1402 2458 1620 2504 Cercopibus
1645 2464 1806 2504 propter.

88 2506 258 2549 fraudem
286 2506 372 2540 Iovi
399 2506 536 2549 factam
560 2507 603 2541 in
627 2506 754 2541 simias
779 2506 928 2540 mutatis
953 2509 986 2541 et
1010 2506 1052 2540 in
1080 2506 1295 2542 Pithecusas
1319 2507 1464 2542 insulas
1487 2508 1608 2542 missis
1631 2508 1821 2550 fabulam‘

85 2553 202 2598 paulo
227 2554 437 2588 accuratius
462 2554 680 2589 narraverit.
707 2555 720 2599 ΙΙ
747 2557 768 2588 3
795 2565 888 2598 quas
915 2553 1156 2588 Etruscorum
1181 2554 1313 2599 lingua.
1338 2553 1475 2590 arimos
1502 2553 1632 2589 dicunt
1655 2555 1798 2590 Salma-

89 2602 166 2636 sius
192 2601 214 2635 l.
242 2601 265 2636 l.
292 2601 382 2635 conl.
410 2600 531 2636 Strab.
558 2600 643 2635 XIII
668 2613 703 2646 p.
730 2605 798 2636 626
815 2600 841 2636 C
868 2599 905 2635 οἳ
930 2600 994 2635 καὶ
1019 2597 1107 2641 τούς
1131 2598 1322 2646 πιθήκους
1348 2602 1442 2646 φασὶ
1466 2599 1569 2644 παρὰ
1595 2606 1673 2642 τοῖς
1701 2601 1796 2649 Τυῤ-

91 2646 218 2692 ῥἠνοῖς
238 2644 396 2693 ἀρίμους
416 2650 634 2683 nazaraeum
662 2660 753 2693 quas
779 2649 926 2683 atorum
951 2647 1081 2692 lingua
1106 2649 1231 2684 narius
1252 2648 1382 2684 dicunt
1401 2649 1448 2684 F.
1488 2661 1580 2694 quas
1601 2648 1796 2685 Graiorum

89 2696 220 2741 lingua
245 2692 361 2739 ἄριμα
389 2691 561 2740 (ἆρᾇνας
588 2695 840 2741 Gommelinus)
871 2695 911 2730 id
944 2697 1001 2730 est
1033 2696 1178 2731 enar-ias
1210 2697 1340 2731 dicunt
1363 2698 1457 2732 idem
1484 2698 1690 2732 Salmasius
1715 2709 1796 2732 eon-

89 2745 182 2779 iecit.
210 2744 256 2786 cf.
271 2742 478 2788 Hesychius
496 2753 523 2777 s.
538 2754 570 2778 v.
592 2739 725 2787 ἅριμος
744 2754 825 2778 eum
844 2743 1080 2778 adnotatione
1099 2743 1294 2779 Schmidtii
1312 2748 1344 2779 et
1363 2744 1484 2788 Steph.
1499 2745 1590 2790 Byz.
1600 2756 1639 2789 p.
1658 2749 1736 2788 118,
1754 2748 1797 2779 14

89 2790 100 2837 Η
125 2795 148 2825 4
173 2789 407 2836 pithecosam
435 2789 475 2824 F
491 2790 502 2836 ΙΙ
522 2790 689 2825 uocitant
713 2791 867 2825 Daniel:
894 2789 1059 2826 uocitate
1084 2790 1124 2825 F
1140 2792 1152 2836 ΙΙ
1170 2792 1297 2827 uariae
1325 2791 1359 2827 G
1377 2794 1388 2838 Ι]
1415 2796 1435 2826 5
1462 2791 1617 2827 tradunt
1641 2792 1795 2828 Daniel:

137 2839 157 2864 d

88 2875 211 2909 traum
238 2873 276 2908 F
311 2874 452 2908 tracum
482 2872 515 2908 G
534 2874 545 2918 11
577 2877 597 2907 6
623 2872 779 2909 inarime
807 2873 847 2907 F
868 2874 879 2919 ΙΙ
910 2877 928 2909 7
956 2885 1124 2909 emavroc
1151 2874 1191 2909 F
1225 2886 1411 2909 ειΛιΛΡΥο(
1437 2875 1470 2910 G
1495 2876 1506 2921 ΙΙ
1538 2879 1558 2910 8
1584 2874 1698 2910 libius
1725 2875 1764 2909 F
1794 2876 1796 2921 y

89 2920 308 2967 nongesimo
330 2920 371 2955 F
386 2922 397 2967 ΙΙ
417 2920 572 2955 inarime
593 2919 634 2955 F
648 2921 660 2965 ΙΙ
680 2925 700 2955 9
727 2921 792 2955 ubi
817 2920 1090 2966 quinquaginta
1109 2921 1215 2956 milia
1234 2921 1364 2968 iugera
1383 2923 1505 2958 terrae
1525 2923 1767 2958 Burmannus
1794 2922 1796 2969 1

89 2969 210 3003 terrae
235 2968 331 3014 igni]
357 2968 507 3013 {rigatu
534 2967 567 3003 G
586 2968 598 3013 ΙΙ
634 2971 677 3003 10
703 2968 903 3003 Homerum
930 2968 1135 3004 Salmasius
1161 2970 1182 3004 l.
1211 2970 1251 3005 l.:
1277 2981 1471 3004 numerum
1499 2970 1539 3005 F
1554 2971 1565 3016 ΙΙ
1599 2974 1637 3004 11
1668 2970 1731 3016 ad]
1759 2974 1797 3004 et

92 3016 141 3050 M
157 3017 169 3062 ΙΙ
191 3020 232 3050 13
259 3016 464 3050 notandum
484 3015 520 3050 R
540 3017 551 3062 ΙΙ
573 3020 616 3051 15
641 3016 866 3051 conveniant
887 3016 1093 3052 Masvicius
1112 3018 1123 3063 ΙΙ
1145 3021 1187 3051 16
1207 3016 1463 3062 inrumperent
1482 3017 1555 3052 AS
1590 3017 1795 3062 irrumpere

92 3063 298 3098 Blasvicius
329 3064 340 3109 ΙΙ
374 3067 416 3098 18
443 3064 573 3099 contra
598 3063 698 3098 nisus
726 3063 897 3098 Isidorus
926 3064 938 3109 ΙΙ
971 3067 1013 3099 19
1040 3077 1182 3104 Lvarr
1209 3064 1249 3099 F
1275 3066 1288 3110 ΙΙ
1318 3069 1362 3099 21
1395 3065 1615 3100 exclusisset
1639 3065 1795 3099 Daniel:

91 3110 302 3145 exduxisset
321 3110 362 3145 F
377 3111 388 3157 ΙΙ
407 3121 474 3156 par
500 3110 621 3156 operis
643 3110 697 3145 F:
724 3110 941 3155 paruoperit
961 3111 998 3146 R
1035 3122 1105 3157 par
1129 3111 1234 3157 operi
1259 3113 1391 3157 reliqui
1409 3113 1421 3159 ΙΙ
1440 3116 1485 3147 22
1511 3113 1655 3147 retento
1682 3112 1797 3146 Statii

91 3158 313 3201 exemplaria
344 3159 356 3204 ΙΙ
387 3159 435 3194 ad
459 3170 524 3193 ΛΒΤ
550 3170 583 3193 A.
610 3169 637 3193 3.
664 3169 695 3193 υ.
722 3159 847 3202 potest
872 3158 910 3193 et
934 3157 980 3194 de
1005 3159 1178 3195 hostibus
1205 3162 1243 3195 et
1268 3160 1313 3195 de
1340 3160 1414 3195 suis
1439 3159 1610 3204 intellegi
1638 3158 1672 3192 T
1697 3159 1709 3204 ΙΙ
1739 3157 1793 3193 in-

91 3203 199 3239 dudit
224 3204 264 3239 F
288 3205 300 3251 ΙΙ
330 3209 375 3240 23
401 3218 514 3241 νωῐιο
540 3204 691 3251 insuper
716 3217 782 3240 om.
810 3205 850 3239 F

1831 637 1851 667 5

1833 993 1876 1024 10

1833 1351 1874 1382 15

1828 1709 1874 1740 20
