2092 3614
249 670 270 701 C!

228 1028 272 1060 10

230 1386 272 1417 15

229 1744 275 1776 20

229 2101 275 2133 25

233 2460 278 2491 30

297 266 385 309 560
1070 267 1230 304 SERVII

296 377 411 431 piter
442 377 686 420 columbam
720 377 926 433 sequitur,
957 377 1045 420 ista
1075 378 1246 420 hostem
1278 378 1508 432 praecedit.
1570 378 1666 432 ipsa
1698 377 1829 420 etiam
1861 379 2006 422 avium

301 448 569 503 comparatio
602 451 777 504 sumpta
808 463 860 491 cx
892 450 1109 491 contrario
1143 451 1227 491 est:
1258 463 1360 491 nam
1393 450 1570 505 aequius
1596 449 1662 491 vir
1688 449 1897 506 accipitri,
1926 448 2007 491 *Ca-

298 519 419 561 milla
450 521 776 576 compararetur
808 521 1045 563 columbae.

417 593 440 634 7
446 593 513 634 23.
563 608 781 634 EVISGERAT
807 605 858 634 ne
887 593 1053 647 vulgari
1083 593 1199 634 verbo
1230 606 1279 635 ex
1311 592 1468 635 Graeco
1499 596 1678 635 uteretur
1708 593 1845 636 dicens
1877 592 2007 636 ‘exen-

296 662 430 718 terat',
461 664 525 705 ait
553 662 810 718 ‘pedibusque
840 662 1060 706 eviscerat'.

420 736 516 777 724.
565 732 661 777 ΤνΜ
699 746 854 778 ORVOR
889 747 949 789 ΕΤ
986 741 1165 778 VVLSAE
1198 747 1448 779 LABVNTVR
1479 748 1538 778 AB
1571 748 1787 778 AETHERE
1820 747 2009 779 PLVMAE

297 806 463 848 ecbasis
487 807 660 861 poetica,
691 806 735 848 id
768 810 835 849 est
867 821 1077 849 excessus.

418 878 515 921 725.
564 889 662 920 NON
688 890 859 921 NVLLIS
891 878 934 920 id
968 881 1034 920 est
1064 893 1153 921 non
1185 879 1537 936 neglegentibus:
1570 895 1670 922 nam
1696 880 1844 921 litotes
1869 879 2010 935 figura

298 952 376 992 est.
438 951 533 992 vult
572 950 685 991 enim
725 949 885 991 dicere:
923 964 1010 991 non
1049 950 1204 992 leviter
1234 950 1432 1005 Iuppiter
1469 951 1718 993 intuebatur
1754 951 1839 993 ista
1876 953 2010 992 certa-

298 1022 427 1063 mina.
471 1022 559 1063 ideo
583 1024 622 1063 et
645 1022 793 1063 adiecit
818 1021 1048 1064 ‘observans
1072 1021 1227 1077 oculis’,
1253 1023 1299 1064 id
1322 1025 1382 1064 est
1403 1023 1557 1064 intente
1580 1023 1801 1076 aspiciens:
1828 1022 2011 1064 Plautus

298 1092 567 1143 observaw,
598 1106 743 1145 qaam
775 1093 951 1135 blande
980 1094 1317 1147 suppalpatar
1346 1094 1559 1136 mulieri.

419 1163 516 1205 730.
566 1174 787 1205 1Ns'r1GA'r
827 1174 1026 1206 vocmvs
1065 1152 1193 1207 ALAs'
1227 1164 1383 1207 incitat
1426 1166 1470 1207 et
1513 1164 1667 1206 inritat
1715 1165 1767 1207 ad
1809 1164 2010 1207 reditum:

298 1235 486 1289 primum
525 1234 639 1276 enim
678 1237 761 1290 est,
799 1237 848 1276 ut
884 1235 1032 1290 fugere
1071 1235 1287 1291 desinant,
1325 1238 1426 1291 post
1462 1239 1510 1278 ut
1541 1237 1585 1278 in
1617 1237 1765 1279 hostes
1798 1236 2009 1292 impetum

297 1306 473 1349 faciant.

420 1378 518 1420 731.
567 1389 750 1420 NOMINE
784 1390 1009 1429 QVEMQVE
1041 1390 1221 1422 VOGANS
1253 1393 1330 1433 per
1360 1379 1442 1421 hoc
1474 1381 1665 1421 extrema
1689 1379 1925 1422 necessitas
1951 1379 2012 1422 in-

300 1449 478 1491 dicatur.
597 1467 773 1497 REFIOITQ
782 1467 830 1492 νε
857 1450 904 1492 id
932 1453 990 1492 est
1019 1451 1209 1493 restituit.

422 1521 519 1562 732.
571 1532 676 1571 QVIS
703 1533 855 1563 METVS
881 1521 1065 1575 dolentis,
1090 1535 1174 1564 non
1198 1522 1514 1576 interroyantis:
1545 1522 1588 1563 id
1616 1524 1681 1564 est
1706 1523 1857 1577 qualis,
1884 1537 2013 1578 quan-

299 1595 391 1647 tus,
430 1592 503 1646 qui
541 1592 658 1634 viros
697 1592 829 1634 etiam
867 1592 1073 1634 feminam
1113 1592 1267 1635 timere
1302 1593 1555 1647 compellit?
1605 1594 1716 1635 unde
1750 1593 1879 1649 paulo
1911 1595 2014 1648 post

301 1663 426 1718 ‘quae
460 1666 583 1704 tanta
615 1664 772 1705 animis
804 1664 981 1720 ignavia
1012 1664 1160 1706 venit?
1204 1664 1366 1706 femina
1397 1665 1596 1720 palantes
1624 1664 1742 1720 agit’.
1835 1676 1864 1707 Ο
1896 1676 2012 1708 NVM-

303 1746 433 1785 QVAM
466 1746 689 1777 DOLITVRI
722 1735 765 1776 id
798 1737 877 1777 est·
895 1735 1039 1777 stulti:
1073 1735 1232 1777 stultus
1267 1736 1381 1778 enim
1413 1739 1478 1778 est
1510 1737 1704 1792 quisquis
1736 1736 1894 1779 iniuria
1924 1751 2011 1779 non

301 1809 512 1850 movetur.
574 1808 618 1848 et
658 1807 765 1849 bene
805 1807 1083 1863 ‘numquam'‚
1128 1807 1337 1863 siquidem
1377 1810 1507 1850 antea
1545 1808 1773 1850 saevitiam
1811 1807 2012 1849 Mezentii

300 1880 574 1934 pertulerunt
604 1892 682 1920 nec
714 1893 759 1921 se
786 1879 869 1921 ulti
896 1881 1010 1934 sunt,
1043 1893 1157 1920 nunc
1183 1879 1394 1934 praebent
1418 1882 1543 1935 terga
1569 1879 1737 1921 mulieri
1764 1881 1807 1921 et
1831 1894 1884 1921 ne
1910 1878 2013 1921 hinc

301 1951 474 2006 quidem
512 1953 838 1993 commoventur
876 1950 1035 1993 dolore.
1096 1964 1181 1993 non
1217 1951 1326 1993 nulli
1364 1954 1500 1993 tamen
1539 1949 1744 1994 ‘dolorem'
1776 1951 1905 1993 studii
1934 1950 2012 1993 ali-

301 2023 419 2065 cuius
454 2023 645 2065 ardorem
682 2025 721 2064 et
749 2025 990 2076 promptam
1022 2023 1180 2076 ylariae
1215 2023 1478 2076 cupiditatem
1514 2026 1690 2065 veterum
1720 2036 1832 2065 more
1861 2022 2013 2065 dictam

302 2095 483 2150 tradunt,
513 2097 563 2137 at
592 2093 744 2136 Graeci
773 2091 918 2136 πόνον
949 2094 1170 2148 appellant.

423 2166 520 2208 734.
571 2176 727 2216 ATQVE
760 2176 884 2208 HAEC
910 2176 1092 2208 AGMINA
1126 2165 1362 2221 δεικτικῶς,
1394 2166 1437 2207 id
1470 2167 1536 2207 est
1567 2165 1886 2208 multitudinem
1917 2167 2012 2208 tan-

302 2239 406 2293 tam,
437 2237 510 2279 hoc
539 2240 598 2280 est
627 2251 836 2291 maynam.

424 2308 521 2351 735.
570 2320 730 2351 INRITA
760 2309 807 2350 id
835 2312 895 2352 est
922 2309 1090 2365 inertia,
1123 2323 1232 2364 quae
1262 2323 1342 2351 nos
1374 2308 1526 2351 ulcisci
1558 2308 1733 2350 minime
1765 2309 1923 2351 valent.

424 2381 520 2422 736.
571 2392 630 2422 AT
669 2391 766 2422 NON
803 2392 852 2422 m
886 2392 1112 2423 VENEREM
1145 2391 1323 2422 SEGNES
1362 2381 1547 2422 latenter
1583 2380 1665 2422 hoc
1703 2379 1822 2421 dicit:
1861 2379 2013 2435 fugitis

304 2452 542 2506 mulierem,
575 2452 676 2506 quia
708 2454 876 2493 armata
908 2454 991 2506 est3
1025 2452 1133 2493 alias
1166 2451 1294 2506 primi
1328 2452 1381 2493 ad
1413 2451 1526 2492 hunc
1558 2450 1728 2492 curritis
1761 2466 1922 2493 sexum.

302 2534 653 2572 NOCTVRNAQVE
680 2534 833 2564 BELLA
858 2523 1038 2567 coitum:
1071 2522 1177 2564 alibi
1209 2525 1258 2563 et
1291 2522 1542 2577 siquando
1576 2522 1636 2563 ad
1667 2521 1869 2577 proelia
1894 2536 2009 2564 ven-

302 2596 406 2636 tum
440 2595 527 2636 est.

400 2691 443 2722 10
469 2685 641 2732 Plautus]
669 2685 854 2732 Amphitr.
880 2685 897 2720 I
922 2690 955 2731 3,
982 2690 1002 2721 9
1035 2687 1046 2733 ΙΙ
1084 2690 1126 2721 31
1155 2688 1194 2721 et
1219 2686 1417 2733 siquando]
1451 2697 1577 2732 georg.
1604 2686 1654 2721 III
1681 2689 1726 2721 98

401 2774 418 2804 1
447 2770 577 2816 etiam]
606 2771 732 2805 autem
757 2769 797 2804 F
812 2771 825 2815 ΙΙ
843 2773 864 2804 2
891 2770 948 2804 est
973 2781 992 2804 e
1020 2769 1205 2805 contrario
1232 2769 1273 2805 F
1287 2771 1299 2816 ΙΙ
1319 2774 1338 2804 3
1367 2771 1601 2815 comparetur
1619 2769 1692 2804 AS
1709 2770 1722 2813 ΙΙ
1749 2772 1771 2803 4
1796 2769 1846 2804 ad
1869 2781 2010 2814 aymon-

303 2830 369 2852 ΜΤ
394 2829 427 2853 v.
454 2828 482 2853 ε.
502 2828 534 2852 υ.
561 2817 708 2852 dissicit
733 2816 896 2853 extrahit
919 2817 1073 2852 uiscera.
1115 2818 1153 2852 et
1178 2829 1224 2853 ne
1249 2818 1397 2862 uulgari
1421 2817 1535 2852 uerbo
1561 2817 1729 2851 uteretur
1752 2816 1877 2851 dicens
1903 2827 2010 2851 exen-

302 2867 402 2900 terat
426 2865 511 2899 ideo
538 2865 593 2900 ait
617 2865 801 2900 euiscerat
829 2865 862 2899 T
877 2865 891 2910 11
921 2866 959 2899 et
983 2876 1118 2910 graeco
1144 2865 1283 2900 Daniel
1301 2866 1313 2911 ΙΙ
1345 2869 1364 2900 7
1391 2864 1530 2900 etbasis
1555 2863 1629 2899 AS
1663 2863 1826 2899 ecbassis
1851 2863 1887 2898 R,
1906 2864 1919 2909 ΙΙ
1950 2875 2009 2898 ex-

305 2923 431 2947 cursus
457 2911 494 2946 R
532 2923 703 2947 excussus
729 2913 774 2947 H
808 2923 934 2947 cursus
962 2913 1010 2946 M
1027 2914 1039 2958 ΙΙ
1067 2916 1087 2947 8
1113 2913 1261 2947 littores
1287 2912 1360 2947 AS
1385 2912 1540 2958 (littotes
1565 2913 1595 2957 s)
1614 2912 1626 2957 ΙΙ
1657 2915 1677 2946 9
1702 2910 1793 2957 ista]
1819 2911 1912 2946 haec
1936 2910 1973 2946 R
1998 2911 2010 2958 Η

307 2964 350 2994 10
375 2960 426 2994 ad
450 2971 649 2994 onsnnvms
675 2971 702 2995 s.
723 2971 754 2996 v.
782 2959 923 2996 intente
949 2960 1132 3004 aspiciens
1160 2960 1194 2994 Τ
1207 2961 1219 3006 ΙΙ
1238 2961 1439 2996 obscurans
1465 2959 1505 2994 F
1519 2961 1532 3004 ss
1554 2963 1595 2994 16
1621 2959 1672 2994 ad
1695 2970 1903 2998 nuncnova
1927 2969 1955 2994 s.
1975 2969 2008 2994 v.

305 3005 472 3042 restituit
495 3006 527 3041 T
543 3007 556 3051 ΙΙ
585 3011 628 3041 17
655 3008 705 3042 ad
729 3019 807 3047 Qv1s
827 3021 862 3042 M.
889 3018 916 3043 s.
936 3017 968 3042 v.
995 3007 1116 3052 qualis
1142 3010 1312 3052 quantus.
1351 3009 1390 3042 et
1414 3007 1471 3041 est
1497 3005 1656 3041 dolentis
1681 3016 1755 3040 non
1780 3004 2009 3052 interrogan—

304 3054 354 3089 tis
383 3054 442 3100 ΤΙΙ
460 3064 533 3088 non
558 3065 625 3089 om.
646 3054 713 3100 Fu
740 3058 783 3090 18
809 3053 890 3101 qui]
917 3055 1016 3099 quod
1043 3054 1083 3089 F
1099 3056 1110 3101 ΙΙ
1135 3058 1178 3089 21
1207 3056 1294 3090 ante
1320 3054 1389 3099 Fss
1414 3058 1459 3089 22
1485 3053 1546 3088 hic
1571 3053 1643 3088 AS
1669 3052 1770 3098 (hinc
1796 3053 1833 3097 a)
1852 3054 1865 3099 ΙΙ
1890 3056 1934 3088 23
1960 3053 2010 3088 ad

306 3114 326 3135 ο
352 3113 526 3140 NVMQVAM
550 3113 584 3137 D.
617 3112 644 3137 s.
671 3113 703 3136 v.
728 3113 802 3137 non
832 3101 927 3136 nulli
958 3101 1124 3137 dolorem
1156 3103 1226 3137 hoc
1259 3103 1340 3137 loco
1374 3101 1488 3136 studii
1518 3100 1675 3135 alicuius
1707 3100 1876 3135 ardorem
1907 3110 2009 3135 more

304 3150 473 3184 ueterum
498 3148 639 3183 dictum
666 3149 855 3195 accipiunt
883 3149 916 3183 Τ
931 3149 944 3195 ΙΙ
972 3149 1098 3184 dolore
1126 3149 1166 3184 F
1181 3151 1193 3195 ΙΙ
1223 3153 1268 3184 25
1293 3162 1405 3184 ΡοΝοΝ
1430 3148 1470 3183 F
1486 3149 1498 3195 ss
1526 3146 1719 3193 appellant
1744 3158 1810 3183 om.
1836 3147 1976 3183 Daniel
1997 3147 2010 3194 Η

304 3200 349 3231 26
376 3195 531 3231 dicticos
551 3197 639 3232 libri
656 3197 669 3242 ΙΙ
687 3200 732 3231 29
752 3209 883 3232 smum
896 3196 936 3231 F
950 3197 964 3242 ΙΙ
982 3200 1027 3232 30
1053 3196 1213 3242 primum
1231 3196 1304 3232 As
1321 3198 1334 3242 ΙΙ
1353 3197 1474 3231 adhuc
1494 3195 1582 3230 RH
1596 3195 1609 3241 ss
1628 3198 1670 3229 31
1693 3194 1832 3230 coitum
1850 3194 1939 3230 RH
1944 3195 1993 3230 M
1999 3208 2008 3231 τ

306 3243 426 3279 coitus
450 3243 524 3279 AS
559 3243 693 3289 quibus
719 3243 838 3280 coitus
863 3244 904 3279 F
