2092 3614
566 239 718 276 COMM.
745 238 798 274 IN
823 238 966 275 VERG.
993 237 1104 274 AEN.
1133 238 1185 273 IX
1211 242 1365 274 30—52.
1732 237 1821 279 313

227 351 295 393 39.
345 361 539 401 NAMQVE
579 361 660 392 ITA
690 359 951 392 mscEDENS
989 358 1324 391 PRAEcnPEnAr
1365 347 1584 390 excusatio
1615 346 1821 390 Troiano-

108 438 221 478 rum,
252 437 305 464 ne
337 423 488 477 portas
520 421 729 464 clausisse
760 422 915 464 timore
947 419 1205 463 viderentur.
1311 430 1510 462 OPTIMVS
1536 430 1679 462 ARMIS
1710 419 1821 474 peri-

107 497 177 537 tus
210 509 448 549 armorum,
481 494 566 536 dux
599 493 818 549 egregius,
850 491 923 548 qui
955 493 998 534 et
1029 491 1176 533 futura
1206 490 1464 545 provideret.

226 566 296 609 40.
345 577 386 608 sr
418 577 513 616 QVA
544 576 749 608 INTEREA
780 574 1004 607 FORTVNA
1035 572 1228 606 FVISSET
1267 562 1431 604 scilieet
1469 562 1649 605 bellicus
1683 578 1820 605 casus,

225 637 293 680 42.
347 654 466 680 Tvros
494 653 566 680 SER.
576 654 727 680 VARENT
754 653 911 679 AGGERE
939 650 1071 679 MVRos
1108 634 1155 676 id
1192 636 1251 677 est
1289 636 1395 677 tutos
1436 633 1622 688 beneficio
1661 635 1821 689 ayyeris

106 724 257 753 muros.

226 781 296 824 43.
345 792 502 823 PVDOR
527 791 701 831 IRAQVE
728 789 979 821 MONSTRAT
1010 777 1112 819 licet
1137 791 1210 819 eos
1239 775 1488 818 hortaretur
1513 776 1578 818 ira
1604 778 1647 818 et
1670 776 1819 831 pudor.

225 853 294 895 44.
346 870 527 896 offlczmvr
554 852 680 895 obices
702 853 886 906 ponit-nt,
916 850 977 892 vel
1002 848 1180 892 obicibus
1204 849 1419 903 inaniunt,
1450 851 1488 890 et
1508 861 1587 902 per
1611 847 1684 890 hoe
1708 849 1820 890 clan-

105 926 219 968 dunt.
309 941 451 968 fflcnss
460 941 533 967 mvr
553 923 619 966 liic
638 921 848 977 ‘faciunt'‚
873 922 983 965 alias
1003 919 1256 973 ‘discedunt’‚
1274 923 1322 963 nt
1339 920 1433 963 illa
1456 919 1570 963 hine
1592 905 1824 973 facessat.

224 996 293 1039 45.
346 1013 488 1040 wama
498 1013 541 1039 Vs
564 1010 644 1052 pro
676 995 737 1038 ein
770 992 986 1037 turribiis'.

223 1068 293 1111 46.
343 1079 539 1110 TARDVM
570 1078 733 1110 AGMEN
772 1065 968 1121 peditum
1005 1064 1127 1120 dicit,
1165 1064 1239 1119 qui
1271 1063 1467 1119 equitum
1498 1064 1820 1119 comparatione

104 1140 218 1183 tardi
249 1142 361 1184 sunt.

223 1212 294 1254 47.
343 1224 453 1254 VRBI
486 1210 660 1266 Troiae,
693 1224 823 1266 quam
855 1209 1017 1252 fecerat
1047 1207 1218 1250 Aeneas
1251 1209 1494 1250 castrorum
1525 1206 1571 1249 in
1601 1221 1777 1249 morem.

222 1284 293 1326 48.
342 1294 543 1326 MAcvms
565 1293 694 1333 QVEM
716 1291 949 1323 THRAcivs
970 1290 1102 1322 ALBIS
1128 1280 1287 1334 ftyura:
1313 1279 1499 1322 maculas
1516 1278 1634 1322 albas
1658 1278 1818 1322 liabens.

103 1359 140 1398 et
163 1370 273 1398 nove
300 1355 422 1398 albas
449 1354 641 1396 maculas
668 1352 796 1408 dixit,
823 1366 919 1394 cum
945 1350 1118 1407 proprie
1144 1351 1412 1393 macularum
1437 1350 1544 1392 haec
1571 1350 1628 1392 sit
1650 1355 1819 1407 natura,

105 1429 154 1469 ut
184 1426 445 1470 obscuritate
478 1440 557 1468 sua
588 1425 734 1467 album
767 1422 933 1480 aliquid
964 1421 1194 1464 infuscent.
1523 1415 1526 1419 ’

222 1499 292 1542 49.
342 1509 603 1548 cius‘rAer.
643 1508 783 1539 'rEeir
817 1506 971 1538 GALEA
1003 1506 1158 1537 AVREA
1195 1505 1352 1537 RVBRA
1383 1507 1465 1548 pro
1497 1491 1636 1549 ‘yalea
1673 1494 1820 1537 cristas

74 1571 253 1614 -habens
283 1568 468 1613 rubras'.
528 1570 599 1612 sed
628 1568 711 1611 duo
745 1567 927 1610 ablativi
959 1568 1062 1609 sunt
1092 1568 1136 1608 et
1168 1565 1251 1608 duo
1283 1565 1557 1620 nominativi,
1593 1580 1699 1622 quos
1733 1580 1819 1607 me-

104 1643 215 1686 trica
252 1642 421 1685 ratione
460 1641 762 1696 discernimus3
799 1654 901 1682 nam
934 1627 1087 1680 ‘rubra
1119 1637 1273 1680 crista’
1305 1637 1463 1693 longae
1496 1639 1598 1679 sunt
1630 1637 1820 1693 ultimae,

105 1715 207 1771 quia
239 1714 417 1756 ablativi
450 1715 551 1756 sunt
583 1727 721 1755 casus.
782 1726 885 1755 sane
916 1711 1043 1753 huius
1076 1709 1194 1753 modi
1226 1724 1373 1752 versus
1405 1709 1585 1765 pessimi
1617 1711 1730 1752 sunt.

224 1785 292 1828 51.
339 1802 395 1828 EN
417 1802 487 1828 ΜΤ
514 1784 674 1839 eclipsis
697 1784 975 1838 festinationis
1000 1782 1287 1837 exprimendae
1301 1782 1465 1837 qratia:
1490 1782 1692 1835 quidquid
1709 1782 1818 1824 enim

104 1858 313 1901 addideris
342 1870 484 1900 sensns
515 1856 711 1899 admittet.

224 1929 292 1972 52.
343 1940 620 1972 PRINCIPIVM
652 1939 838 1971 PVGNAE
880 1926 963 1970 hoc
994 1926 1046 1969 de
1077 1925 1277 1969 Romana
1309 1924 1599 1968 sollemnitate
1631 1926 1818 1968 tractum

105 2005 182 2045 est.
246 2016 339 2044 cum
374 2000 488 2042 enim
527 1999 735 2042 volebant
773 1998 934 2041 bellum
972 1998 1177 2053 indicere,
1215 1999 1340 2052 pater
1376 1997 1595 2051 patratus,
1636 1995 1719 2038 hoc
1751 1998 1819 2038 est

104 2073 304 2129 princeps
342 2071 576 2123 fetialium,
620 2070 977 2126 proficiscebatur
1015 2069 1070 2111 ad
1105 2068 1298 2111 hostium
1344 2068 1468 2123 fines,
1512 2070 1556 2110 et
1595 2068 1817 2123 praefatus

105 2143 316 2200 quaedam
353 2142 600 2194 sollemnia,
640 2142 758 2184 clara
796 2155 900 2183 voce
939 2139 1111 2182 dicebat
1149 2154 1193 2181 se
1226 2138 1387 2181 bellum
1419 2138 1607 2181 indicere
1638 2141 1818 2194 propter

105 2218 245 2258 certas
277 2229 450 2271 causas,
481 2216 557 2257 aut
588 2213 690 2269 quia
721 2212 863 2256 socios
895 2212 1128 2266 laeserant,
1162 2211 1237 2253 aut
1269 2211 1370 2266 quia
1401 2224 1480 2252 nec
1512 2210 1694 2266 abrepta
1726 2211 1817 2253 ani-

105 2287 236 2330 malia
266 2302 345 2329 nec
378 2286 587 2329 obnoxios
619 2285 859 2328 redderent.
908 2284 952 2325 et
981 2283 1088 2325 haec
1120 2282 1351 2339 clarigatio
1383 2281 1606 2324 dicebatur
1639 2297 1663 2324 a
1696 2282 1817 2324 clari-

105 2361 198 2402 tate
236 2358 366 2402 vocis.
427 2360 528 2413 post
566 2372 695 2414 quam
734 2355 1063 2412 clarigationem
1101 2354 1232 2397 hasta
1268 2353 1314 2396 in
1351 2368 1498 2396 eorum
1536 2353 1645 2396 fines
1684 2354 1818 2397 missa

104 2430 378 2473 indicabatur
408 2429 497 2471 iam
525 2442 697 2486 pugnae
722 2427 993 2484 principium.
1034 2429 1133 2481 post
1156 2426 1321 2468 tertium
1346 2428 1482 2468 antem
1507 2428 1545 2468 et
1569 2426 1817 2469 tricesimam

201 2528 222 2560 9
238 2503 330 2570 ffia]
358 2523 441 2558 Ter.
466 2522 616 2559 Phorm.
642 2522 694 2558 [v
719 2526 752 2566 3,
779 2525 835 2557 30.
875 2521 920 2557 of.
948 2519 1049 2556 Serv.
1076 2519 1124 2554 ad
1149 2520 1241 2556 Aen.
1267 2519 1319 2555 lv
1344 2521 1413 2554 295

204 2610 221 2641 1
249 2618 450 2641 nuscnnnus
476 2605 512 2640 L
548 2618 772 2641 nuscuunnus
798 2605 843 2640 H
857 2606 869 2650 ΙΙ
894 2608 914 2640 2
941 2603 1141 2639 uideantur
1166 2603 1212 2638 H
1225 2603 1238 2649 ΙΙ
1262 2605 1284 2637 4
1309 2603 1415 2638 schol.
1443 2602 1494 2637 ad
1518 2613 1549 2637 v.
1577 2606 1623 2637 40
1649 2613 1715 2639 om.
1743 2603 1784 2637 F
1804 2603 1816 2649 Η

106 2653 252 2690 scilieet
279 2653 317 2688 et
341 2652 498 2688 bellicus
524 2664 630 2688 casus
654 2653 759 2700 AS„
788 2656 809 2688 5
835 2653 884 2688 ad
908 2663 1016 2687 'rv'ros
1044 2664 1071 2686 s,
1097 2662 1130 2687 A.
1156 2663 1193 2685 M.
1218 2661 1319 2696 supr.
1345 2660 1434 2686 vers.
1461 2649 1641 2686 beneficio
1667 2650 1815 2696 aggeris

107 2702 300 2738 seruarent
324 2700 426 2736 tutos
452 2711 576 2736 muros
603 2700 637 2736 T
652 2702 665 2748 ΙΙ
683 2713 778 2736 Accu
805 2700 838 2735 G
857 2700 870 2744 ΙΙ
889 2709 1044 2745 aggeres
1070 2698 1110 2733 F
1125 2698 1138 2745 ΙΙ
1158 2702 1178 2734 6
1205 2709 1329 2734 muros
1355 2708 1422 2733 om.
1443 2697 1477 2732 G
1496 2697 1508 2744 ΙΙ
1527 2701 1548 2733 8
1574 2698 1624 2733 ad
1649 2710 1814 2733 omoivN'r

104 2761 205 2795 supr.
231 2760 319 2784 vers.
347 2748 471 2783 obices
502 2749 647 2793 ponunt
677 2747 739 2784 vel
770 2746 939 2783 obicibus
970 2745 1143 2781 muniunt
1174 2749 1207 2782 et
1232 2746 1278 2781 ab
1304 2745 1383 2780 alia
1407 2756 1520 2780 mann
1546 2744 1727 2780 claudunt
1751 2745 1815 2780 ob-

106 2798 256 2833 struunt
278 2796 311 2831 T
327 2796 339 2842 ΙΙ
358 2795 555 2842 claudunt]
581 2794 716 2830 ludunt
734 2795 774 2829 F
791 2795 804 2840 ΙΙ
823 2799 843 2830 9
870 2795 919 2830 ad
944 2805 1143 2829 FACESSVNT
1167 2804 1269 2837 supr.
1289 2804 1379 2828 vers.
1404 2792 1549 2828 faciunt
1571 2786 1742 2838 implenff·
1755 2793 1787 2827 T
1804 2792 1816 2838 Η

108 2849 151 2880 14
177 2846 227 2880 ad
251 2856 403 2879 »1Acv121s
428 2857 460 2883 Q.
489 2857 518 2878 vr.
544 2854 577 2879 A.
604 2854 704 2888 supr.
730 2853 819 2878 vers.
846 2842 884 2877 id
910 2842 968 2877 est
992 2840 1159 2877 maculas
1184 2840 1288 2876 albas
1314 2839 1456 2876 habens
1486 2839 1520 2874 T
1533 2841 1545 2887 ΙΙ
1564 2840 1683 2885 figura
1710 2841 1815 2886 (figu-

105 2903 164 2927 ras
190 2891 342 2936 Daniel)
368 2889 527 2926 maculis
553 2889 658 2926 albas
684 2890 826 2925 habens
852 2888 900 2933 F,
925 2889 1068 2924 correxi
1097 2890 1109 2933 ΙΙ
1149 2891 1191 2923 15
1217 2888 1289 2923 hoc
1315 2887 1364 2923 sit
1389 2887 1622 2924 macularum
1646 2888 1683 2922 R
1721 2889 1814 2922 haec

105 2940 154 2975 sit
178 2940 410 2974 macularum
435 2938 470 2973 L
493 2939 506 2985 ΙΙ
538 2938 688 2984 natura]
714 2948 780 2973 om.
807 2936 886 2971 RL
912 2936 1011 2982 (add.
1039 2937 1078 2982 l),
1104 2936 1335 2971 macularum
1361 2935 1406 2970 H
1433 2936 1444 2981 ΙΙ
1478 2939 1521 2970 17
1547 2935 1597 2970 ad
1622 2946 1814 2975 emsa-onn

106 3001 138 3022 rr.
159 2999 192 3022 a.
214 2998 247 3022 A.
267 2999 299 3021 n.
325 2997 426 3031 supr.
452 2997 543 3022 vers.
569 2985 667 3031 tegit
691 2984 801 3020 illum
826 2983 937 3030 galea
963 2982 1112 3019 cristras
1138 2983 1290 3019 rubreas
1316 2983 1396 3028 (sic)
1421 2982 1564 3018 habens
1594 2982 1627 3017 T
1641 2984 1653 3028 ΙΙ
1686 2986 1729 3017 18
1755 2994 1813 3017 ru-

106 3034 197 3069 bans
222 3033 262 3068 F
287 3035 299 3079 ΙΙ
333 3037 376 3069 19
403 3033 516 3069 erista
541 3033 653 3068 rubra
677 3032 714 3067 R
745 3033 756 3078 ΙΙ
789 3035 832 3067 21
861 3032 909 3068 ad
934 3044 978 3066 su
1002 3042 1036 3067 A.
1062 3042 1162 3075 supr.
1189 3041 1278 3067 vers.
1305 3030 1455 3075 eclipsis
1482 3031 1540 3066 est
1563 3028 1813 3066 festinationis

108 3080 368 3126 exprimendae
394 3080 517 3126 gratia
541 3080 642 3116 facta
665 3080 698 3115 T
714 3081 726 3127 11
746 3083 791 3115 28
817 3078 1056 3115 reddiderant
1081 3077 1288 3124 Stephanus
1308 3078 1453 3122 primus
1472 3078 1484 3125 ΙΙ
1503 3089 1526 3113 a
1552 3076 1724 3112 claritate
1752 3087 1813 3111 vo-

109 3126 161 3163 cis
186 3139 253 3164 om.
279 3128 314 3163 R
344 3129 357 3175 ΙΙ
393 3132 438 3163 30
463 3127 689 3174 principium
713 3137 872 3173 pugnae.
921 3126 1032 3162 hasta
1055 3125 1094 3161 in
1119 3125 1286 3161 hostium
1319 3125 1410 3160 fines
1441 3125 1556 3160 missa
1580 3124 1816 3159 indicabatur

108 3174 331 3220 principium
369 3186 515 3221 pugnae
552 3177 637 3221 post
673 3175 828 3211 tertium
866 3175 991 3210 autem
1023 3174 1062 3210 et
1091 3172 1321 3209 tricesimum
1357 3171 1458 3208 diem
1484 3202 1492 3210 .
1514 3200 1523 3209 .
1546 3200 1552 3208 .
1579 3172 1812 3218 primamque

109 3221 263 3258 deorum
287 3222 462 3259 tellurem
485 3223 567 3260 hab.
592 3223 624 3258 T
647 3224 659 3270 ΙΙ
686 3222 910 3259 tricisimum
934 3221 975 3257 F
997 3222 1105 3267 (corr.
1131 3232 1228 3257 man.
1254 3220 1338 3266 rec.)

1847 642 1867 671 5

1848 998 1891 1029 10

1847 1357 1889 1388 15

1844 1717 1890 1748 20

1843 2432 1888 2463 30
