2092 3614
556 220 724 278 'COMM
751 240 804 276 1N
830 239 975 276 Vnae.
1002 239 1114 276 AEN.
1140 238 1175 274 x
1200 241 1403 275 852—885.
1755 237 1843 279 473

132 353 329 396 dominos
355 352 562 408 Teucros,
594 351 758 394 sicilicet
783 350 986 407 ignavos:
1017 363 1119 391 nam
1144 348 1227 391 hoc
1252 348 1547 405 intellegimus
1574 362 1625 389 ex
1651 361 1702 390 eo
1729 348 1843 404 quod

132 424 241 467 dixit
273 439 382 480 equo
417 422 710 466 ‘forizissime'.
759 422 1016 478 plerumque
1047 420 1161 463 enim
1196 435 1248 462 ex
1280 420 1459 462 alterius
1491 432 1701 475 personae
1732 420 1843 462 viiu—

130 496 355 552 peratione
387 496 457 539 vel
488 495 636 550 laude,
675 494 778 550 quid
809 494 859 536 de
893 493 979 536 alia
1011 492 1197 547 dicatur,
1229 492 1523 548 agnoscimus,
1555 493 1604 534 ub
1632 491 1715 534 hoc
1746 491 1841 534 loco

131 567 342 611 Troianos
374 567 641 623 vituperatos
669 581 721 608 ex
747 565 845 621 equi
869 564 996 607 laude
1022 564 1337 620 cognoscimus.
1380 563 1488 606 item
1513 563 1619 605 alibi
1645 578 1666 605 e
1693 567 1843 605 contra

130 638 220 693 <IV
252 639 368 694 215>
402 641 452 681 et
488 652 619 681 nunc
657 637 748 679 ille
780 636 949 692 Paris,
992 635 1156 678 scilieet
1188 634 1374 678 adulter:
1411 649 1512 677 nam
1550 635 1627 677 illo
1665 635 1759 677 loco
1792 650 1843 677 ex
1869 641 1889 672 5

130 725 317 766 persona
346 709 514 753 Paridis
546 708 817 764 vituperassur
848 708 1033 754 Aeneas.

250 782 348 825 867.
398 791 631 824 EXCEPTVS
659 790 815 823 TERGO
850 793 959 835 equo
992 794 1039 822 se
1064 778 1299 835 praebente
1333 779 1576 833 susceptus:
1611 779 1724 833 quod
1750 779 1844 821 fieri

130 854 380 909 plerumque
412 852 710 908 conspicimus.

248 926 347 969 868.
396 935 579 968 IACVLIS
618 935 850 967 ONERAVIT
888 934 930 965 A.
976 922 1163 965 avidissas
1206 921 1436 965 saevientis
1480 921 1754 978 exprimi'our‚
1797 925 1847 964 ub

130 996 313 1052 saepius.
1870 1001 1914 1032 10

249 1068 347 1112 869.
396 1085 502 1111 AERE
526 1085 650 1112 GAPVT
673 1084 853 1111 FVLGENS
876 1067 976 1121 quia
999 1079 1130 1120 supra
1150 1065 1297 1120 <835>
1316 1065 1496 1120 procul
1519 1079 1665 1108 aerea
1689 1066 1847 1108 ramis

128 1141 362 1195 dependet
387 1139 543 1194 yalea.

249 1212 345 1255 871.
405 1228 474 1254 νΝο
498 1228 545 1254 IN
567 1228 690 1254 oozam:
713 1228 840 1254 onon
872 1209 984 1252 ‘uno’
1017 1213 1155 1252 autem
1179 1223 1261 1263 pro
1291 1210 1436 1252 eodem.
1487 1209 1618 1252 tribus
1648 1223 1739 1252 vero
1771 1211 1845 1252 ad-

124 1283 295 1336 fectibus
325 1282 610 1326 conturbatum
639 1283 865 1338 siqniffleat,
888 1282 1067 1337 pudore,
1098 1281 1185 1336 ira,
1217 1280 1368 1333 dolore,
1400 1294 1504 1335 quae
1526 1281 1716 1335 potentia
1747 1285 1847 1324 sunt

127 1355 307 1410 simula.
704 1392 706 1395 .
1873 1360 1915 1392 15

249 1425 349 1469 875.
398 1442 460 1469 sm
487 1443 612 1469 PATER
643 1443 737 1469 ILLE
765 1443 819 1468 DE
827 1442 879 1468 VM
907 1421 1050 1468 mezu
1084 1418 1179 1467 bene
1214 1425 1261 1466 in
1297 1424 1524 1478 perniciem
1561 1425 1845 1479 contemptoris

128 1498 296 1541 deorwm
326 1498 420 1541 deos
450 1498 623 1540 invocat.
744 1514 805 1541 sm
834 1514 959 1540 ALTVS
989 1513 1135 1540 APOLLO
1165 1499 1241 1538 aut
1270 1495 1512 1538 venerabilis
1519 1509 1533 1546 ,·
1566 1499 1641 1538 aut
1670 1497 1767 1548 quia
1799 1497 1845 1539 m

127 1569 277 1612 eoeeelso
310 1570 392 1612 loco
424 1572 677 1611 consecratus
708 1572 776 1612 est.

247 1641 346 1684 876.
396 1657 567 1684 nvcffms
596 1641 703 1684 deest
732 1639 826 1683 (αι’.
919 1650 1119 1683 INFESTA
1145 1650 1300 1682 HAs'rA
1332 1639 1379 1681 in
1410 1639 1563 1682 vulnus
1595 1640 1767 1695 parata,
1799 1640 1844 1681 id

128 1715 194 1755 est
226 1715 440 1768 proseuta.
1045 1720 1059 1730 ·
1870 1720 1915 1751 2ο

247 1785 345 1827 879.
396 1796 491 1835 QVA
528 1795 745 1826 PERDERE
784 1795 951 1826 Posses
990 1783 1111 1826 deest
1148 1782 1278 1825 ‘me'z
1322 1797 1425 1825 nam
1467 1783 1550 1825 hoc
1594 1782 1716 1838 dicit,
1758 1783 1843 1826 nisi

128 1851 318 1899 extincto
353 1856 443 1898 filio
479 1856 599 1898 nulla
632 1870 676 1897 se
708 1855 876 1898 raffione
908 1855 1100 1911 potuisse
1134 1855 1341 1909 superari.

246 1928 344 1971 880.
394 1939 485 1971 Nnc
516 1939 668 1969 DIVVM
696 1938 926 1969 PARcmvs
953 1938 1065 1969 VLLI
1096 1926 1169 1969 hoc
1199 1927 1305 1982 ideo,
1338 1926 1440 1982 quia
1470 1925 1640 1968 Aeneas
1672 1927 1841 1969 invoca-

126 2002 247 2041 veraiz
279 1999 400 2055 deos,
432 2002 480 2041 ui:
511 1998 589 2042 ‘sic
621 2001 745 2054 pater
776 1998 852 2041 ille
885 1998 1012 2040 deum
1043 1998 1195 2054 faciat,
1228 1998 1289 2040 sic
1322 1998 1437 2040 altus
1470 1996 1660 2054 Apollo’.

247 2071 344 2113 881.
395 2083 565 2114 DESINE
607 2071 772 2113 scilicet
803 2072 987 2113 mortem
1026 2069 1199 2112 minari:
1245 2069 1450 2125 quoniam
1488 2069 1673 2111 libenter
1710 2069 1841 2112 mori·
1867 2077 1914 2110 25

125 2144 249 2184 turus
283 2142 466 2185 advenit.

246 2214 345 2257 883.
395 2231 494 2258 [ΝΜ]
522 2231 644 2257 ALIVD
675 2214 721 2256 id
752 2216 811 2256 est
839 2214 939 2256 iacit
970 2213 1105 2256 telum.

246 2285 344 2328 884.
394 2297 523 2328 VMBO
557 2287 744 2328 scutum:
775 2299 877 2327 nam
910 2300 935 2327 a
966 2286 1090 2339 parsse
1122 2286 1265 2327 totum
1296 2283 1605 2340 intellegimus.

246 2356 344 2399 885.
395 2374 467 2400 ma
496 2374 641 2400 omem
674 2357 888 2399 enarravit
925 2357 1026 2411 quid
1062 2359 1162 2399 esset
1194 2355 1371 2412 ‘iwyenti
1397 2355 1534 2411 yyro'.
1655 2367 1837 2399 LAEVOS

221 2514 263 2545 21
292 2521 378 2545 nam
405 2538 412 2546 .
434 2539 441 2546 .
463 2538 470 2545 .
499 2509 681 2557 superari]
716 2509 761 2545 cf.
788 2508 951 2546 Macrob.
980 2509 1056 2545 Sat.
1083 2509 1134 2544 IV
1160 2512 1199 2554 45
1221 2511 1267 2544 24

221 2657 242 2688 2
269 2663 364 2698 equo
391 2663 456 2688 om.
479 2652 514 2688 R
532 2654 544 2698 ΙΙ
563 2656 584 2687 3
611 2652 684 2688 alio
703 2652 777 2688 AS
794 2655 807 2699 ΙΙ
825 2654 868 2688 ub
893 2682 902 2690 .
923 2679 930 2687 .
953 2679 960 2687 .
988 2652 1245 2698 cognoscimus
1270 2663 1336 2688 om.
1356 2651 1431 2687 AS
1447 2652 1460 2697 ΙΙ
1479 2655 1499 2687 5
1527 2651 1581 2697 et]
1608 2652 1650 2686 ub
1673 2651 1806 2687 RLH
1825 2652 1836 2698 ΙΙ

126 2713 211 2735 nam
236 2699 340 2735 illico
360 2700 400 2735 F
416 2701 428 2747 ΙΙ
447 2704 467 2735 7
494 2701 673 2746 exceptus
693 2700 830 2736 ASFl
847 2702 860 2746 ΙΙ
880 2704 901 2736 8
928 2698 1191 2746 conspicimus]
1217 2700 1257 2735 in
1282 2699 1530 2735 consuefactis
1557 2699 1836 2744 (mansuefacizis

126 2748 348 2793 Masvicius)
375 2746 479 2792 equis
505 2748 590 2783 add.
616 2747 656 2781 D
674 2748 687 2793 ΙΙ
718 2752 738 2783 9
764 2750 807 2783 ut
831 2759 897 2784 om.
924 2747 1056 2782 RLH
1061 2748 1110 2782 M
1134 2749 1232 2793 (add.
1258 2748 1317 2793 1)ss
1349 2751 1389 2782 11
1419 2754 1507 2782 aera
1533 2747 1566 2782 G
1584 2748 1596 2792 ΙΙ
1620 2746 1751 2792 ramis]
1778 2758 1834 2781 ar-

123 2796 193 2832 mis
219 2795 259 2831 F
275 2797 287 2842 ΙΙ
314 2796 363 2831 ad
388 2807 538 2831 RAPIDVS
566 2795 611 2840 (v.
639 2797 722 2840 870)
749 2795 867 2831 iratus
895 2799 960 2830 aut.
985 2795 1118 2830 ardens
1144 2795 1352 2841 cupiditate
1378 2794 1583 2830 dimicandi
1611 2793 1644 2828 Τ
1660 2795 1673 2840 ΙΙ
1706 2798 1748 2829 13
1774 2807 1834 2830 Pv—

122 2844 209 2890 non]
236 2844 274 2879 et
299 2845 370 2888 rtq.
397 2843 483 2879 add.
510 2842 545 2878 G
569 2843 581 2889 ΙΙ
614 2846 658 2877 14
683 2842 825 2887 pedore
854 2841 889 2878 Cr*
916 2843 928 2889 ΙΙ
959 2843 1008 2878 ad
1031 2855 1101 2878 vno
1125 2855 1150 2878 1.
1177 2857 1206 2878 c.
1233 2854 1260 2878 s.
1286 2854 1317 2879 v.
1342 2843 1381 2878 id
1408 2844 1464 2878 esh
1490 2843 1528 2877 in
1554 2842 1683 2877 eodem
1712 2842 1833 2885 corde,

124 2892 173 2926 ad
190 2903 222 2927 v.
241 2894 309 2927 871
329 2892 372 2926 in
391 2901 504 2936 mary.
531 2890 650 2925 tribus
676 2889 871 2925 affecffibus
970 2889 1097 2926 dolore
1123 2901 1218 2935 quae
1244 2902 1310 2936 per
1335 2901 1374 2925 sc
1399 2889 1603 2935 plurimum
1628 2890 1757 2925 ualent
1774 2889 1806 2923 T
1823 2888 1833 2935 ΙΙ

126 2941 169 2973 15
194 2950 226 2974 v.
253 2942 322 2974 873
349 2951 415 2973 <rme
439 2938 478 2973 id
505 2938 562 2973 est
587 2936 735 2983 saepius
762 2937 799 2972 D
818 2938 830 2983 ΙΙ
851 2941 894 2972 16
920 2937 1015 2973 bene
1042 2965 1049 2973 .
1071 2965 1079 2973 .
1102 2966 1108 2972 .
1135 2937 1287 2974 invocat
1311 2938 1392 2974 hab.
1423 2938 1456 2971 T
1472 2938 1485 2983 ΙΙ
1516 2941 1557 2973 17
1585 2938 1634 2972 ad
1660 2950 1713 2972 sm
1739 2949 1773 2973 A.
1799 2949 1830 2971 A.

123 2997 150 3020 s.
171 2997 203 3021 v.
223 2986 448 3021 uenerabilis
474 2987 540 3021 aut
564 2984 628 3030 qui
653 2986 691 3020 in
718 2985 861 3020 excelso
887 2984 971 3020 loco
997 2985 1054 3020 esf,
1076 2986 1313 3021 consecraizus
1335 2985 1368 3020 T
1384 2986 1397 3031 ΙΙ
1415 2985 1610 3020 uenerabis
1632 2984 1672 3019 F
1687 2985 1699 3029 ΙΙ
1720 2988 1763 3019 19
1783 2985 1834 3019 ad

123 3045 275 3068 monus
299 3044 327 3069 s.
347 3045 379 3069 v.
407 3033 552 3069 scilicet
574 3034 618 3067 ut
639 3032 672 3067 T
689 3033 701 3079 ss
720 3036 765 3068 20
790 3032 980 3078 protenta]
1006 3034 1182 3078 portenta
1199 3033 1236 3067 R
1273 3033 1407 3078 parata
1432 3032 1485 3076 H,
1510 3032 1550 3067 id
1576 3034 1634 3067 est
1658 3034 1833 3077 protenta

124 3091 190 3117 om.
217 3081 250 3114 L
281 3081 433 3126 (add-l)
470 3082 482 3128 ΙΙ
519 3085 563 3116 22
589 3079 694 3115 nulla
723 3079 889 3125 potuisse
921 3079 1085 3124 potuisse
1118 3080 1262 3116 ratione
1288 3081 1324 3117 A
1360 3080 1481 3125 (prius
1506 3078 1672 3124 posuisse
1700 3079 1764 3114 del.
1792 3080 1829 3121 α)

123 3127 227 3162 nulla
251 3128 416 3172 polanisse
442 3127 586 3164 racione
613 3127 642 3163 S
674 3128 779 3162 nulla
804 3138 842 3161 se
868 3126 1031 3171 potuisse
1056 3127 1203 3163 ratione
1222 3127 1263 3162 F
1278 3128 1290 3173 ΙΙ
1310 3131 1355 3162 26
1382 3126 1537 3162 aduenit
1556 3127 1611 3162 H:
1638 3125 1774 3160 adueni
1794 3125 1830 3160 R

124 3174 282 3210 aduenio
302 3175 374 3210 AS
382 3176 429 3210 M
437 3175 478 3211 F
512 3174 671 3211 aduenio
691 3175 738 3219 L,
763 3174 824 3210 sed
849 3185 871 3210 o
895 3175 938 3209 in
961 3185 1034 3211 ras.
1058 3176 1100 3229 ll}
1119 3179 1162 3210 27
1190 3176 1240 3210 ad
1264 3187 1348 3209 mun
1372 3186 1405 3209 A.
1432 3185 1459 3210 s.
1486 3186 1517 3209 v.
1545 3173 1688 3209 sciliceb
1711 3173 1829 3208 telum

123 3221 213 3258 iecit
242 3223 274 3257 Τ
289 3223 303 3268 ΙΙ
329 3226 374 3258 29
401 3224 450 3259 ad
475 3235 542 3259 TER
568 3235 597 3257 c.
624 3234 652 3258 s.
678 3234 709 3258 v.
735 3234 833 3258 nunc
858 3222 1011 3268 exponib
1035 3223 1125 3267 qmd
1152 3222 1199 3258 sit.
1223 3221 1368 3268 ingenti
1393 3221 1474 3267 giro
1504 3221 1536 3255 T
1553 3222 1564 3267 ΙΙ
1584 3235 1626 3255 ΤΕ
1653 3220 1686 3255 G
