2092 3614
561 281 711 318 COMM.
739 281 791 318 IN
816 280 958 317 VERG.
987 281 1097 317 AEN.
1125 281 1175 316 Χῐ
1202 284 1401 317 485—502.
1745 279 1832 322 539

246 390 344 432 492.
395 402 563 441 QVALIS
607 403 685 433 vm
729 402 956 434 ABRVPTIS
994 402 1136 433 FVGIT
1173 402 1432 433 PRAESEPIA
1470 401 1655 432 vmcms
1701 389 1832 431 etiam

127 461 232 503 haec
265 462 530 517 comparatio
565 462 743 504 Homeri
775 465 857 516 est,
889 463 1067 505 verbum
1100 462 1154 504 ad
1186 463 1363 504 verbum
1396 461 1620 504 translata.

245 533 344 575 493.
395 545 592 576 POTITVS
628 534 745 576 venit
777 536 830 575 ab
863 549 912 576 eo
947 533 1061 589 quod
1093 536 1159 575 est
1192 532 1352 588 ‘potior
1383 532 1572 588 potiris':
1610 547 1712 574 nam
1744 531 1834 586 <IV

128 605 242 658 5217>
283 605 533 647 subnixus
572 607 721 659 rapto
759 606 976 660 potitur,
1013 606 1121 647 venit
1158 605 1211 647 ab
1244 619 1294 646 eo
1328 605 1441 660 quod
1474 607 1539 646 est
1571 604 1729 660 ‘potior
1759 618 1835 659 po-

127 674 266 717 teris':
306 689 425 731 nam,
464 679 511 718 ut
549 675 680 718 etiam
720 691 852 731 supra
889 675 980 730 <ΙΙΙ
1014 676 1098 731 56>
1137 673 1338 727 diximus,
1376 677 1551 718 verbum
1590 676 1672 717 hoc
1704 674 1833 716 modo

127 746 293 801 tertiae,
325 748 452 789 modo
484 749 663 802 quartae
695 747 910 789 invenitur
942 761 1036 789 esse
1068 747 1399 802 coniugationis.

246 817 345 861 495.
388 835 470 861 AVT
504 835 708 861 aosvews
746 835 879 865 AQVAE
916 819 1092 872 fiyurate
1131 818 1276 872 ‘aquae
1313 817 1542 860 adsuetus':
1580 821 1655 859 aut
1690 816 1836 870 ‘aquae

127 889 298 942 flumine
320 889 521 942 perfundi
551 888 771 932 adsuetus’.
1324 945 1326 947 -

246 960 345 1002 496.
396 971 719 1011 ARREGTISQVE
747 972 919 1002 FREM1T
946 972 1219 1004 CERvicmvs
1246 973 1369 1003 ALTE
1402 960 1506 1003 ‘alte
1538 961 1715 1003 arrectis
1747 975 1834 1003 cer-

129 1031 295 1073 vicibus
328 1031 501 1087 fremit',
533 1047 621 1074 non
653 1031 755 1073 ‘alte
788 1031 962 1086 fremit’,
995 1035 1069 1074 aut
1102 1032 1201 1074 ‘alte
1233 1032 1484 1075 luxurians'.
1539 1033 1709 1086 quidam
1739 1046 1836 1074 sane

131 1102 377 1145 ‘cervicibus'
403 1104 567 1157 plurali
597 1117 766 1146 numero
796 1105 1016 1146 secundum
1047 1107 1191 1146 veteres
1222 1105 1376 1146 dictum
1406 1105 1557 1159 volunt,
1591 1108 1628 1146 et
1657 1104 1835 1146 Horten-

127 1174 238 1216 sium
267 1175 457 1228 primum
493 1175 700 1229 sinyulari
736 1189 906 1217 numero
939 1174 1175 1231 ‘cervicem',
1212 1177 1320 1218 unde
1351 1174 1583 1218 Ciceronem
1620 1176 1834 1218 cervicu-

131 1245 227 1287 lam
257 1246 401 1287 illum
432 1246 737 1288 iactaturum
769 1247 940 1289 tradunt
969 1247 1130 1289 dixisse.

248 1317 346 1359 500.
396 1334 509 1360 Desa
519 1334 583 1360 νιΤ
614 1318 687 1360 hoc
723 1320 780 1360 ad
812 1317 948 1360 Turni
977 1318 1168 1361 honorem
1200 1319 1398 1372 refertur:
1436 1321 1629 1373 quattuor
1658 1333 1836 1372 namque

124 1392 243 1431 erant
271 1390 386 1443 apud
405 1388 617 1431 Romanos
647 1404 750 1443 quac
774 1391 832 1432 ad
854 1390 1206 1445 honorificentiam
1224 1391 1507 1445 pertinebant:
1539 1404 1636 1444 equo
1662 1391 1835 1445 desilire,

125 1463 247 1514 caput
276 1461 454 1514 aperire,
486 1461 554 1503 via
585 1451 777 1518 decedere,
808 1463 1035 1516 adsuryere.
1097 1462 1169 1504 lzoc
1199 1463 1322 1505 etiam
1353 1476 1569 1516 praecones
1592 1465 1836 1516 praeeuntes

126 1532 394 1585 niayistratus
430 1532 610 1574 clamare
640 1533 889 1576 dicebantur.
1013 1551 1157 1577 couoas
1180 1548 1259 1588 pro
1292 1533 1486 1576 ‘turma’.·
1523 1547 1624 1576 nam
1655 1523 1835 1587 equitum

127 1606 296 1657 turmae,
320 1604 506 1656 peditum
538 1604 714 1647 cohortes
744 1605 1019 1659 appellantur.
1043 1637 1046 1640 -

247 1674 345 1717 501.
395 1686 457 1716 AD
486 1687 673 1717 TERRAM
698 1688 938 1718 DEFval'r
972 1677 1148 1719 dicendo
1181 1676 1390 1719 ‘defluxit’
1416 1691 1499 1719 uno
1524 1676 1639 1719 verbo
1666 1676 1838 1719 absolvit

126 1746 373 1787 desilientem
405 1747 515 1797 equis
545 1747 873 1790 multitudinem:
912 1752 950 1790 et
978 1749 1039 1791 vel
1069 1749 1329 1803 celeritatem,
1366 1749 1427 1791 vel
1459 1751 1594 1790 artem
1629 1750 1673 1790 et
1705 1763 1835 1803 quan-

127 1817 226 1858 dam
264 1817 607 1860 moderationem
645 1833 694 1860 ac
722 1819 966 1872 facilitatem
998 1820 1280 1862 descendendi
1314 1820 1593 1876 significavit,
1632 1834 1740 1875 quae
1772 1821 1837 1861 est

127 1888 259 1930 etiam
290 1889 333 1930 in
368 1889 638 1931 ascendendo
673 1890 786 1944 apud
816 1891 944 1933 huius
976 1891 1039 1933 rei
1070 1891 1247 1946 peritos.

246 1959 344 2002 502.
394 1971 468 2002 SVI
506 1972 682 2003 MERrro
722 1972 762 2004 s1
800 1973 893 2013 QVA
931 1973 1014 2005 Es'r
1056 1973 1248 2004 FIDVCIA
1286 1974 1430 2005 FORTI
1470 1962 1506 2004 si
1543 1962 1836 2017 unusquisque

126 2030 254 2073 fortis
294 2030 427 2073 habet
466 2031 655 2086 aliquam
694 2032 1000 2074 confidentiam
1042 2047 1091 2075 ex
1131 2033 1394 2075 conscientia
1425 2033 1691 2076 fortitudinis
1724 2047 1837 2092 suae,

128 2105 171 2144 et
208 2116 288 2158 ego
329 2103 484 2144 audere
523 2118 611 2145 non
650 2103 812 2146 dubito.
874 2102 1022 2146 ‘forti'
1062 2106 1206 2146 autem
1246 2105 1351 2146 bene
1384 2104 1508 2146 dixit:
1545 2118 1645 2145 nam
1679 2103 1835 2146 ‘fortis'

131 2173 369 2215 communis
403 2176 469 2216 est
501 2175 681 2230 generis.
725 2174 832 2217 haec
865 2177 1011 2217 autem
1042 2175 1125 2218 hoc
1151 2176 1243 2218 vult
1270 2175 1421 2231 dicere,
1452 2190 1540 2218 non
1566 2190 1713 2217 sexum
1740 2189 1835 2217 con-

173 2364 190 2397 t
226 2319 268 2396 fi)
287 2314 563 2398 guiganhsane
592 2345 599 2351 .
622 2344 628 2351 .
654 2344 661 2351 .
688 2314 841 2362 dixisse]
872 2316 916 2351 cf.
936 2315 1022 2351 Isid.
1046 2328 1095 2352 or.
1117 2316 1165 2351 XI
1190 2321 1220 2361 1,
1242 2321 1281 2352 61
1306 2317 1318 2363 ΙΙ
1344 2321 1386 2350 12
1416 2315 1647 2363 Ciceronem]
1673 2316 1712 2351 in
1734 2315 1835 2352 Verr.

128 2373 170 2397 ac
193 2390 199 2397 .
311 2391 319 2407 ,
396 2392 403 2406 ,

226 2497 243 2527 1
273 2493 312 2527 et
335 2493 429 2528 haec
454 2493 494 2527 F
522 2494 534 2540 ΙΙ
570 2498 590 2528 2
618 2494 771 2529 uerbum
799 2494 846 2529 ad
872 2495 986 2530 uerba
1013 2494 1053 2529 F
1080 2497 1092 2541 n
1123 2495 1325 2542 translata]
1354 2497 1421 2541 (Il.
1448 2495 1499 2530 VI
1526 2497 1607 2541 506)
1635 2492 1683 2536 ὡς
1709 2492 1746 2531 δ’
1775 2492 1839 2530 ὅτε

129 2554 184 2580 τις
210 2538 341 2581 στατὸς
367 2541 478 2590 ἵππος
505 2570 512 2577 .
535 2568 542 2575 .
566 2570 573 2577 .
601 2541 664 2576 καὶ
690 2539 807 2587 νομὸν
834 2542 959 2576 ἵππων
985 2543 1069 2579 add.
1090 2542 1130 2577 D
1148 2545 1160 2588 ss
1190 2547 1210 2578 3
1238 2555 1322 2578 nam
1350 2571 1357 2578 .
1380 2571 1387 2578 .
1411 2570 1417 2577 .
1445 2543 1584 2589 poteris
1610 2554 1676 2579 om.
1704 2543 1804 2578 HM
1827 2543 1838 2590 Η

130 2591 152 2622 4
178 2587 353 2623 subnixos
378 2588 418 2622 F
442 2589 454 2634 ΙΙ
484 2588 616 2633 potiris
644 2588 684 2623 F
706 2591 718 2634 ΙΙ
749 2590 799 2625 ad
824 2602 966 2625 TANDEM
991 2591 1037 2634 (v.
1064 2591 1148 2635 493)
1175 2590 1239 2626 uix
1264 2590 1343 2626 siue
1369 2602 1453 2626 cum
1480 2591 1607 2627 labore
1638 2591 1670 2625 Τ
1697 2592 1710 2636 ΙΙ
1742 2595 1761 2626 7
1789 2593 1838 2627 ad

130 2646 246 2675 AQvAu
266 2649 295 2671 P.
317 2649 348 2670 F,
370 2649 401 2671 u.
421 2646 448 2670 s.
469 2647 500 2670 v.
523 2637 589 2671 aut
612 2636 772 2682 figurate
798 2638 966 2672 assuetus
992 2649 1112 2682 aquae
1139 2640 1203 2673 aut
1228 2648 1346 2683 aquae
1372 2638 1546 2683 perfundi
1571 2638 1722 2673 flumine
1747 2640 1837 2674 noto

130 2683 300 2718 assuetus
322 2682 354 2716 T
371 2683 382 2728 11
401 2682 560 2728 figurata
586 2694 727 2728 eaquae
748 2684 788 2719 F
802 2685 814 2729 ΙΙ
834 2686 899 2720 aut
924 2695 990 2721 om.
1006 2685 1053 2720 F.
1079 2686 1193 2729 fuisse
1211 2686 1382 2721 videntur
1406 2687 1471 2731 qui
1499 2686 1684 2721 ‘adsuetus
1704 2686 1834 2731 aquae’

130 2730 175 2765 ab
208 2730 478 2774 insequentibus
511 2735 740 2775 separarent,
778 2732 969 2776 ‘perfundi
1002 2734 1151 2776 flumine
1181 2734 1285 2768 noto’
1321 2734 1370 2768 ad
1404 2733 1567 2768 ‘emieat'
1605 2734 1789 2776 referrent.
1827 2732 1836 2779 14

131 2782 150 2812 9
177 2789 425 2817 Amchstvs
451 2778 523 2812 AS
547 2780 558 2822 u
592 2781 635 2812 10
659 2779 750 2825 non]
778 2779 879 2814 haud
905 2778 978 2815 AS
994 2780 1006 2824 ΙΙ
1036 2779 1163 2816 fremit
1188 2782 1253 2816 aut
1278 2781 1354 2816 alte
1380 2792 1448 2816 om.
1474 2781 1547 2816 AS
1572 2782 1583 2827 ΙΙ
1610 2779 1776 2816 luxuriat
1801 2780 1837 2814 R

130 2825 293 2859 luxurias
320 2825 362 2859 H
378 2826 389 2871 ΙΙ
411 2829 452 2859 12
481 2825 618 2870 singuli
644 2825 677 2860 G
696 2827 707 2872 ΙΙ
727 2826 952 2861 ceruiculum
978 2827 1018 2862 F
1034 2829 1045 2873 ΙΙ
1065 2829 1114 2863 ad
1139 2841 1347 2869 Lvnvu‘rqu
1374 2830 1419 2872 (v.
1440 2832 1524 2870 497)
1550 2829 1616 2864 aut
1639 2827 1774 2863 ludunt
1798 2827 1838 2863 id

132 2874 188 2907 est
214 2873 413 2907 mouentur
438 2874 503 2907 aut
527 2873 650 2907 lusum
677 2874 863 2918 quendam
888 2874 1083 2910 imitantur
1105 2876 1138 2909 T
1155 2877 1166 2922 ΙΙ
1189 2879 1231 2910 14
1257 2877 1327 2911 hoo
1354 2876 1402 2910 ad
1427 2875 1543 2911 Turni
1571 2906 1576 2911 .
1599 2901 1607 2910 .
1630 2903 1637 2910 .
1665 2875 1838 2912 diceban-

129 2922 190 2954 tur
214 2920 295 2955 hab.
322 2920 382 2964 '1'ss
416 2924 458 2955 15
484 2920 583 2965 apud
609 2930 782 2956 romanos
809 2924 915 2956 erant
943 2922 975 2956 Τ
992 2923 1004 2967 ΙΙ
1032 2924 1141 2957 erunt
1165 2923 1204 2958 F
1220 2925 1231 2970 11
1263 2924 1326 2970 ad]
1354 2924 1402 2958 ab
1428 2923 1469 2958 F
1484 2925 1496 2970 ss
1527 2923 1740 2968 pertinebat
1768 2922 1802 2958 G
1826 2922 1837 2969 ΙΙ

134 2972 175 3002 16
203 2967 323 3012 capud
350 2966 417 3013 Fu
437 2967 608 3003 decidere
638 2967 806 3014 Fsshoc]
835 2967 882 3003 bo
910 2969 943 3003 G
962 2971 973 3015 ss
1005 2973 1046 3005 17
1073 2971 1359 3016 magistraturus
1387 2971 1421 3006 G
1440 2973 1451 3018 ΙΙ
1477 2972 1525 3006 ad
1549 2983 1580 3006 v.
1610 2975 1678 3006 500
1705 2972 1836 3006 cohors

130 3014 170 3048 id
195 3017 253 3049 est
276 3016 400 3050 turma
427 3043 434 3050 .
457 3043 463 3050 .
488 3043 494 3050 .
522 3015 768 3060 appellantur.
807 3017 931 3050 turma
965 3019 1090 3052 autem
1115 3030 1225 3054 xxxw
1252 3018 1396 3062 equites
1429 3018 1635 3063 antiquitus
1662 3017 1835 3054 diceban-

130 3063 191 3096 tur
221 3061 278 3107 ΤΙΙ
297 3073 386 3096 num
412 3062 451 3097 F
467 3064 479 3108 Η
511 3066 553 3097 19
580 3062 736 3097 adfluxit
761 3063 806 3097 H
840 3062 1000 3099 defulxit
1026 3065 1073 3099 M
1090 3066 1103 3110 ΙΙ
1122 3066 1171 3100 ad
1196 3078 1372 3100 nnsnvxir
1398 3076 1425 3100 s.
1446 3077 1477 3101 v.
1504 3066 1575 3101 hoc
1600 3065 1714 3101 uerbo
1741 3066 1836 3100 cele-

130 3109 282 3143 ritatem
308 3109 492 3155 expressit
516 3109 577 3145 uel
604 3110 789 3154 quandam
816 3112 933 3145 artem
959 3111 1208 3148 descendendi
1231 3113 1263 3147 Τ
1279 3114 1292 3157 ss
1310 3116 1356 3147 20
1381 3113 1606 3148 disilientem
1628 3112 1750 3157 etquis
1771 3111 1812 3147 F
1828 3112 1838 3158 ΙΙ

132 3160 175 3191 21
196 3155 417 3191 felicitatem
435 3158 484 3201 F,
504 3169 594 3194 corr.
611 3157 748 3192 Daniel
767 3160 778 3203 ΙΙ
798 3157 971 3193 descendi
985 3159 1099 3194 ΑΒΕ
1120 3162 1225 3203 (corr.
1239 3162 1270 3201 s)
1304 3159 1595 3195 decendentibus
1616 3160 1659 3194 H
1687 3160 1836 3195 descen-

133 3203 222 3238 dens
244 3202 284 3237 F
299 3205 310 3250 ΙΙ
329 3207 373 3239 22
400 3206 437 3239 in
464 3217 529 3241 om.
546 3205 585 3239 F
601 3208 613 3251 ΙΙ
632 3205 686 3240 rei
711 3216 776 3240 om.
793 3205 832 3240 F
848 3206 859 3251 ΙΙ
879 3209 922 3241 23
949 3218 1043 3242 unus
1064 3207 1145 3252 quis
1166 3207 1239 3242 AS
1257 3208 1268 3253 ΙΙ
1288 3211 1333 3242 24
1359 3207 1467 3244 fortis
1487 3219 1551 3243 om.
1569 3207 1607 3242 1⁴¹
1624 3208 1635 3253 ΙΙ
1654 3211 1698 3242 26
1726 3207 1833 3254 haec]

131 3251 192 3285 hic
216 3251 265 3294 R,
289 3252 443 3295 fortasse
466 3256 558 3288 recte

1863 1039 1905 1070 10

1863 1397 1906 1428 15

1861 1755 1907 1786 20

1863 2112 1907 2143 25
