2092 3614
563 247 712 284 COMM.
738 247 793 285 IN
817 247 962 285 VERG.
991 247 1103 285 AEN.
1128 247 1180 283 XI
1205 251 1405 284 244-246.
1755 249 1842 292 505

129 358 179 399 et
214 357 372 398 terris
410 357 647 400 iactatus·
678 359 727 400 et
766 358 888 400 alto:
928 359 1005 400 aut
1042 358 1078 400 si
1117 356 1329 400 Graecum
1369 359 1661 402 accusativum
1699 359 1841 402 facere

128 427 402 484 voluerimus,
435 428 674 472 ‘Diomede'
706 429 921 486 legamus,
953 432 1003 472 ut
1032 429 1172 484 possit
1202 430 1296 472 fieri
1325 431 1571 486 synatha,
1604 431 1715 474 sicut
1747 431 1840 487 <IX

96 542 99 546 ,
127 498 243 554 388>
275 498 505 555 Euryale
537 500 743 557 infelix,
775 516 871 557 qua
902 503 950 543 te
982 501 1193 557 regione
1225 502 1448 557 reliqui?
1482 503 1518 544 si
1551 505 1696 545 autem
1722 502 1840 546 ‘Dio-

127 570 296 613 meden'
328 571 578 629 dixerimus,
611 587 690 614 nec
720 571 925 615 Latinum
958 575 1042 628 est,
1072 587 1150 616 nec
1182 571 1404 629 Graecum,
1435 588 1513 616 nec
1545 589 1692 617 versus
1723 575 1837 618 ratio

127 643 348 686 consistit:
379 657 614 699 numquam
649 643 763 686 enim
795 644 1020 700 ecthlipsis
1050 644 1101 686 fit
1131 659 1208 700 per
1240 631 1303 686 ‘n'¹
1326 645 1529 688 litteram.
1579 649 1725 689 tamen
1750 662 1838 689 me-
1865 658 1885 689 5

126 713 211 756 lius
244 717 311 757 est
342 717 392 757 ut
418 714 659 757 ‘Diomede'
691 716 901 772 legamus,
933 718 982 758 ut
1014 716 1071 758 sit
1103 715 1292 759 Graecus
1325 718 1609 760 accusativus.
1658 718 1837 760 nomina

125 786 240 828 enim
273 785 438 829 Graeca
472 786 517 828 in
550 786 632 841 “ης’
665 787 877 843 exeuntia,
910 801 1019 844 quae
1052 788 1302 844 genetivum
1334 788 1379 831 in
1412 788 1513 840 ‘sog'
1547 790 1730 832 mittunt
1760 805 1837 845 per

124 857 295 912 plenam
338 858 644 914 elocutionem,
687 873 784 901 cum
829 859 1011 902 eundem
1049 874 1196 902 casum
1239 874 1317 915 per
1356 861 1606 916 synaeresin
1642 861 1688 903 in
1725 861 1834 912 ‘ovg'

123 929 331 985 miserint,
365 930 656 973 accusativum
688 930 734 972 in
765 929 823 985 ἠ’
858 931 1038 973 mittant
1068 945 1242 974 necesse
1276 935 1355 987 est,
1386 931 1481 975 ideo
1510 933 1611 988 quia
1637 947 1734 977 cum
1759 948 1833 974 na-

121 1003 265 1044 turam
298 1016 420 1044 suam
455 1004 647 1055 servant,
681 1002 972 1045 accusativum
1004 1003 1049 1044 in
1081 1003 1274 1046 vocalem
1307 1003 1504 1060 mittunt,
1536 1019 1623 1047 non
1654 1004 1701 1046 in
1733 1019 1834 1047 con-
1863 1019 1905 1049 10

121 1075 363 1129 sonantem,
395 1075 438 1115 et
470 1072 597 1115 debet
623 1074 865 1129 synaeresis
890 1074 1172 1130 plenitudinis
1201 1090 1371 1118 servare
1396 1076 1630 1119 rationem:
1662 1079 1711 1119 ut
1738 1091 1833 1119 ecce

122 1142 355 1200 Διομήδης
387 1145 516 1200 plena
542 1144 773 1188 declinatio
801 1148 867 1188 est
891 1146 973 1189 τοῦ
1000 1144 1255 1202 Διομήδεος
1280 1147 1340 1206 τῷ
1368 1145 1590 1203 Διομήδει
1616 1145 1696 1191 τὸν
1724 1151 1831 1191 Διο-

119 1213 275 1271 μήδεα,
306 1231 383 1272 per
415 1217 661 1272 synaeresin
694 1219 839 1259 autem
869 1217 975 1260 facit
1004 1218 1085 1261 τοῦ
1118 1216 1381 1274 Διομήδους
1410 1220 1471 1279 τῷ
1498 1217 1725 1276 Διομήδει
1751 1217 1831 1262 τὸν

119 1285 341 1344 Διομήδη.
404 1302 506 1345 ergo
543 1289 615 1331 hic
652 1289 919 1332 accusativus
958 1289 1055 1332 ideo
1092 1291 1138 1332 in
1176 1290 1233 1346 (η’
1274 1291 1380 1346 exit,
1419 1306 1506 1334 non
1544 1292 1588 1334 in
1620 1291 1690 1347 ςν’,
1729 1293 1831 1347 quia

119 1376 216 1403 cum
247 1360 464 1416 integrum
497 1362 564 1403 est
593 1360 675 1403 hoc
699 1375 870 1417 nomen,
902 1361 947 1403 in
974 1361 1075 1412 ἐσς’
1103 1362 1191 1404 exit
1217 1365 1260 1405 et
1286 1363 1442 1406 crescit
1467 1364 1558 1405 eius
1584 1364 1828 1419 genetivus:
1858 1376 1901 1408 15

118 1433 155 1474 si
194 1432 309 1474 enim
347 1431 611 1487 isosyllabus
650 1432 707 1475 sit
743 1432 1033 1489 nominativo,
1070 1429 1365 1477 accusativum
1403 1435 1448 1476 in
1488 1434 1546 1476 ‘v'
1580 1435 1720 1477 mittit
1750 1450 1829 1477 nec

116 1504 250 1546 habet
282 1502 339 1546 ‘6'
372 1503 418 1545 in
450 1491 674 1560 genetivo,
694 1505 743 1546 ut
770 1505 1064 1560 Θουκυδίδης,
1096 1506 1179 1548 τοῦ
1210 1507 1513 1562 Θουκυδίδου,
1544 1504 1625 1549 τὸν
1657 1509 1828 1549 Θουκυ-

116 1575 267 1630 δίδηνε
303 1590 404 1618 nam
439 1572 674 1630 Διομήδης
711 1575 807 1618 ideo
846 1576 891 1618 in
922 1577 1123 1633 genetivo
1157 1576 1208 1628 ‘g’
1240 1577 1391 1634 habet,
1429 1578 1531 1634 quia
1562 1581 1606 1621 et
1638 1593 1735 1621 cum
1766 1579 1827 1621 in-

114 1648 286 1702 tegrum
318 1649 384 1689 est
416 1648 459 1688 et
490 1643 743 1702 Διομήδεος
774 1647 890 1705 facit,
921 1648 1055 1691 habet
1086 1648 1139 1700 ξς’
1172 1652 1491 1693 consonantem.

235 1719 334 1761 244.
384 1729 524 1761 GASVS
557 1729 592 1761 S.
625 1730 778 1762 OMNES
810 1719 979 1763 itineris
1012 1721 1189 1763 scilicet.
1234 1724 1277 1763 et-
1302 1722 1410 1764 bene
1436 1722 1650 1766 vilitatem
1678 1723 1825 1780 singu-
1852 1735 1897 1767 20

114 1791 254 1833 larum
275 1805 418 1832 rerum
438 1790 723 1846 generalitate
742 1791 907 1848 vitavit,
932 1807 986 1834 ne
1007 1793 1167 1836 diceret
1184 1793 1374 1847 flumina,
1394 1794 1586 1837 latrones
1609 1798 1651 1837 et
1670 1797 1824 1839 cetera.

112 1863 216 1905 mire
246 1865 382 1905 autem
412 1862 546 1904 multa
576 1866 773 1919 comesta,
803 1877 854 1906 ne
876 1865 1012 1918 possit
1040 1865 1089 1907 de
1120 1865 1344 1920 leyatorum
1374 1867 1532 1909 desidia
1562 1868 1688 1921 queri.

231 1933 330 1976 245.
381 1950 695 1982 CONTIGIMVSQVE
723 1952 870 1979 MANVM
906 1935 1011 1992 berte,
1042 1937 1163 1990 quasi
1192 1937 1401 1980 divinam:
1432 1939 1492 1981 sic
1523 1939 1669 1994 <243>
1703 1938 1821 1982 ‘vidi-

110 2019 220 2061 mus,
252 2019 275 2047 o
305 2006 424 2061 cives,
455 2004 723 2048 Diomedem'.
845 2018 939 2058 QVA
971 2018 1194 2051 coneum*
1227 2020 1325 2051 ILIA
1356 2021 1539 2053 TELLvs
1573 2010 1823 2066 ἐμφατικῶς

111 2077 220 2119 dixit
249 2092 328 2132 pro
362 2076 482 2119 ‘urbs
514 2077 630 2119 Ilia':
662 2093 764 2120 nam
795 2080 912 2120 terra
942 2093 1031 2121 non
1062 2079 1262 2134 concidit,
1295 2080 1367 2123 sed
1402 2081 1567 2137 civitas,
1597 2081 1745 2125 Ilium.
1846 2093 1891 2125 25

229 2148 327 2190 246.
377 2159 648 2191 ARGYRIPAM
674 2149 904 2192 Diomedes
935 2149 1020 2192 fuit
1049 2151 1100 2193 de
1127 2151 1304 2194 civitate
1331 2167 1440 2208 quae
1462 2153 1603 2210 Argos
1625 2153 1820 2210 Hippion

109 2219 277 2275 dicitur,
304 2220 355 2262 de
382 2235 466 2275 qua
489 2219 705 2264 Homerus
724 2217 911 2276 ’Ἄργεος
936 2219 1214 2278 ἱπποβότοιο,
1247 2223 1454 2266 Horatius
1482 2227 1656 2280 aptum
1683 2225 1820 2268 dicet

204 2329 248 2360 27
274 2325 474 2372 Homerus]
502 2326 543 2362 Il.
571 2326 606 2361 ΙΙ
632 2329 701 2362 287
733 2327 745 2373 ΙΙ
775 2326 966 2374 Horatius]
996 2338 1106 2364 carm.
1135 2327 1150 2361 I
1178 2331 1209 2374 7,
1236 2332 1256 2363 9

204 2424 223 2454 1
249 2419 411 2455 iactatur
436 2420 477 2455 F
493 2422 505 2468 ΙΙ
523 2425 544 2456 2
570 2421 718 2467 legatus
744 2422 791 2457 H
803 2464 806 2467 ,
820 2421 969 2468 legatur
995 2422 1045 2457 M
1058 2423 1070 2469 Η
1088 2423 1145 2470 ut]
1173 2424 1212 2459 et
1231 2424 1303 2459 AS
1320 2426 1332 2470 ΙΙ
1351 2428 1372 2460 3
1399 2424 1608 2461 diomedem
1630 2426 1671 2462 F
1684 2428 1697 2473 ΙΙ
1716 2431 1738 2462 4
1763 2429 1816 2464 la-

107 2467 207 2502 tinus
233 2466 306 2502 AS
323 2468 335 2514 ΙΙ
354 2468 450 2504 ratio
476 2480 543 2505 om.
563 2469 663 2504 HM
678 2471 691 2515 1}
716 2473 737 2504 5
764 2468 936 2505 constitit
959 2469 1033 2506 AS
1050 2471 1062 2516 ss
1081 2470 1275 2517 ecthlipsis
1303 2472 1343 2506 F
1378 2473 1536 2518 eclypsis
1563 2474 1695 2510 ΑΒΜ
1730 2476 1815 2512 ecli-

106 2514 184 2559 psis
203 2512 290 2550 RH
304 2515 318 2560 ΙΙ
337 2519 358 2550 6
384 2516 532 2561 legatur
551 2517 649 2551 HM
661 2519 674 2563 ss
694 2522 713 2553 7
740 2517 799 2565 ης]
826 2529 959 2564 qraeca
977 2529 1069 2564 quae
1087 2519 1130 2554 iri
1147 2519 1213 2555 hoc
1231 2520 1364 2556 scholio
1384 2521 1625 2557 inveniuntur
1650 2524 1690 2558 in
1711 2524 1816 2560 libris

106 2573 229 2597 moneo
261 2563 389 2598 latinis
421 2564 550 2600 litteris
581 2566 720 2611 scripta
745 2576 826 2601 esse.
875 2566 1112 2602 librariorum
1142 2577 1279 2603 errores
1309 2578 1428 2604 omnes
1452 2569 1495 2605 iri
1519 2570 1617 2605 hunc
1641 2576 1831 2608 commen-v

106 2610 243 2645 tarium
268 2611 508 2647 transcribere
532 2613 664 2649 inutile
687 2613 805 2649 visum
830 2617 889 2650 est.
911 2614 924 2659 ΙΙ
950 2617 970 2649 9
997 2613 1179 2649 miserunt
1204 2615 1249 2649 H
1263 2616 1274 2661 ΙΙ
1304 2619 1347 2651 10
1373 2627 1479 2651 suam
1505 2628 1571 2653 om.
1599 2619 1649 2653 M
1664 2620 1676 2664 ss
1707 2623 1748 2654 11
1777 2621 1815 2655 et

104 2657 181 2692 iam
206 2657 318 2693 debet
342 2658 383 2692 F
397 2659 410 2703 ΙΙ
440 2659 484 2693 ut
508 2670 592 2695 ecce
619 2688 627 2696 .
649 2689 657 2697 .
678 2689 685 2696 .
712 2660 805 2696 facit
829 2671 895 2696 om.
915 2661 952 2696 R
976 2662 988 2707 ΙΙ
1021 2665 1063 2696 12
1090 2662 1202 2707 plena
1226 2662 1429 2699 declinatio
1455 2665 1528 2711 est]
1555 2665 1668 2710 plena.
1693 2667 1814 2702 elocu-

103 2704 246 2740 tionem
270 2705 317 2739 H
329 2707 342 2750 1}
362 2709 404 2740 13
431 2717 499 2751 per
523 2708 737 2752 synaeresin
762 2719 910 2744 seruare
936 2707 1029 2744 facit
1053 2709 1094 2744 F
1109 2710 1121 2755 ΙΙ
1141 2713 1187 2744 14
1211 2710 1250 2757 v]
1278 2721 1323 2746 en
1349 2711 1422 2747 AS
1438 2713 1450 2757 ΙΙ
1478 2716 1521 2747 15
1548 2713 1647 2766 cum]
1676 2725 1742 2749 om.
1764 2714 1813 2758 R,

103 2763 179 2788 non
206 2752 251 2787 H
264 2753 277 2798 ΙΙ
306 2756 350 2789 16
376 2752 442 2799 sit]
468 2764 535 2789 om.
556 2753 660 2800 RH,
686 2755 798 2791 sitin
823 2755 865 2791 F
880 2757 892 2803 ΙΙ
909 2756 1161 2792 nominatiuus
1186 2758 1258 2793 AS
1277 2759 1289 2804 ΙΙ
1307 2758 1345 2805 ν]
1373 2770 1418 2794 en
1443 2759 1517 2795 AS
1534 2761 1546 2805 ΙΙ
1568 2764 1610 2796 17
1636 2772 1675 2796 in
1701 2773 1811 2807 gene-

103 2799 226 2835 tiuum
254 2799 295 2835 F
318 2801 331 2845 11
362 2801 428 2836 τοῦ
458 2802 713 2849 Θουκυδίδου]
739 2803 991 2839 thovcrdidov
1014 2803 1052 2838 A
1087 2817 1163 2839 τωῑ
1186 2805 1385 2841 tuchididu
1409 2807 1446 2842 R
1483 2808 1566 2843 totu
1592 2808 1746 2844 chididu
1771 2810 1818 2844 Η

103 2847 351 2892 totuchydidu
378 2849 427 2883 M
446 2849 539 2884 ·huc
564 2849 735 2886 udiditon
761 2850 802 2885 F
834 2851 847 2896 ss
885 2854 929 2886 18
955 2851 992 2897 c]
1026 2863 1063 2887 es
1088 2852 1124 2887 R
1161 2864 1203 2887 us
1230 2852 1271 2888 F
1300 2854 1312 2901 ΙΙ
1348 2854 1479 2901 habet]
1512 2856 1551 2890 et
1581 2856 1696 2892 habet
1722 2857 1773 2892 M
1800 2858 1812 2904 Η

104 2898 149 2930 20
175 2895 321 2931 uilitate
346 2895 421 2931 AS
461 2895 666 2932 utilitatem
693 2897 734 2932 F
766 2899 779 2944 ΙΙ
815 2902 859 2933 21
886 2898 1169 2944 generalitatem
1196 2899 1270 2936 AS
1309 2902 1536 2947 generalitas
1563 2903 1603 2938 F
1636 2905 1648 2950 ΙΙ
1684 2909 1729 2940 23
1762 2907 1811 2941 ad

103 2953 227 2978 inm
250 2954 276 2979 s.
303 2954 335 2978 v.
362 2943 507 2979 scilicet
532 2942 699 2980 diuinam
725 2944 760 2980 Τ
775 2947 788 2990 ΙΙ
805 2947 891 2989 fort.
916 2944 1010 2981 bene
1039 2947 1294 2993 ‘contigimus'
1315 2950 1328 2995 ss
1356 2953 1402 2985 24
1428 2950 1623 2987 diomeden
1650 2952 1684 2988 G
1702 2955 1715 2999 ΙΙ
1734 2963 1809 2988 em-

103 2988 276 3034 phaticos
295 2991 331 3025 A
370 2991 551 3027 enfaticos
576 2992 709 3037 reliqui
733 2993 745 3039 ΙΙ
769 2996 814 3028 25
840 2994 941 3028 terra
963 3005 1039 3030 non
1065 2995 1228 3031 concidit
1247 2996 1308 3031 M:
1334 2997 1484 3034 terrena
1510 2999 1622 3042 (terra
1647 3003 1709 3045 as)
1735 3012 1809 3036 non

104 3036 240 3072 cecidit
263 3038 337 3073 AS
371 3039 472 3075 terra
496 3039 666 3075 noncidit
690 3039 780 3075 RH
812 3042 960 3077 terrena
984 3053 1059 3078 non
1085 3042 1249 3079 concidit
1273 3043 1314 3078 F
1329 3045 1340 3091 ΙΙ
1360 3048 1404 3080 26
1429 3058 1655 3082 ARGYmPPAM
1680 3048 1753 3083 AS
1761 3049 1811 3082 M

101 3096 316 3120 ARGIBIPPAM
340 3085 429 3121 RH
465 3099 659 3122 Anemuri
690 3087 731 3122 F
763 3089 776 3134 ΙΙ
813 3088 1041 3135 argosippon
1064 3090 1137 3126 AS
1184 3091 1396 3137 argeripion
1423 3092 1459 3128 R
1501 3095 1742 3140 argorippion
1767 3095 1814 3130 H

103 3131 342 3177 argosippion
367 3134 460 3169 ΜΡ
486 3136 498 3181 ΙΙ
529 3139 574 3170 27
601 3135 646 3170 de
673 3135 764 3182 qua]
792 3134 881 3180 quia
905 3136 978 3172 AS
1006 3138 1019 3184 ΙΙ
1049 3150 1169 3174 apr01c
1193 3151 1411 3175 1nn0130r010
1437 3141 1511 3176 AS
1546 3143 1664 3187 Argos
1689 3153 1806 3188 yppo-

101 3179 223 3261 go-tyg
236 3179 273 3215 R
310 3191 418 3226 argos
443 3181 641 3229 ipsobotyo
662 3183 707 3218 H
740 3193 849 3228 argos
874 3182 1078 3231 ippobotyo
1099 3186 1148 3220 M
1181 3197 1290 3231 argos
1309 3186 1504 3232 ippobotio
1524 3189 1565 3223 F
1580 3191 1592 3235 Η
1611 3188 1704 3224 dicit
1723 3189 1810 3226 RF

126 3236 163 3260 ic
