2092 3614
557 245 707 283 COMM.
734 245 788 281 IN
812 245 954 282 VERG.
982 244 1093 282 AEN.
1121 246 1172 281 XI
1197 249 1398 282 529-543.
1746 245 1832 288 543

117 356 190 399 hoc
226 371 246 399 e
284 356 513 411 lonqinquo.
563 357 642 399 alii
678 371 706 398 a
738 357 870 399 latone
901 358 1058 410 caeptos
1088 370 1171 398 non
1201 357 1449 399 adducatus:
1488 363 1524 398 et
1553 357 1642 399 ideo
1667 359 1833 410 poetam

122 429 289 470 Triviae
320 429 520 470 custodem
556 427 679 481 Opim
709 428 932 470 induxisse.

238 499 336 541 534.
386 510 577 542 TRISTES
610 510 757 541 VOCES
790 499 989 540 habitum
1020 498 1195 540 futurae
1228 499 1436 540 orationis
1470 499 1674 541 ostendit.

238 570 336 613 535.
388 582 478 612 ORE
503 582 661 612 DABAT
689 570 976 625 pleonasmos.
1067 581 1259 612 BELLVM
1285 582 1348 611 AD
1377 581 1594 612 GRVDELE
1623 581 1833 612 CAMILLA

120 657 204 684 uno
239 642 369 684 verbo
403 641 565 683 exitum
597 641 659 682 rei
693 641 848 683 docuit.
1282 635 1287 648 ’

237 713 335 756 536.
395 730 414 755 o
453 730 564 755 Vffloo
594 713 765 766 quidam
795 713 853 754 ad
870 711 1096 754 Camillam
1123 712 1319 765 referunt,
1350 713 1451 766 quia
1476 714 1659 766 ineptum
1677 715 1835 766 putant

110 785 322 839 praesenti
354 783 434 838 Opi
470 784 600 825 dicere
638 783 681 825 ‘o
712 783 858 837 viryo'.
909 783 973 826 ‘o'
1011 787 1148 826 autem
1187 784 1409 826 interiectio
1446 787 1514 826 est.
1635 795 1832 827 NOSTRIS

118 867 396 907 NEQVIQVAM
430 866 657 896 CINGITVR
689 866 827 897 ARMIS
862 854 1053 897 ‘nostris'
1087 855 1243 910 quibus
1277 859 1460 910 utraque
1493 855 1749 910 gaudemus:
1786 858 1834 897 ut

121 927 250 969 etiam
287 927 384 981 ipsa
423 926 585 968 habeat
616 941 791 968 causam
824 926 986 968 doloris
1019 929 1062 968 et
1093 927 1270 969 maioris
1302 927 1562 968 iracundiae.
1625 930 1662 968 et
1693 926 1832 981 ‘cinyi-

117 997 198 1040 tur’
230 998 377 1040 nolunt
405 999 575 1052 quidam
599 1011 680 1040 esse
701 998 937 1051 passivum:
969 1012 1094 1052 neque
1118 999 1228 1040 enim
1252 998 1304 1040 ab
1330 998 1413 1040 alio
1438 999 1640 1052 cinyitur:
1666 999 1737 1040 sed
1760 998 1831 1052 ita,

116 1070 457 1123 quemadmodum
482 1070 635 1118 dictum
661 1073 719 1112 est
743 1068 946 1124 <11722>
970 1069 1200 1123 fulvique
1230 1070 1485 1111 insternor
1507 1069 1640 1123 pelle
1666 1070 1832 1112 lconis.

236 1141 334 1184 537.
393 1158 490 1183 CARA
522 1158 617 1183 mm
644 1158 750 1183 ANTE
780 1157 896 1183 arms
932 1144 1026 1183 ante
1064 1154 1200 1183 omnes
1231 1154 1348 1196 cara,
1386 1142 1571 1183 omnium
1602 1141 1832 1196 carissima,

115 1216 162 1255 ut
192 1212 286 1266 <111
319 1212 435 1267 321>
468 1227 490 1253 o
518 1213 648 1265 felix
678 1226 779 1254 una
809 1215 922 1254 ante
952 1213 1099 1254 alias.
1202 1223 1360 1262 NEQVE
1394 1223 1510 1254 ENIM
1542 1223 1694 1255 novvs
1726 1224 1830 1255 ls'rE

117 1296 295 1326 DIANAE
328 1296 470 1326 VENIT
503 1295 634 1326 AMOR
666 1284 877 1326 firmiores
911 1284 1023 1325 enim
1058 1286 1160 1325 sunt
1192 1283 1458 1339 antiquiores
1487 1283 1721 1326 amicitiae:
1755 1283 1831 1325 Te-

117 1355 282 1397 rentius
321 1369 411 1410 per
452 1355 750 1409 amicitiam,
791 1370 919 1410 quae
958 1358 1142 1411 coepta
1181 1370 1206 1396 a
1244 1355 1476 1410 parvulis
1515 1370 1624 1397 cum
1658 1357 1830 1397 aetate

117 1426 349 1469 adcrevit
393 1427 563 1481 simul,
607 1426 824 1468 Iuvenalis
864 1416 1240 1481 <VI-214>*il'1e
1285 1427 1592 1469 excludatur
1637 1427 1830 1469 amicus

116 1498 213 1540 iam
247 1498 436 1552 senior,
469 1498 614 1540 cuius
647 1497 859 1539 barbam
892 1501 981 1540 tua
1012 1498 1166 1540 ianua
1198 1497 1342 1540 vidit.

235 1569 336 1612 539.
384 1580 557 1612 PVLSVS
598 1581 658 1611 ΟΒ
696 1581 917 1611 INVIDIAM
962 1569 1129 1612 scilicet
1167 1569 1452 1624 erudelitati1s3
1497 1584 1599 1611 nam
1640 1570 1832 1625 sequitur

117 1641 261 1696 (568)
287 1655 447 1696 neque
480 1641 592 1695 ipse
624 1655 802 1682 manus
836 1641 1052 1682 feritate
1078 1641 1321 1684 dedisset.
1428 1658 1832 1689 VIRESQVESVPERBAS

114 1712 260 1766 quibus
289 1713 456 1766 superbe
488 1712 678 1765 [viribus]
711 1712 910 1754 utebatur.
959 1756 963 1759 ,

234 1783 332 1826 540.
383 1794 592 1833 ANTIQVA
629 1783 768 1825 nobili
812 1783 934 1838 urbe;
972 1798 1073 1826 nam
1107 1783 1204 1826 ‘hoc
1237 1783 1508 1827 Privernuni'
1543 1783 1712 1826 dicitur.

113 1873 244 1898 METAB
254 1872 296 1898 vs
331 1869 478 1896 nomen
514 1857 724 1908 sumptum
761 1855 809 1896 de
846 1853 1044 1896 historia:
1083 1855 1275 1898 Metabus
1309 1857 1418 1898 enim
1446 1856 1532 1909 fuit
1561 1856 1647 1898 dux
1680 1855 1831 1898 Graeci

114 1927 306 1981 ayminis‚
337 1927 409 1979 qui
439 1927 558 1968 iuxta
589 1925 888 1968 Hadriaticum
920 1940 1034 1968 mare
1064 1927 1204 1968 urbem
1235 1927 1526 1981 Metapontum
1557 1927 1748 1987 condidit.

233 1998 331 2040 543.
382 2014 533 2040 zvomms
559 2014 777 2040 CASMILLAE
806 1997 966 2040 Statius
995 1998 1217 2040 Tullianus
1247 1999 1295 2041 de
1325 1999 1531 2041 vocabulis
1560 2012 1700 2040 rerum
1727 1998 1829 2041 libro

107 2070 249 2124 primo
286 2070 349 2110 ait
379 2069 532 2110 dimisse
564 2068 865 2111 Callimachum
896 2070 1011 2122 apud
1043 2070 1194 2112 Tuscos
1225 2069 1450 2112 Camillum
1481 2069 1686 2124 appellari
1716 2070 1825 2112 Mer-

113 2141 286 2191 curium,
319 2154 398 2193 quo
428 2140 617 2182 vocabulo
648 2141 886 2194 siqnificant
916 2142 1083 2183 deorum
1100 2141 1459 2196 praeministrum,
1490 2142 1598 2183 unde
1624 2141 1829 2195 Veryilius

210 2261 254 2292 14
287 2256 496 2301 Terentius]
529 2255 642 2292 Andr.
671 2257 721 2291 111
748 2262 786 2301 3,
814 2262 834 2292 6
872 2258 884 2303 ΙΙ
920 2261 966 2292 24
994 2258 1136 2293 Statius
1163 2258 1358 2293 Tullianus
1385 2269 1416 2294 e.
1443 2270 1479 2303 q.
1506 2257 1552 2304 8.]
1589 2258 1634 2294 cf.
1662 2258 1827 2295 Macrob.

114 2306 190 2341 Sat.
218 2305 270 2339 III
296 2308 329 2348 8,
357 2308 377 2339 5
400 2316 500 2349 sqq.;
528 2304 644 2339 Varro
672 2305 706 2340 d.
735 2305 758 2340 l.
786 2305 809 2340 l.
837 2305 905 2340 VII
932 2309 978 2340 34

214 2415 234 2446 2
263 2410 409 2446 Triviae
435 2410 588 2446 Daniel:
615 2411 730 2446 triuia
754 2411 795 2446 F
828 2413 840 2457 ΙΙ
878 2416 898 2446 6
923 2423 951 2447 s.
979 2423 1010 2448 v.
1037 2416 1104 2448 536
1131 2412 1282 2456 quidam
1312 2412 1418 2458 uirgo
1446 2413 1492 2447 ad
1520 2412 1708 2448 camillam
1734 2413 1827 2448 refe-

118 2460 204 2494 runt
230 2486 238 2494 .
260 2485 267 2493 .
289 2486 297 2494 .
322 2456 534 2493 interiectio
561 2459 619 2493 est
646 2459 679 2493 Τ
708 2460 720 2503 n
753 2463 772 2494 7
798 2459 920 2494 dicere
951 2459 997 2494 T:
1025 2460 1177 2495 duceret
1202 2460 1241 2494 F
1270 2461 1281 2507 ΙΙ
1313 2470 1334 2494 o
1361 2459 1467 2505 virgo
1493 2471 1560 2497 om.
1590 2461 1623 2495 T
1644 2462 1663 2506 -u
1697 2472 1717 2496 o
1744 2465 1829 2496 ante

119 2507 244 2542 autem
270 2506 390 2541 omisit
414 2505 553 2541 Daniel
571 2508 582 2552 ΙΙ
603 2506 744 2553 autem]
770 2507 807 2541 in
834 2506 916 2542 loco
943 2507 1014 2542 hoc
1040 2508 1124 2543 add.
1156 2506 1188 2542 T
1202 2509 1214 2552 ΙΙ
1244 2511 1264 2542 8
1291 2507 1427 2542 nostris
1453 2519 1519 2543 om.
1545 2508 1620 2543 AS
1637 2509 1650 2554 ΙΙ
1668 2509 1827 2552 utraque

120 2553 228 2589 HM:
255 2555 455 2598 utrumque
479 2553 552 2588 AS
589 2554 738 2599 utrique
764 2554 800 2589 R
837 2556 993 2600 utreque
1020 2555 1059 2589 F
1093 2556 1104 2602 ΙΙ
1142 2555 1199 2601 ut]
1227 2556 1287 2590 uel
1315 2555 1355 2590 F
1388 2557 1400 2602 ΙΙ
1437 2559 1458 2590 9
1486 2555 1617 2602 etiam]
1653 2555 1728 2591 iam
1754 2555 1829 2591 AS

119 2602 233 2636 etiam
259 2602 298 2636 et
323 2600 363 2634 F
378 2602 390 2645 ΙΙ
420 2601 503 2646 ipsa,
526 2601 563 2635 R
599 2600 678 2646 ipse
706 2601 746 2636 F
761 2603 772 2648 ΙΙ
804 2602 924 2637 habea
949 2602 984 2636 R
1010 2603 1022 2647 ΙΙ
1050 2604 1099 2638 ad
1124 2614 1155 2638 v.
1184 2606 1252 2638 536
1277 2603 1319 2638 in
1343 2614 1458 2649 τηαν-9.
1485 2603 1638 2648 quidam
1664 2603 1828 2648 cingitur

117 2649 250 2684 nolunt-
277 2676 283 2683 .
306 2676 313 2682 .
336 2675 343 2682 .
370 2648 488 2683 leonis
517 2648 550 2682 T
567 2649 579 2694 ΙΙ
611 2653 654 2683 10
680 2649 778 2684 enim
805 2661 870 2685 om.
902 2650 934 2683 T
957 2652 969 2694 ΙΙ
1002 2654 1043 2684 11
1070 2650 1383 2696 quemadmodum
1411 2651 1552 2685 dictum
1578 2652 1637 2686 est
1662 2662 1727 2686 om.
1754 2650 1795 2685 F
1816 2650 1829 2698 Η

117 2695 206 2731 felle
227 2695 267 2730 F
282 2698 294 2739 ΙΙ
314 2699 357 2729 12
378 2695 428 2730 ad
446 2708 537 2730 ANTE
556 2707 590 2730 A.
609 2707 636 2731 3.
657 2707 689 2732 v.
709 2696 748 2731 id
768 2700 825 2732 est
843 2698 930 2732 ante
952 2709 1078 2732 omnes
1097 2700 1136 2733 et
1155 2698 1319 2733 omnium
1347 2698 1539 2733 carissima
1562 2698 1594 2732 T
1612 2699 1623 2744 ΙΙ
1645 2702 1688 2733 15
1716 2709 1825 2743 coep-

116 2745 158 2778 ta
181 2743 292 2777 RM:
324 2744 455 2788 tuepta
480 2742 523 2776 H
556 2743 697 2788 incepti
721 2744 794 2779 AS
829 2744 979 2789 incepta
1005 2744 1045 2779 F
1078 2746 1090 2791 ΙΙ
1129 2749 1172 2780 16
1197 2746 1362 2781 accreuit
1386 2745 1423 2780 A
1468 2745 1611 2780 acreuit
1636 2746 1664 2780 S
1701 2746 1826 2781 decre—

118 2791 175 2826 uit
200 2790 244 2825 H
278 2792 289 2836 ΙΙ
326 2789 437 2825 simul
461 2790 595 2834 ASF:
629 2789 803 2826 similiter
827 2791 971 2827 BHM
1004 2792 1195 2836 (adcrevit.
1236 2792 1409 2828 similiter
1435 2792 1622 2828 Iuvenalis
1654 2794 1827 2830 distinxit

118 2838 339 2884 Stephanus)
359 2838 370 2884 ΙΙ
401 2837 560 2872 amicum
586 2838 684 2872 HM
703 2839 715 2884 ΙΙ
749 2841 790 2873 17
817 2839 934 2874 barba
960 2839 999 2874 F
1021 2841 1032 2885 ΙΙ
1064 2843 1106 2875 19
1131 2840 1268 2887 neque]
1298 2840 1396 2876 enim
1423 2841 1505 2876 add.
1535 2839 1575 2875 F
1590 2841 1603 2885 ΙΙ
1634 2842 1683 2876 ad
1707 2853 1826 2877 vinas-

118 2899 186 2926 QVE
213 2898 238 2921 s.
266 2896 293 2921 s.
319 2896 351 2920 v.
378 2885 512 2929 quibus
538 2885 694 2930 superbe
721 2886 897 2920 utebatur
925 2887 958 2921 T
992 2888 1004 2933 ΙΙ
1041 2891 1085 2922 22
1112 2889 1161 2923 acl
1185 2900 1345 2923 Μυκη
1371 2899 1398 2923 s.
1425 2899 1457 2923 v.
1483 2899 1619 2923 nomen
1646 2916 1653 2924 .
1676 2916 1683 2923 .
1705 2916 1712 2924 .
1741 2900 1825 2924 con-

118 2932 215 2968 didit
237 2933 270 2967 T
284 2934 296 2977 ΙΙ
315 2933 516 2978 sumptum]
536 2934 700 2968 tractum
722 2933 755 2967 T
771 2934 783 2979 ΙΙ
801 2933 989 2980 Metabus]
1010 2933 1071 2970 hic
1095 2935 1127 2969 T
1145 2936 1156 2981 ΙΙ
1174 2935 1262 2981 fuit]
1286 2935 1365 2969 sant
1379 2935 1419 2970 F
1434 2936 1447 2980 ΙΙ
1467 2940 1511 2970 23
1531 2936 1659 2971 urbem
1679 2947 1745 2972 om.
1765 2936 1798 2970 T
1814 2935 1825 2983 Η

117 2984 163 3015 24
190 2980 331 3015 Statius
350 2979 544 3015 Tullianus
566 3008 572 3015 .
595 3008 603 3015 .
624 3007 632 3014 .
653 2980 931 3024 praeministros
956 2982 1037 3017 hab.
1056 2982 1088 3016 T
1105 2983 1118 3028 ΙΙ
1136 2983 1317 3018 uocabilis
1340 2982 1374 3017 G
1393 2985 1404 3028 ΙΙ
1423 2982 1479 3018 ait
1504 2983 1599 3019 libro
1625 2983 1746 3029 primo
1764 2983 1797 3017 T
1814 2985 1824 3029 Η

116 3027 154 3062 in
181 3027 277 3062 libro
298 3027 332 3063 G
350 3029 362 3073 ΙΙ
384 3031 426 3062 25
453 3027 522 3073 ait]
550 3029 615 3062 aut
637 3026 671 3061 G
690 3029 702 3073 11
722 3026 1029 3075 casssllamachum
1056 3032 1108 3074 (m
1133 3031 1276 3065 videtur
1298 3031 1460 3066 radendo
1479 3032 1644 3075 deletum,
1671 3032 1823 3066 alterum

118 3087 140 3109 a
159 3076 200 3109 in
219 3074 233 3108 i
251 3076 406 3110 mutavit
431 3075 508 3111 ead.
529 3077 641 3120 man.)
665 3075 698 3109 T
733 3074 987 3111 callimadium
1007 3076 1047 3111 F
1063 3079 1075 3124 ΙΙ
1094 3078 1193 3121 apud
1219 3078 1341 3112 tuscos
1365 3077 1412 3112 T:
1441 3078 1540 3123 apud
1567 3078 1647 3113 dios
1674 3089 1766 3122 quos
1787 3076 1828 3112 F

117 3121 275 3167 apudios
301 3133 392 3167 quos
419 3122 462 3158 G.
501 3121 640 3157 Tuscos
666 3133 732 3157 om.
759 3123 898 3159 Daniel
933 3125 945 3170 ΙΙ
982 3124 1170 3159 camillam
1200 3125 1384 3170 appellari
1411 3125 1450 3159 F
1485 3124 1669 3170 appellari
1694 3124 1822 3159 camil-

118 3170 193 3205 lam
221 3169 264 3211 T,
289 3170 490 3206 emendavit
517 3170 756 3206 Gommelinus
774 3171 786 3215 Η
813 3170 1019 3207 mercurius
1039 3171 1072 3207 G
1097 3173 1109 3216 {l
1139 3176 1184 3207 26
1211 3170 1422 3216 significant
1449 3173 1682 3207 Macrobius:
1710 3172 1821 3218 signi-

117 3217 248 3252 ficatur
273 3216 354 3251 FT
367 3218 380 3262 ΙΙ
404 3216 572 3252 ideorum
599 3216 640 3252 F
655 3219 666 3264 ΙΙ
691 3217 961 3262 priministrum
989 3218 1023 3254 G
1060 3218 1269 3254 ministrum
1298 3218 1436 3255 Daniel
1454 3220 1465 3265 ΙΙ
1484 3219 1663 3264 uergilius
1690 3219 1730 3254 F

1859 650 1879 681 5

1859 1006 1902 1038 10

1859 1364 1901 1395 15

1855 1721 1900 1753 20

1854 2062 1899 2110 25
