2092 3614
231 1022 274 1053 10

231 1379 273 1410 15

231 1736 277 1767 20

236 2094 280 2125 25

299 262 384 303 378
1072 259 1231 295 SERVH

297 370 478 412 Homeri
511 358 678 423 versus,
709 371 882 411 tantum
913 370 1216 412 coniunctione
1250 372 1434 412 mutata:
1477 369 1587 411 unde
1620 371 1800 424 apparet
1831 383 1916 411 non
1949 368 2000 411 ad

297 442 545 497 historiam,
578 441 652 483 sed
684 441 739 482 ad
770 443 971 483 ornatum
1004 441 1218 496 poematis
1250 441 1356 483 haec
1387 441 1563 483 nomina
1594 441 1819 495 pertinere.

420 513 517 555 765.
567 524 856 555 TENDENTEM
889 524 1073 555 CONTRA
1106 513 1151 554 in
1183 527 1227 554 se
1258 512 1486 554 facientem
1518 512 1739 567 impetum.

421 585 517 626 768.
568 595 663 626 CVM
695 595 850 626 GALEA
883 595 1040 625 LONGE
1074 595 1230 626 1Acv1'r
1265 595 1413 625 CAPv'r
1454 583 1506 624 ad
1545 583 1864 638 exprimendam
1896 583 2004 625 eele—

298 657 474 698 ritatem
518 655 751 710 praeterito
797 670 899 697 usus
941 657 1007 696 est
1043 657 1250 709 tempore.
1311 654 1506 710 potuisse
1550 657 1693 696 autem
1737 656 1865 710 caput
1907 669 2003 696 cum

301 727 427 783 galea
458 727 591 783 longe
622 725 725 781 iaci,
755 726 996 780 praemissa
1026 726 1109 768 loci
1143 725 1327 768 altitudo
1361 725 1587 781 significat.
1637 740 1739 782 ergo
1770 741 1866 768 eum
1892 741 2003 768 com-

299 800 441 842 minus
466 813 716 855 percussum
743 798 1059 854 intellegamus,
1085 798 1157 840 sed
1184 800 1352 840 tantam
1379 798 1464 840 vim
1491 798 1601 840 ictus
1631 797 1772 852 fuisse,
1803 800 1852 839 ut
1875 798 2003 853 longe

299 873 430 926 caput
461 872 690 912 excuteret.

421 942 516 984 769.
567 952 786 983 FELICIOR
812 940 1011 995 periti0r;
1044 956 1145 982 nam
1171 941 1214 982 in
1241 941 1451 997 ungendis
1478 941 1575 982 telis
1601 956 1690 983 non
1716 942 1782 982 est
1806 939 2007 995 felicitas,

301 1014 375 1056 sed
406 1013 570 1068 peritia.
621 1027 725 1054 sane
757 1026 834 1054 nec
865 1012 1013 1068 ‘ungo'
1047 1027 1126 1054 nec
1150 1011 1422 1068 ‘ungentum'
1456 1028 1481 1054 u
1508 1013 1679 1067 recipit,
1711 1013 1888 1066 excepto
1920 1027 2004 1053 uno

299 1086 493 1139 nomine,
531 1087 579 1126 ut
611 1083 835 1139 ‘unguen'3
875 1083 986 1126 unde
1018 1086 1084 1126 est
1116 1086 1166 1125 et
1204 1084 1421 1139 pingues
1460 1084 1687 1140 unguine
1726 1097 1880 1125 ceras.
1942 1084 2008 1124 est

301 1159 446 1199 autem
481 1156 591 1197 mira
625 1155 839 1197 brevitate
870 1155 1044 1197 inducta
1076 1155 1319 1210 descriptio.

421 1228 518 1269 770.
569 1238 852 1277 FERRVMQVE
892 1238 1082 1268 ARMARE
1122 1238 1311 1269 VENENO
1354 1227 1545 1281 speciose
1586 1226 1747 1269 dietum
1789 1225 2010 1268 ‘armabat

300 1298 495 1354 ferrum',
527 1313 612 1353 quo
643 1313 723 1340 nos
757 1313 925 1340 armare
956 1298 1274 1340 consuevimus:
1306 1302 1352 1340 ut
1375 1313 1424 1340 ex
1447 1302 1640 1341 venenato
1669 1299 1780 1352 ferro
1805 1297 2008 1340 vehemen-

302 1372 383 1414 tius
414 1374 452 1412 et
474 1370 747 1425 perniciosius
777 1370 928 1412 vulnus
957 1370 1022 1412 sit.

422 1443 517 1484 771.
562 1452 743 1483 AMICVM
766 1452 985 1483 CRETHEA
1004 1453 1139 1484 MVSIS
1160 1443 1334 1496 poetam
1354 1441 1547 1497 lyricum.
1580 1443 1623 1482 et
1646 1442 1730 1483 tale
1752 1443 1818 1483 est
1837 1441 2010 1483 schema

300 1529 378 1569 per
420 1513 743 1568 repetitionem,
787 1514 837 1554 ut
875 1512 943 1567 <X
979 1512 1091 1566 180>
1134 1513 1369 1568 sequitur
1413 1513 1791 1568 pulcherrimus
1835 1513 2010 1568 Astur,

302 1586 463 1627 Astur
495 1599 622 1640 equo
654 1583 836 1625 fidens.

425 1657 521 1698 772.
571 1672 766 1698 MVSARVM
794 1671 967 1698 comum
994 1654 1077 1698 ium
1108 1669 1152 1697 re
1182 1670 1277 1698 vera
1309 1655 1534 1708 ‘comitem',
1565 1656 1635 1698 sed
1665 1655 1898 1698 carminum
1927 1658 2010 1698 stu-

302 1729 475 1771 diosum.

425 1799 522 1841 773.
571 1810 886 1849 NVMEROSQVE
918 1810 1193 1839 INTENDERE
1226 1811 1395 1841 NERVIS
1433 1798 1663 1853 rhythmos
1701 1798 1841 1840 facere
1873 1798 2011 1840 inten-

304 1871 423 1913 tione
453 1885 701 1912 nervorum:
734 1885 836 1911 nani
867 1870 1034 1911 numeri
1066 1872 1167 1911 sunt
1197 1870 1410 1925 rhythmi,
1442 1872 1490 1912 ut
1520 1885 1756 1912 numeros
1788 1870 2013 1925 memini,

306 1942 348 1984 si
379 1942 537 1984 verba
568 1944 806 1983 tenerem.
861 1940 944 1983 hoc
975 1954 1077 1997 ergo
1110 1941 1232 1984 dicit:
1266 1942 1499 1984 secundum
1533 1941 1716 1984 chordas
1749 1941 1882 1984 verba
1914 1956 2012 1984 con—

307 2014 509 2068 ponebat.
1199 2009 1201 2011 ’

428 2084 525 2127 775.
574 2096 751 2127 AVDITA
777 2095 930 2127 CAEDE
958 2096 1145 2128 SVORVM
1171 2087 1315 2127 servat
1338 2081 1388 2127 τὸ
1415 2082 1604 2140 πρέπον,
1635 2099 1689 2126 116
1714 2084 2012 2140 praesentibus

308 2156 487 2198 ducibus
520 2155 689 2197 Turnus
720 2157 788 2197 tot
820 2158 988 2212 strages
1021 2155 1174 2198 fecisse
1207 2155 1415 2198 videa-tur.

428 2228 524 2270 778.
575 2239 669 2277 Qvo
696 2239 876 2269 DEINDE
904 2239 1066 2270 FVGAM
1098 2229 1172 2270 aut
1202 2229 1327 2269 vacat
1352 2226 1551 2283 ε1161111119,
1580 2230 1629 2270 ut
1660 2226 1864 2269 ‘tandem’
1897 2226 2014 2283 ‘gen-

406 2372 423 2402 1
451 2367 622 2414 Homeri]
655 2368 697 2404 Il.
725 2367 757 2402 V
784 2371 862 2403 678.
902 2367 946 2403 cf.
973 2368 1135 2403 Macrob.
1164 2368 1240 2403 Sat.
1268 2367 1301 2402 V
1327 2371 1454 2411 17,17
1492 2369 1503 2414 ΙΙ
1543 2371 1584 2402 11
1618 2369 1654 2402 et
1680 2367 1855 2415 pingues]
1888 2379 2013 2414 georg.

309 2416 360 2497 {³11
386 2417 549 2497 4511))ζ1141ξ
577 2414 743 2460 speciose
771 2443 778 2450 .
800 2442 807 2449 .
830 2443 837 2450 .
866 2415 1139 2461 consuevimus]
1168 2414 1213 2451 cf.
1241 2414 1402 2451 Maerob.
1431 2415 1506 2451 Sat.
1533 2415 1584 2450 Vl
1605 2415 1797 2460 6,171122
1823 2416 2012 2462 numeros]

336 2474 390 2497 uc.

409 2585 425 2615 1
455 2581 616 2627 mutata]
636 2577 863 2623 ’Ἄλκανδρόν
889 2577 934 2615 θ’
953 2575 1073 2614 ’Ἅλιόν
1098 2594 1137 2615 τε
1166 2578 1350 2626 Νοήμονά
1377 2594 1415 2616 τε
1443 2577 1637 2623 Πρύτανίν
1663 2593 1702 2615 τε
1729 2582 1812 2617 add
1827 2581 1867 2615 D
1884 2582 1897 2627 ΙΙ
1915 2585 1938 2616 4
1962 2594 2014 2617 1A-

311 2642 389 2663 cvm*
413 2642 527 2663 nones
552 2628 625 2663 As
652 2629 664 2674 ss
696 2632 716 2662 6
743 2638 831 2672 ergo
859 2655 865 2662 .
889 2657 896 2663 .
919 2655 926 2661 .
954 2629 1144 2662 excuteret
1168 2640 1235 2663 om.
1263 2629 1302 2663 F
1327 2630 1338 2674 ΙΙ
1370 2632 1388 2663 7
1416 2628 1578 2675 tantam]
1606 2631 1684 2663 tam
1710 2629 1783 2663 AS
1808 2632 1914 2673 (corr.
1940 2631 1977 2674 a)
2005 2630 2015 2674 ΙΙ

312 2677 457 2711 tantam
485 2689 515 2711 v.
538 2676 579 2721 i.]
607 2678 684 2710 tam
710 2675 832 2710 uictus
853 2675 896 2708 H
911 2675 923 2720 11
952 2679 972 2709 9
999 2688 1160 2710 1111161011
1179 2675 1275 2711 LF:
1302 2689 1462 2711 rssfflcivs
1488 2677 1620 2720 reliqui
1638 2677 1650 2722 ΙΙ
1668 2675 1823 2721 peritior
1841 2676 1893 2711 L:
1919 2677 2014 2721 peri-

311 2724 386 2758 tius
411 2724 544 2768 reliqui
562 2724 574 2769 ΙΙ
592 2722 774 2767 ungendis
794 2721 827 2756 L
854 2724 1086 2767 (quamquam
1110 2724 1307 2758 alterumn
1332 2725 1374 2759 iu
1392 2735 1464 2759 ras.
1486 2725 1528 2767 1)·
1555 2723 1752 2768 iungendis
1776 2722 1816 2758 F
1851 2735 2014 2768 unguen-

313 2771 370 2805 dis
389 2771 523 2816 reliqui
539 2771 552 2815 ΙΙ
574 2774 617 2805 10
643 2769 759 2814 ungo]
786 2771 973 2823 unguento
994 2770 1065 2814 ΗΙΙ
1084 2773 1314 2815 unguentum
1333 2771 1401 2806 Fh
1419 2772 1431 2817 ΙΙ
1453 2775 1493 2806 11
1516 2771 1617 2817 ut]q
1621 2771 1692 2805 uod
1712 2772 1770 2805 est
1791 2771 1848 2813 M,
1868 2782 1933 2807 om.
1948 2771 1985 2805 R
2003 2770 2016 2817 Η

313 2830 436 2871 ungen
461 2818 497 2852 R
535 2829 697 2862 unouem
723 2816 763 2851 F
779 2817 791 2862 ΙΙ
809 2815 959 2861 pinguis
985 2817 1021 2851 R
1040 2818 1051 2862 ΙΙ
1082 2821 1123 2852 13
1151 2819 1316 2862 speciose
1342 2846 1349 2853 .
1373 2846 1380 2854 .
1402 2819 1576 2854 .ferrum
1600 2829 1666 2853 om.
1694 2817 1735 2852 F
1749 2818 1762 2863 ΙΙ
1788 2821 1832 2852 14
1858 2829 1930 2862 quo
1956 2830 2014 2853 ar—

312 2865 407 2900 mari
433 2864 694 2900 consueuimus
720 2863 760 2899 F
786 2865 799 2910 ΙΙ
835 2867 1080 2899 consueuerat
1105 2865 1140 2899 L
1166 2867 1269 2910 (cor-‚r
1298 2867 1324 2911 l)
1356 2868 1368 2910 ΙΙ
1406 2867 1454 2901 ad
1480 2878 1688 2905 immutavi-2
1711 2876 1744 2900 A.
1773 2876 1806 2899 v.
1832 2875 1859 2899 s.
1885 2876 1917 2900 v.
1944 2865 2015 2900 hoc

314 2914 512 2957 propterea
537 2912 629 2947 dicit
654 2913 696 2946 ut
722 2922 766 2946 ex
789 2912 974 2946 uenenato
1006 2912 1102 2947 ferro
1134 2913 1269 2947 uulnus
1300 2913 1558 2948 uehementius
1587 2914 1626 2947 et
1648 2910 1892 2956 perniciosius
1918 2914 2017 2947 esset

314 2961 443 2994 contra
469 2959 565 2994 feras
595 2960 627 2994 T
643 2960 656 3005 ΙΙ
690 2963 732 2994 15
758 2957 988 3012 perniciosus
1015 2958 1055 2993 F
1089 2959 1313 3003 pel-uitiosus
1340 2961 1373 2996 G
1393 2961 1404 3006 ΙΙ
1432 2961 1483 2996 ad
1505 2971 1682 2995 AEOLIDEN
1707 2960 1806 3004 (771)
1829 2970 1857 2994 8.
1883 2971 1915 2994 v.
1943 2960 2016 2995 eoli

314 3006 433 3042 filium
459 3007 567 3051 quasi
594 3007 735 3042 diceret
760 3004 903 3051 optimo
929 3006 1107 3051 sanguine
1139 3010 1356 3051 generatum
1386 3008 1418 3042 T
1446 3008 1458 3054 ΙΙ
1497 3011 1540 3042 16
1566 3018 1726 3041 camum
1751 3006 1850 3041 RH:
1884 3020 2015 3042 cssmm

314 3053 475 3090 ASL1‹
510 3066 648 3088 cneum
676 3055 725 3088 M
741 3055 753 3099 ss
776 3058 816 3088 19
843 3064 916 3088 non
942 3082 951 3090 .
973 3081 980 3088 .
1003 3080 1010 3087 .
1037 3054 1244 3089 studiosum
1270 3056 1351 3090 hab.
1381 3055 1413 3090 T
1430 3056 1441 3101 ΙΙ
1461 3053 1665 3090 studiosum
1690 3064 1756 3089 om.
1778 3053 1817 3087 F
1833 3054 1845 3098 ΙΙ
1873 3058 1918 3089 23
1944 3055 2015 3090 hoc

315 3102 415 3136 enim
440 3101 475 3136 R
493 3103 506 3145 ΙΙ
525 3102 630 3174 ὴοαι.
652 3128 659 3135 .
682 3129 689 3136 .
717 3102 951 3146 conponebat
976 3112 1042 3136 om.
1069 3101 1109 3135 F
1124 3102 1136 3146 ΙΙ
1165 3106 1209 3137 25
1232 3104 1360 3138 seruat
1385 3114 1583 3137 mormorion
1608 3100 1680 3135 AS
1718 3102 1843 3135 seruat
1865 3115 1907 3137 :ro
1932 3114 2015 3137 upo-

315 3197 385 3218 uos
416 3183 453 3218 R
497 3194 674 3219 seruatori
706 3196 846 3219 nrt-:non
871 3184 905 3219 L
948 3184 1096 3219 seruato
1127 3197 1276 3220 uranon
1302 3185 1347 3220 H
1386 3185 1510 3220 seruat
1540 3197 1583 3219 ro
1614 3196 1750 3219 umuon
1778 3184 1827 3218 M
1869 3186 2016 3220 seruato

315 3232 416 3276 Fpon
441 3230 482 3265 F
497 3232 509 3276 ΙΙ
540 3235 585 3266 26
610 3231 799 3266 uideretur
823 3231 864 3266 F
885 3233 897 3277 ΙΙ
925 3235 969 3267 27
996 3244 1088 3271 Qvon
1115 3232 1187 3267 AS
1223 3245 1362 3272 Qvonvn
1389 3231 1430 3267 F
